2675 4559
486 230 615 297 378
1094 239 1173 292 M.
1211 236 1487 294 TULLII
1521 233 1926 292 CICERONIS

488 364 739 452 scripsi,
775 362 954 447 quod
982 372 1048 427 et
1088 361 1305 446 ipsum
1342 357 1856 445 Commagenum
1888 355 2088 441 legati
2121 353 2405 420 dicebant
2434 353 2502 415 ad

490 471 780 526 senatum
826 455 1043 522 sta-tim
1083 455 1342 520 nuntios
1375 453 1748 538 litterasque
1784 451 2062 526 misisse,
2111 461 2177 514 et
2217 446 2504 514 existima-

488 555 639 618 bam
686 551 787 616 M.
833 549 1146 616 Bibulum
1196 548 1478 635 procos„
1539 547 1656 632 qui
1709 545 1960 612 circiter
2011 543 2175 608 Idus
2227 540 2394 609 Sext.
2440 540 2506 604 ab

485 645 749 734 Epheso
780 645 851 709 in
871 641 1129 730 Syriam
1162 643 1436 708 navibus
1473 641 1802 728 profectus
1827 650 1984 716 erat,
2023 636 2202 722 quod
2232 633 2505 702 secundos
2599 703 2601 730 ⁴

484 752 711 806 ventos
762 738 1121 816 habuisset,
1174 737 1307 802 iam
1354 737 1425 800 in
1475 735 1872 821 provinciam
1923 755 2113 798 suam
2161 729 2506 816 pervenisse,
2600 733 2601 796 ἒ

488 835 671 900 cuius
704 834 933 900 litteris
967 832 1184 898 omnia
1216 832 1488 896 certiora
1519 831 1839 917 perlatum
1872 828 1951 893 iri
1971 827 2068 893 ad
2102 835 2384 892 senatum
2415 845 2508 907 pu·

488 931 729 996 tabam.
782 929 961 1005 mihi,
996 941 1071 994 ut
1102 929 1172 992 in
1196 928 1333 993 eius
1359 926 1536 991 modi
1562 947 1634 992 re
1661 937 1967 1009 tantoque
2003 923 2200 999 bello,
2233 919 2508 984 maximae

490 1047 682 1092 curae
716 1036 835 1100 est,
868 1035 961 1100 ut,
996 1045 1165 1107 quae
1200 1021 1402 1106 copiis
1439 1030 1503 1087 et
1532 1019 1765 1106 opibus
1793 1029 2016 1095 ,tenere
2043 1015 2158 1100 vix
2191 1031 2509 1100 possumus,

490 1143 570 1192 ea
601 1115 1089 1184 mansuetudine
1114 1125 1180 1180 et
1204 1113 1595 1181 continentia
1621 1124 1860 1188 nostra,
1897 1110 2222 1176 sociorum
2245 1105 2510 1171 fidelitate
2599 1105 2601 1130 ⁷

490 1226 839 1280 teneamus.
910 1222 982 1274 tu
1016 1209 1229 1284 velim,
1266 1219 1339 1273 ut
1373 1205 1716 1284 consuesti,
1751 1227 1868 1271 nos
1905 1203 2192 1270 absentis
2225 1200 2434 1286 diligas
2463 1207 2511 1262 et

492 1305 820 1372 defendas.
1531 1387 1542 1396 ἱ
2089 1335 2094 1342 .

1468 1451 1572 1506 IV.

886 1552 1003 1611 Scr.
1024 1553 1085 1608 in
1104 1552 1304 1610 Cilicia
1320 1570 1512 1608 mense
1529 1551 1795 1609 Ianuario
1814 1569 1866 1606 a.
1886 1567 1942 1606 u.
1963 1567 2009 1606 c.
2033 1551 2156 1606 ⁷04.

864 1657 945 1717 M.
990 1653 1265 1712 CICERO
1312 1655 1474 1710 IMP.
1521 1653 1579 1711 S.
1626 1655 1700 1709 D.
1737 1654 1815 1708 M.
1862 1651 2180 1710 CATONI.

430 1805 456 1844 ι
620 1771 892 1841 Summa
934 1783 1049 1836 tua
1080 1771 1428 1836 auctoritas
1470 1769 1626 1836 fecit
1657 1789 2004 1851 meumque
2052 1777 2418 1854 perpetuum
2447 1759 2508 1824 de
2601 1803 2603 1814 ‹

491 1879 604 1932 tua
644 1865 955 1953 singulari
997 1865 1233 1932 virtute
1274 1864 1615 1940 iudicium,
1669 1874 1742 1928 ut
1785 1862 2007 1948 magni
2064 1883 2211 1929 mea
2249 1861 2508 1924 interesse

438 1970 443 1976 '
486 1972 782 2048 putarem
824 1971 891 2026 et
931 1981 1033 2026 res
1086 1981 1227 2037 eas,
1278 1981 1446 2043 quas
1487 1959 1859 2044 gessissem,
1913 1956 2034 2021 tibi
2077 1966 2262 2020 notas
2304 1973 2426 2018 esse
2460 1955 2508 2011 et
2601 2023 2603 2028 .

486 2078 617 2120 non
660 2055 942 2142 ignorari
988 2077 1028 2118 a
1067 2057 1194 2131 te:
1218 2076 1352 2139 qua
1407 2053 1728 2138 aequitate
1781 2065 1846 2118 et
1897 2051 2293 2116 continentia
2335 2058 2506 2111 tuerer

488 2150 695 2214 socios
729 2150 1254 2236 provinciamque
1290 2149 1826 2224 administrarem3
1861 2147 1940 2212 iis
1967 2147 2146 2214 enim
2173 2169 2212 2210 a
2246 2157 2305 2208 te
2331 2137 2504 2225 cogni-

486 2243 569 2306 tis
614 2242 973 2308 arbitrabar
1018 2242 1275 2308 facilius
1307 2264 1414 2307 me
1459 2242 1578 2307 tibi
1619 2262 1786 2326 quae
1831 2240 2068 2308 vellem
2114 2239 2503 2325 probaturum·

424 2363 453 2408 2
486 2355 635 2400 cum
668 2335 737 2399 in
772 2334 1169 2420 provinciam
1192 2357 1289 2420 pr.
1318 2336 1410 2400 Κ.
1433 2333 1614 2403 Sext.
1651 2336 1972 2402 venissem
2007 2346 2076 2401 et
2111 2343 2360 2422 propter
2389 2323 2506 2392 anni

486 2439 739 2512 tempus
758 2427 842 2492 ad
868 2427 1220 2495 exercitum
1238 2429 1398 2496 mihi
1429 2430 1768 2495 confestim
1786 2451 1924 2496 esse
1943 2429 2231 2496 eundum
2248 2425 2504 2492 viderem,

486 2521 757 2588 biduum
806 2520 1171 2588 Laodiceae
1232 2523 1329 2587 fui
1343 2571 1362 2600 ,
1423 2523 1654 2590 deinde
1711 2525 2046 2609 Apameae
2098 2518 2504 2606 quadriduum,

487 2615 771 2682 triduum
808 2613 1154 2703 Synnadis,
1190 2617 1458 2683 totidem
1487 2617 1625 2684 dies
1641 2618 2038 2694 Philome1ii3
2076 2617 2305 2702 quibus
2337 2612 2397 2676 in
2418 2629 2505 2692 op-

488 2711 655 2797 pidis
714 2732 864 2778 cum
926 2711 1146 2797 magni
1200 2723 1555 2778 conventus
1608 2713 1911 2790 fuissent,
1973 2712 2208 2776 multas
2259 2706 2506 2774 civitates
2603 2697 2605 2712 ³

490 2805 913 2870 acerbissimis
965 2806 1219 2871 tributis
1272 2819 1338 2872 et
1391 2807 1785 2894 gravissimis
1828 2806 2040 2871 usuris
2087 2817 2153 2872 et
2195 2803 2350 2868 falso
2389 2815 2504 2862 aere
2603 2819 2605 2822 ⁴

490 2898 697 2962 alieno
731 2898 1018 2965 liberavi.
1108 2922 1390 2986 cumque
1422 2913 1588 2970 ante.
1604 2902 1952 2967 adventum
1987 2923 2207 2966 meum
2240 2893 2504 2962 seditione

492 2991 771 3076 quadam
806 2993 1123 3059 exercitus
1159 3007 1328 3060 esset
1364 2995 1730 3082 dissipatus,
1767 2995 2050 3078 quinque
2089 2993 2365 3060 cohortes
2397 2985 2503 3049 sine

490 3086 733 3172 legato,
778 3087 916 3154 sine
962 3087 1218 3154 tribuno
1256 3089 1561 3168 militum,
1607 3091 1883 3175 denique
1919 3087 2115 3156 etiam
2159 3087 2290 3152 sine
2323 3089 2505 3148 centu-

488 3180 667 3246 rione
702 3181 834 3247 ullo
870 3183 1042 3270 apud
1067 3182 1525 3250 Philomelium
1553 3184 2010 3260 consedissent,
2046 3183 2324 3265 reliquus
2355 3191 2499 3240 exer-

492 3274 654 3340 citus
688 3287 859 3344 esset
890 3277 958 3342 in
992 3274 1358 3362 Lycaonia,
1407 3279 1508 3342 M.
1543 3277 1800 3342 Anneio
1832 3278 2072 3362 legato»
2091 3269 2412 3360 imperavi,
2447 3273 2502 3325 ut

491 3390 601 3434 eas
664 3369 947 3454 quinque
1008 3371 1287 3436 cohortis
1354 3372 1439 3437 ad
1498 3373 1817 3456 reliquum
1877 3371 2226 3436 exercitum
2283 3365 2499 3429 duceret

492 3474 842 3546 coactoque
892 3465 962 3528 in
1014 3487 1221 3532 unum
1272 3458 1559 3532 exercitu
1609 3477 1821 3532 castra
1869 3465 1937 3530 in
1987 3461 2317 3551 Lycaonia
2361 3447 2500 3540 apud

432 3584 459 3624 s
490 3555 784 3622 Iconium
844 3558 1101 3624 faceret.
1218 3561 1394 3644 quod
1455 3581 1604 3626 cum
1667 3560 1750 3624 ab
1809 3559 1919 3624 illo
1983 3559 2312 3645 diligenter
2363 3552 2498 3613 esset

494 3663 728 3728 actum,
763 3672 885 3738 ego
916 3653 989 3717 in
1022 3665 1232 3720 castra
1266 3679 1324 3719 a.
1362 3654 1424 3720 d.
1451 3677 1557 3720 vn.
1589 3655 1681 3720 Κ.
1703 3653 1886 3740 Sept.
1923 3653 2090 3732 veni,
2125 3673 2267 3718 cum
2297 3646 2497 3710 interea

494 3745 927 3831 superioribus
972 3748 1199 3815 diebus
1252 3770 1335 3815 ex
1379 3761 1642 3816 senatus
1687 3749 1978 3815 consulto
2023 3757 2088 3814 et
2139 3749 2492 3811 evocatorum

490 3839 743 3904 firmam
776 3863 1038 3911 manum
1065 3856 1130 3910 et
1156 3845 1512 3928 equitatum
1547 3867 1700 3910 sane
1733 3844 2038 3911 idoneum
2069 3853 2132 3908 et
2163 3835 2493 3927 populorum

492 3931 838 4000 liberorum
872 3959 1228 4024 regumque
1272 3938 1592 4004 sociorum
1627 3939 1866 4006 auxilia
1899 3936 2248 4004 voluntaria
2280 3941 2492 4006 compa‘

494 4025 820 4094 ravissem.
907 4031 1161 4098 interim
1196 4054 1346 4098 cum
1379 4033 1664 4100 exercitu
1697 4035 1966 4100 lustrato
1998 4033 2118 4098 iter
2148 4030 2213 4093 in
2243 4016 2488 4090 ciliciam
