2675 4559
431 219 517 286 14
1047 232 1126 286 Μ.
1163 230 1435 289 TULLII
1470 228 1875 287 CICERONIS

431 356 672 423 victore
718 356 1036 433 obtinere,
1081 366 1154 420 ut
1197 353 1431 430 debe0,
1479 354 1710 419 laetor:
1746 390 1835 401 -—
1868 353 1985 419 sed
2020 366 2191 421 certe
2228 355 2346 439 qui
2384 356 2515 421 tibi

432 474 514 517 ex
557 474 661 517 me
709 450 956 515 fructus
1000 448 1347 525 debentur,
1396 470 1507 513 eos
1542 448 1869 513 uberiores
1914 460 1981 513 et
2023 451 2506 535 praesentiores

431 566 734 631 praesens
771 565 1000 630 capere
1033 543 1374 628 potuisses.
1463 541 1531 605 in
1566 542 1660 607 eis
1696 564 1849 607 vero
1884 542 2293 622 ulciscendis,
2332 566 2507 629 quos

431 638 548 703 tibi
590 639 825 724 partim
869 637 1160 703 inimicos
1197 660 1338 703 esse
1371 636 1691 722 intellegis
1734 648 1997 722 propter
2038 648 2219 705 tuam
2251 660 2509 725 propu-

431 734 800 820 gnationem
853 732 1076 797 salutis
1128 753 1340 807 meae,
1393 730 1625 816 partim
1678 730 1963 797 invidere
2015 744 2282 818 propter
2323 733 2504 799 illius

432 828 698 893 actionis
743 825 1228 913 amplitudinem
1272 836 1337 891 et
1370 824 1673 911 gloriam,
1720 826 2059 891 mirificum
2092 850 2199 893 me
2232 824 2355 891 'tibi
2394 849 2507 893 co-

432 922 650 987 mitem
701 921 1170 1008 praebuissem.
1236 941 1629 1003 quamquam
1680 919 1789 985 ille
1842 920 2141 1005 perennis
2194 922 2502 987 inimicus

433 1016 784 1081 amicorum
829 1037 1123 1091 suorum,
1177 1014 1291 1098 qui
1334 1014 1460 1077 tuis
1504 1013 1801 1077 maximis
1855 1014 2183 1079 benefieiis
2228 1025 2502 1080 ornatus

429 1111 497 1175 in
531 1121 594 1177 te
629 1111 1035 1196 potissimum
1077 1110 1347 1174 fractam
1390 1108 1571 1177 illam
1603 1120 1667 1173 et
1703 1109 2096 1173 debilitatam
2139 1110 2275 1174 vim
2308 1133 2503 1175 suam

430 1206 725 1281 eontulit,
772 1213 1056 1269 nostram
1093 1204 1298 1269 vicem
1333 1202 1507 1267 ultus
1543 1213 1641 1267 est
1670 1202 1813 1288 ipse
1848 1224 1987 1268 sese
2000 1227 2018 1279 ;
2072 1226 2153 1267 ea
2188 1214 2287 1269 est
2322 1203 2505 1269 6111111

431 1308 726 1374 601161113,
775 1297 1010 1381 quibus
1055 1296 1395 1381 patefactis
1437 1296 1683 1361 nullam
1718 1297 1842 1361 sibi
1884 1298 1952 1361 in
1995 1310 2329 1382 posterum
2362 1320 2503 1363 non

431 1392 623 1455 modo
659 1390 986 1476 dignitatis
1021 1390 1137 1455 sed
1171 1413 1254 1457 ne
1287 1390 1599 1455 libertatis
1634 1391 1895 1475 quidem
1928 1401 2180 1476 partem
2214 1392 2501 1475 reliquit.

434 1495 496 1549 te
550 1495 766 1549 autem
819 1484 940 1549 etsi
991 1485 1248 1549 mallem
1302 1484 1373 1550 in
1433 1484 1591 1549 meis
1652 1484 1846 1550 rebus
1898 1496 2237 1571 expertum
2292 1508 2501 1569 quam

431 1577 624 1643 etiam
665 1578 733 1643 in
780 1578 936 1655 tuis,
982 1588 1198 1645 tamen
1242 1579 1312 1643 in
1354 1578 1647 1643 molestia
1680 1577 1935 1663 gaudeo
1972 1600 2115 1645 eam
2150 1578 2349 1644 fidem
2386 1600 2500 1645 co-

429 1694 664 1759 gnosse
715 1672 1044 1738 hominum
1106 1694 1236 1737 non
1287 1673 1378 1737 ita
1438 1695 1677 1757 magna
1726 1673 2020 1739 mercede
2033 1721 2052 1751 ‚
2117 1693 2314 1757 quam
2368 1696 2499 1759 ego

432 1768 714 1832 maximo
749 1767 967 1833 dolore
1004 1788 1382 1854 cognoram3
1420 1765 1501 1831 de
1536 1788 1665 1849 qua
1698 1766 1945 1832 ratione
1980 1777 2115 1833 tota
2144 1768 2278 1831 iam
2311 1767 2500 1834 vide-

429 1873 534 1927 tur
569 1861 727 1934 mihi
751 1861 1111 1948 exponendi
1147 1871 1399 1947 tempus
1438 1860 1596 1936 dari,
1632 1870 1705 1924 ut
1739 1860 1857 1925 tibi
1890 1861 2241 1927 rescribam
2270 1862 2355 1927 ad
2392 1886 2497 1941 ea,

431 1976 598 2039 quae
626 1955 898 2040 quaeris.
955 1954 1288 2021 certiorem
1313 1966 1379 2019 te
1406 1977 1521 2040 per
1544 1954 1789 2019 litteras
1817 1956 2042 2021 scribis
2074 1978 2215 2021 esse
2242 1956 2499 2023 factum

427 2071 531 2113 me
577 2070 726 2113 611111
763 2045 1043 2113 Caesare
1089 2058 1153 2113 et
1189 2069 1335 2113 eum
1371 2048 1591 2133 Appio
1628 2070 1767 2113 esse
1810 2048 1880 2114 in
1916 2047 2156 2135 gratia,
2192 2060 2388 2135 teque
2422 2051 2501 2115 id

427 2162 558 2206 non
608 2141 1071 2225 reprehendere
1135 2142 1473 2219 adscribis;
1528 2142 1862 2208 Vatinium
1924 2154 2141 2210 autem
2194 2144 2359 2210 36116
2425 2156 2499 2211 16

428 2234 590 2299 velle
627 2235 908 2301 ostendis
945 2236 1179 2318 quibus
1223 2236 1416 2302 rebus
1452 2235 1766 2303 adductus
1800 2236 2202 2305 defenderim
2238 2250 2305 2305 et
2348 2238 2498 2306 lau·-

429 2327 650 2393 darim.
705 2330 879 2413 quod
913 2330 1029 2395 tibi
1066 2340 1139 2394 ut
1173 2331 1427 2416 planius
1464 2353 1802 2417 exponam,
1837 2332 2027 2397 altius
2061 2334 2258 2418 paulo
2293 2334 2499 2399 ratio-

427 2445 576 2487 nem
611 2423 1020 2489 consiliorum
1055 2446 1347 2490 meorum
1378 2436 1665 2511 repetam
1698 2447 1959 2492 necesse
1994 2438 2112 2492 est.
2200 2450 2325 2513 ego
2361 2452 2495 2505 me,

426 2516 726 2595 Lentule,
761 2517 942 2585 initio
979 2541 1192 2584 rerum
1229 2531 1421 2603 atque
1456 2520 1781 2585 actionum
1815 2531 2073 2588 tuarum
2106 2544 2240 2587 11011
2272 2524 2497 2589 30111111

425 2610 584 2677 111613
622 2612 736 2677 36(1
771 2612 965 2679 6116111
999 2613 1092 2679 161
1127 2614 1423 2699 publicae
1456 2615 1820 2680 restitutum
1854 2615 2165 2700 putabam
2200 2627 2287 2694 et,
2326 2639 2495 2701 quo-

423 2706 598 2771 niam
642 2705 761 2771 tibi
805 2705 1244 2774 incredibilem
1279 2707 1605 2791 quendam
1639 2730 1921 2774 amorem
1956 2720 2023 2774 et
2056 2709 2275 2775 omnia
2318 2711 2388 2775 in
2424 2722 2496 2778 te

424 2798 636 2884 ipsum
673 2823 924 2866 summa
959 2824 1036 2866 ac
1072 2800 1421 2887 singularia
1448 2802 1661 2866 studia
1688 2801 2007 2880 deberem,
2042 2802 2139 2870 rei
2163 2804 2494 2889 publicae,

423 2914 590 2975 quae
625 2904 688 2959 16
723 2895 794 2957 111
828 2916 932 2959 1116
967 2896 1361 2962 restituendo
1396 2896 1670 2960 multum
1706 2896 2085 2974 adiuvisset,
2122 2920 2273 2963 eum
2310 2910 2492 2965 certe

423 3007 526 3052 me
563 2987 844 3051 animum
882 2987 1107 3052 merito
1141 2986 1343 3073 ipsius
1382 2988 1615 3054 debere
1652 2989 2027 3067 arbitrabar,
2062 3012 2257 3073 quem
2294 3004 2495 3059 antea

423 3088 673 3145 tantum
714 3079 904 3145 modo
950 3082 1274 3147 communi
1319 3082 1531 3147 officio
1577 3082 1841 3161 civium,
1894 3106 2026 3149 11011
2078 3084 2271 3152 alicui
2326 3109 2493 3174 erga

324 3251 328 3256 .
421 3196 524 3241 me
578 3175 887 3261 singulari
940 3176 1250 3243 beneficio
1303 3178 1593 3247 debitum
1643 3179 2120 3263 praestitissem.
2209 3180 2335 3247 hac
2378 3206 2493 3249 me

421 3279 634 3335 mente
679 3268 880 3337 fuisse
930 3282 994 3337 et
1039 3282 1298 3339 senatus
1345 3295 1427 3337 ex
1475 3294 1577 3338 me
1620 3282 1685 3337 te
1720 3272 1981 3339 consule
2018 3274 2263 3341 audivit
2301 3287 2367 3342 et
2414 3288 2493 3343 tu

419 3364 488 3427 in
548 3364 780 3430 nostris
843 3358 1244 3431 sermonibus
1299 3366 1979 3451 conlocutionibusque
2040 3368 2182 3454 ipse
2242 3370 2487 3436 vidisti.

425 3457 542 3521 etsi
576 3457 707 3521 iam
741 3458 966 3542 primis
1000 3459 1393 3545 temporibus
1427 3460 1551 3524 illis
1587 3461 1803 3525 mult-is
1839 3461 2031 3527 rebus
2064 3484 2251 3529 meus
2278 3463 2493 3531 offen-

423 3547 692 3613 debatur
726 3550 1008 3627 animus,
1055 3573 1203 3616 cum
1247 3562 1310 3617 te
1347 3564 1577 3637 agente
1614 3552 1694 3619 de
1728 3554 1973 3638 reliqua
2017 3566 2235 3621 nostra
2270 3556 2493 3645 digni-

420 3651 549 3707 tate
601 3653 712 3709 aut
757 3645 1010 3709 occulta
1059 3666 1190 3709 non
1234 3646 1557 3710 nullorum
1600 3646 1747 3712 odia
1790 3658 1903 3712 aut
1945 3649 2221 3715 obscura
2263 3650 2333 3717 in
2379 3676 2492 3718 me

421 3735 630 3800 studia
667 3738 1006 3803 cernebam
1019 3762 1037 3815 3
1082 3762 1234 3803 nam
1283 3761 1493 3823 neque
1530 3741 1611 3805 de
1647 3740 2050 3807 monimentis
2086 3743 2247 3809 meis
2284 3745 2371 3809 ab
2406 3746 2490 3812 iis

422 3830 677 3896 adiutus
713 3853 811 3909 es,
867 3855 906 3897 a
940 3832 1172 3917 quibus
1210 3832 1517 3911 debuisti,
1560 3854 1769 3918 neque
1805 3833 1886 3899 de
1932 3834 1996 3897 vi
2028 3834 2307 3915 nefaria,
2354 3860 2493 3923 qua

422 3944 570 3989 cum
619 3923 815 3991 fratre
861 3947 1035 3993 eram
1089 3928 1281 3993 domo
1328 3928 1631 4013 expulsus
1642 3952 1661 4005 ;
1714 3949 1927 4011 neque
1968 3928 2229 3995 hercule
2281 3932 2353 3997 in
2407 3936 2489 3999 iis

419 4015 572 4100 ipsis
609 4016 820 4099 rebus,
857 4043 1022 4107 quae
1052 4040 1443 4109 quamquam
1473 4031 1655 4087 erant
1684 4019 1841 4087 mihi
1874 4032 2137 4109 propter
2160 4025 2258 4091 rei
2292 4026 2497 4093 fami-
