2675 4559
7 2200 9 2223 ⁴⁴
4 2007 13 2160 -Τήᾼη
3 1893 10 1966 -·-
3 1814 5 1868 —24-
1 1775 8 1784 -
1 1709 11 1736 ..μ

2 3774 13 4135 —v-——n--m-r—
4 3719 10 3748 -
5 3492 13 3652 —-—r⁴⁴2
3 3369 13 3467 νὴ
5 3294 7 3298 -

467 264 1026 323 EPISTOLARUM
1059 266 1170 321 AD
1209 266 1284 344 Q.
1313 265 1698 322 FRATREM
1732 266 1841 323 111.
1878 269 1928 323 1.
2070 326 2087 335 ,,
2102 254 2231 323 461

157 388 302 455 eius
320 386 530 473 operis
548 386 826 455 HS.xv1.
841 390 1295 455 conductorem
1321 388 1542 468 fuisse,
1562 388 1679 457 sed
1695 402 1761 457 te
1786 402 2013 477 postea
2028 392 2234 461 multa

160 481 489 547 addidisse
517 481 598 547 ad
629 504 814 569 opus,
829 483 991 552 nihil
1018 485 1101 549 ad
1130 484 1437 570 pretium;
1475 485 1693 569 itaque
1719 485 1789 551 id
1816 508 1887 552 se
1920 485 2231 553 omisisse.

155 576 321 642 mihi
356 576 722 651 mehercule
769 578 958 644 valde
975 579 1204 665 placet
1239 589 1303 645 te
1339 578 1479 655 illa,
1514 589 1588 643 ιιι
1622 579 2073 658 constitueras,
2118 581 2233 646 ad-

159 670 344 737 dere:
382 692 776 755 quamquam
813 695 892 739 ea
925 668 1108 751 villa,
1146 694 1312 757 quae
1346 695 1522 740 nunc
1556 684 1686 752 est,
1722 685 2055 761 tamquam
2088 674 2235 762 phi·

156 765 432 853 losopha
466 765 724 831 videtur
755 789 927 845 esse,
973 786 1141 853 quae
1186 768 1484 854 obiurget
1530 778 1888 835 ceterarum
1934 768 2233 835 villarum

156 860 506 927 insaniam:
543 882 770 927 verum
803 872 1021 928 tamen
1053 862 1213 927 illud
1249 861 1540 943 additum
1576 862 1939 929 delectabit.
2028 864 2233 951 topia-

157 954 331 1021 rium
373 954 664 1033 laudavi3
711 954 802 1023 ita
848 956 1064 1023 omnia
1109 955 1494 1023 convestivit
1537 956 1803 1035 hedera,
1850 978 1983 1042 qua
2025 958 2233 1023 basim

158 1050 385 1127 villae,
440 1070 569 1133 qua
620 1050 1111 1117 intercolumnia
1155 1050 1639 1129 ambulationis,
1694 1062 1767 1117 ut
1811 1050 2089 1136 denique
2139 1051 2232 1115 illi

156 1141 410 1233 palliati
456 1144 796 1229 topiariam
840 1143 1053 1211 facere
1098 1144 1439 1211 videantur
1473 1156 1539 1211 et
1580 1145 1884 1211 hederam
1929 1145 2229 1212 vendere.

155 1239 296 1303 iam
351 1234 780 1325 ἀποδυτηρίῳ
833 1238 995 1305 nihil
1047 1238 1277 1316 alsius,
1330 1238 1493 1305 nihil
1543 1240 1921 1306 muscosius.
2029 1238 2229 1308 habes
2266 1258 2294 1300 6

157 1332 300 1399 fere
338 1331 417 1399 de
453 1332 645 1398 rebus
691 1332 968 1399 rusticis.
1054 1333 1371 1400 urbanam
1404 1334 1861 1420 expolitionem
1894 1345 2084 1420 urget
2123 1334 2231 1399 ille

158 1426 429 1511 quidem
475 1437 540 1491 et
573 1425 958 1493 Philotimus
1003 1438 1068 1494 et
1106 1425 1405 1507 Cinciae,
1450 1426 1566 1495 sed
1600 1429 1793 1495 etiam
1828 1428 1969 1515 ipse
2008 1428 2232 1495 crebro

156 1520 489 1598 interviso,
526 1521 698 1605 quod
736 1532 834 1589 est
867 1521 1058 1589 facile
1091 1522 1300 1601 factu3
1336 1544 1534 1608 quam
1570 1522 1655 1589 ob
1691 1546 1827 1589 rem
1864 1545 1943 1589 ea
1978 1532 2041 1589 te
2076 1544 2233 1587 cura

156 1614 507 1680 liberatum
543 1616 710 1680 volo.

292 1708 401 1775 De
438 1708 751 1777 Cicerone
794 1712 970 1796 quod
1013 1735 1117 1778 me
1163 1734 1417 1799 semper
1457 1734 1681 1798 rogas,
1734 1711 2003 1797 ignosco
2048 1710 2289 1821 equi-7
2263 1700 2303 1753 3

159 1806 312 1871 dem
349 1804 495 1881 tibi,
543 1805 657 1870 sed
691 1817 763 1872 tu
798 1826 1058 1891 quoque
1092 1806 1251 1871 mihi
1286 1806 1534 1872 velim
1516 1827 1847 1893 ignoscam
1888 1826 2022 1871 non
2056 1804 2228 1871 enim
2349 1886 2352 1889 Ι

159 1899 449 1965 concedo
482 1898 621 1977 tibi,
657 1900 803 1986 plus
837 1910 914 1965 ut
945 1900 1127 1965 illum
1162 1923 1369 1978 ames,
1398 1922 1603 1985 quam
1636 1900 1777 2011 ipse
1812 1920 1990 1977 am03
2036 1909 2229 1984 atquc

156 1994 411 2059 utinam
443 1992 544 2059 his
581 1994 862 2060 diebus
841 2018 912 2059 ιιι
945 1994 1249 2081 Arpinati
1266 2042 1285 2072 ,
1329 1995 1507 2079 quod
1551 2006 1616 2061 et
1658 1994 1801 2081 ipse
1844 1994 2135 2079 cupierat
2166 2008 2232 2059 et

157 2111 286 2177 ego
332 2110 463 2153 non
507 2088 718 2156 minus
731 2135 750 2164 ,
795 2111 1050 2155 mecum
1094 2088 1349 2158 fuisset!
1440 2088 1615 2173 quod
1662 2089 1747 2156 ad
1780 2088 2230 2174 Pomponiam,

156 2184 216 2249 si
253 2182 370 2247 tibi
406 2182 687 2261 videtur,
733 2182 974 2249 scribas
1010 2183 1204 2250 velim
1217 2231 1235 2260 ,
1284 2204 1433 2250 cum
1478 2183 1693 2269 aliquo
1730 2182 2078 2259 exibimus,
2124 2193 2229 2249 eat

155 2276 501 2343 nobiscum
542 2299 942 2364 puerumque
987 2279 1248 2345 educat:
1298 2279 1610 2346 clamores
1646 2276 1955 2355 efficiam,
1992 2277 2045 2342 si
2081 2299 2231 2345 eum

158 2393 416 2437 mecum
451 2370 736 2439 habuero
771 2372 1012 2440 otiosus
1023 2398 1042 2453 ς
1091 2397 1242 2440 nam
1278 2373 1527 2439 Romae
1561 2372 1919 2460 respirandi
1964 2393 2096 2438 non
2130 2384 2228 2439 est

160 2468 364 2532 locus.
451 2465 519 2530 id
553 2491 658 2533 me
692 2467 815 2533 scis
853 2480 1044 2535 antea
1076 2468 1276 2557 gratis
1312 2468 1431 2534 tibi
1466 2490 1605 2535 esse
1639 2467 2025 2553 pollicitum:
2071 2466 2229 2551 quid

162 2583 336 2627 nunc
370 2572 590 2647 putas,
635 2572 815 2627 tanta
849 2564 1006 2629 mihi
1042 2564 1159 2630 abs
1194 2575 1258 2630 te
1292 2563 1588 2629 mercede
1622 2561 1989 2647 proposita?
2039 2560 2227 2625 venio
2262 2582 2292 2620 s

163 2678 338 2723 nunc
373 2654 456 2719 ad
491 2664 636 2719 tuas
663 2655 929 2733 litteras,
965 2677 1126 2742 quas
1159 2656 1453 2743 pluribus
1482 2655 1767 2742 epistolis
1796 2654 2035 2739 accepi,
2073 2653 2228 2718 dum

165 2774 310 2817 sum
354 2749 424 2814 in
457 2746 786 2833 Arpinati.
840 2772 992 2814 nam
1033 2751 1192 2815 mihi
1233 2772 1365 2815 uno
1400 2750 1505 2815 die
1554 2759 1685 2814 tres
1730 2759 1880 2813 sunt
1921 2746 2231 2824 redditae,

165 2857 231 2911 et
267 2843 558 2929 quidem,
605 2852 679 2909 ut
713 2841 1126 2921 videbantur,
1173 2844 1401 2911 eodem
1436 2843 1554 2909 abs
1588 2852 1655 2908 te
1690 2843 1881 2909 datae
1914 2851 2231 2929 tempor-03

165 2962 298 3005 una
332 2936 622 3024 pluribus
657 2936 944 3015 verbis,'
925 2961 994 3003 m
1029 2959 1160 3024 qua
1191 2938 1473 3025 primum
1508 2946 1665 3014 erat,
1701 2937 1877 3021 quod
1911 2935 2234 3023 antiquior

167 3034 307 3099 dies
349 3033 418 3097 in
460 3032 586 3098 tuis
631 3031 860 3097 fuisset
901 3032 1226 3119 adscripta
1269 3032 1515 3099 litteris·
1546 3052 1743 3116 quam
1784 3031 1851 3096 in
1900 3028 2229 3098 Caesaris:

163 3128 236 3192 id
270 3126 428 3191 facit
463 3123 719 3212 Oppius
753 3148 1238 3211 nonnumquam
1271 3125 1663 3204 necessario,
1698 3135 1800 3202 ut,
1846 3146 1995 3191 cum
2028 3123 2236 3190 tabel-

165 3222 362 3289 larios
407 3221 802 3288 constituerit
846 3222 1098 3290 mittere
1149 3223 1525 3306 litterasque
1568 3244 1609 3287 a
1649 3220 1838 3288 nobis
1892 3217 2230 3305 acceperit,

168 3318 388 3402 aliqua
421 3339 490 3382 re
523 3338 694 3383 nova
727 3316 1092 3404 inpediatur
1125 3330 1192 3385 et
1223 3315 1585 3383 necessario
1614 3315 1819 3383 serius
1847 3335 2046 3399 quam
2078 3334 2237 3379 con·

169 3412 459 3477 stituerat
493 3411 731 3487 mittat,
765 3434 976 3499 neque
1010 3435 1128 3479 nos
1164 3412 1332 3479 datis
1367 3412 1497 3478 iam
1532 3409 1816 3497 epistolis
1852 3408 2023 3475 diem
2057 3429 2233 3475 com-

169 3505 407 3572 mutari
459 3526 776 3572 curemus.
881 3507 1105 3573 scribis
1173 3507 1254 3574 de
1308 3502 1609 3573 Caesaris
1670 3524 1921 3571 summo
1982 3502 2053 3569 in
2111 3524 2230 3567 nos
2264 3523 2295 3563 ο

170 3621 420 3667 amore:
464 3600 638 3667 hunc
673 3613 738 3669 et
782 3614 854 3669 tu
888 3603 1140 3670 fovebis
1175 3615 1241 3671 et
1284 3624 1403 3668 nos
1437 3601 1952 3688 quibuscumque
1996 3596 2233 3684 poteri-

169 3717 317 3761 mus
361 3694 554 3760 rebus
598 3696 1000 3785 augebimus.
1088 3698 1170 3765 de
1213 3696 1529 3783 Pompeio
1574 3706 1637 3764 et
1678 3694 1847 3761 facio
1894 3692 2234 3778 diligenter

171 3801 237 3856 et
269 3786 508 3855 faciam
543 3784 718 3875 quod
752 3814 994 3860 mones.
1047 3793 1224 3878 quod
1257 3792 1376 3859 tibi
1410 3815 1555 3867 mea
1587 3787 1921 3879 permissio
1955 3786 2237 3853 mansio-

171 3886 274 3951 nis
310 3896 460 3953 tuae
495 3896 680 3973 grata
714 3898 840 3965 est,
874 3887 943 3954 id
977 3909 1128 3974 ego,
1164 3910 1417 3955 summo
1452 3908 1597 3953 meo
1635 3885 1851 3951 dolore
1886 3892 1950 3951 et
1986 3882 2237 3947 deside-

170 3984 290 4059 ri0,
327 3992 543 4047 tamen
577 4003 660 4047 ex
693 3993 874 4068 parte
909 3982 1183 4069 gaudeo.
1235 3983 1305 4047 in
1323 3981 1753 4068 Hippodamis
1781 3990 1846 4047 et
1876 3999 2009 4055 non
2040 3976 2234 4043 nullis

169 4075 316 4147 aliis
345 4074 740 4143 arcessendis
766 4074 924 4163 quid
943 4074 1204 4163 cogites,
1239 4097 1373 4143 non
1397 4075 1724 4164 intellego:
1760 4094 1951 4143 nemo
1967 4074 2235 4141 istorum
