2675 4559
464 213 594 280 304
1087 226 1164 280 M.
1202 224 1477 282 TULLII
1512 222 1916 283 CICERONIS

462 350 625 418 nihil
666 360 792 426 est,
844 346 1021 434 quod
1061 368 1193 412 non
1238 347 1634 414 existimetur
1671 346 1888 412 laudis
1931 357 1998 418 et
2039 349 2290 434 gioriae
2335 371 2534 419 cansa

462 446 769 512 facturus.
866 440 1191 506 Antonius
1250 452 1496 519 autem,
1549 451 1768 507 noster
1810 441 2171 520 familiario,
2227 453 2414 512 tanto
2467 469 2532 512 se

462 539 609 605 odio
644 559 785 605 esse
818 536 1151 623 intellegit,
1185 547 1279 613 ut,
1314 558 1465 602 cum
1497 535 1938 602 interfectores
1975 558 2126 603 suos
2157 535 2344 603 domi
2376 559 2536 604 con-

460 631 888 720 prehenderit,
922 653 1062 696 rem
1096 630 1385 717 proferre
1419 651 1550 696 non
1584 629 1839 696 audeat.
1894 653 1952 695 a.
1989 630 2053 694 d.
2089 654 2197 697 vn.
2235 631 2341 698 Id.
2377 630 2531 700 Oct.

460 725 881 792 Brundisium
916 735 1055 792 erat
1086 724 1414 811 profectus
1443 723 1709 789 obviam
1743 724 2108 811 legionibus
2141 723 2530 798 Macedoni-

462 820 553 888 cis
589 831 924 905 quattuor,
972 840 1135 904 quas
1171 819 1293 884 sibi
1337 817 1678 883 conciliare
1714 817 1989 904 pecunia
2021 819 2356 906 cogitabat
2389 843 2531 890 ees·

459 936 589 999 que
624 915 708 980 ad
733 915 961 980 urbem
988 913 1305 980 adducere
1332 923 1398 978 et
1429 913 1500 978 in
1525 912 1882 981 cervicibus
1907 913 2140 978 nostris
2167 915 2530 982 conlocare.

460 1009 662 1076 habes
704 1009 980 1076 formam
1024 1009 1119 1074 rei
1152 1008 1478 1094 publicae,
1525 1007 1582 1072 si
1623 1006 1691 1072 in
1727 1007 1949 1074 castris
1993 1017 2204 1093 potest
2249 1030 2394 1075 esse
2427 1031 2532 1076 res

459 1103 751 1189 publica3
802 1103 869 1168 in
914 1123 1043 1186 quo
1088 1114 1271 1167 tuam
1312 1101 1522 1168 vicem
1564 1123 1758 1186 saepe
1795 1100 2006 1176 doleo,
2057 1101 2240 1184 quod
2281 1103 2533 1170 nullam

460 1207 710 1283 partem
745 1219 861 1284 per
894 1207 1171 1262 aetatem
1206 1217 1402 1260 sanae
1439 1204 1504 1260 ct
1547 1196 1762 1262 salvae
1795 1195 1890 1260 rei
1932 1194 2230 1282 publicae
2265 1208 2531 1282 gustare

460 1292 743 1377 potuisti.
832 1301 1026 1375 atque
1068 1289 1343 1355 antehac
1388 1289 1651 1374 quidem
1695 1311 1952 1376 sperare
1985 1289 2215 1356 saltem
2259 1290 2500 1359 licebat
2512 1317 2528 1369 ;

458 1407 632 1450 nuno
666 1385 861 1450 etiam
894 1385 964 1448 id
1008 1394 1300 1470 ereptum
1336 1395 1460 1449 est:
1509 1405 1676 1468 quae
1709 1383 1880 1450 enim
1917 1396 2014 1450 est
2049 1407 2224 1471 spes,
2273 1408 2430 1454 cum
2463 1387 2530 1452 in

457 1479 757 1545 contione
792 1478 1003 1544 dicere
1046 1500 1245 1544 ausus
1290 1477 1374 1543 sit
1406 1477 1732 1544 Antonius
1770 1476 2164 1544 Cannutium
2199 1479 2384 1565 apud
2415 1503 2528 1546 eos

460 1572 674 1638 locum
704 1572 827 1639 sibi
850 1593 1179 1657 quaerere,
1216 1571 1454 1657 quibus
1487 1593 1556 1638 se
1582 1572 1762 1638 >salvo
1797 1572 1978 1638 locus
2002 1573 2070 1636 in
2097 1573 2358 1640 civitate
2389 1597 2532 1642 esse

458 1689 590 1733 non
624 1667 877 1754 posset?
912 1667 1211 1753 equidem
1242 1678 1306 1732 et
1340 1666 1500 1734 haec
1529 1677 1594 1732 et
1620 1666 1856 1744 omnia,
1893 1689 2058 1752 quae
2087 1666 2333 1735 homini
2363 1670 2534 1736 acci-

460 1761 611 1828 dere
646 1773 945 1849 possunt,
982 1763 1075 1827 sic
1108 1760 1277 1838 fere,
1323 1772 1398 1825 ut
1434 1759 1878 1847 philosophiae
1909 1783 2213 1848 magnam
2249 1762 2534 1830 habeam

458 1857 755 1941 gratiam,
790 1879 957 1942 quae
992 1879 1095 1921 me
1128 1878 1259 1920 non
1285 1856 1478 1920 modo
1515 1856 1600 1920 ab
1625 1855 2048 1922 sollicitudine
2083 1856 2368 1935 abducit,
2411 1860 2528 1924 sed

459 1950 653 2016 etiam
690 1961 911 2018 contra
936 1951 1143 2015 omnis
1185 1951 1481 2017 fortunae
1505 1950 1782 2036 impetus
1811 1961 2038 2026 armat,
2071 1950 2317 2036 tibique
2351 1952 2529 2018 idem

460 2065 689 2112 censeo
724 2045 1099 2110 faciundum
1134 2066 1287 2122 nec,
1342 2069 1381 2109 a
1417 2066 1545 2128 quo
1580 2044 1770 2132 culpa
1813 2044 2008 2122 absit,
2063 2045 2412 2130 quicquam
2457 2047 2526 2112 in

458 2140 643 2204 malis
676 2138 1164 2204 numerandum.
1236 2138 1355 2206 sed
1387 2138 1548 2205 haec
1581 2150 1654 2206 tu
1687 2139 1937 2206 melius.
2003 2138 2374 2206 Tratorium
2409 2163 2526 2208 110-

459 2243 662 2298 strum
696 2255 845 2299 cum
872 2255 1123 2320 semper
1164 2234 1556 2320 probassem,
1591 2244 1734 2302 tum
1758 2233 2037 2300 maxime
2069 2234 2140 2298 in
2165 2234 2294 2300 tuis
2327 2235 2526 2303 rebus

459 2346 775 2394 summam
812 2327 949 2393 eius
982 2328 1199 2406 fidem,
1236 2329 1632 2414 diligentiam
1665 2329 2199 2414 prudentiamque
2225 2331 2527 2416 cognovi.

455 2421 543 2488 >da
569 2444 853 2510 operam,
886 2434 959 2488 ut
987 2425 1235 2501 valeas3
1270 2424 1394 2490 hoc
1429 2423 1586 2488 mihi
1619 2423 1865 2509 gratius
1889 2423 2104 2490 facere
2129 2423 2290 2490 nihil
2315 2436 2529 2511 potes.

1376 2573 1598 2630 XXIV.

766 2677 884 2733 Sor.
904 2676 1117 2733 Romae
1134 2677 1364 2732 ineunte
1381 2693 1574 2732 mense
1591 2676 1856 2733 Ianuario
1877 2695 1926 2732 a.
1945 2695 2001 2732 u.
2021 2694 2070 2732 c.
2083 2636 2208 2732 '711‘

1016 2779 1287 2835 CICERO
1326 2781 1771 2836 CORNIFICIO
1803 2781 1962 2836 SAL.

586 2885 733 2970 Ego
769 2887 1018 2950 nullum
1051 2887 1265 2950 locum
1299 2885 1736 2971 praetermitto
1753 2921 1840 2932 -
1855 2907 1974 2951 nec
2006 2886 2177 2951 enim
2208 2886 2421 2955 debeo
2439 2925 2530 2936 —-

456 3001 586 3047 non
620 2981 811 3046 modo
846 2980 1153 3046 laudandi
1186 2981 1301 3057 tui,
1338 2981 1454 3047 sed
1487 3003 1569 3046 ne
1596 2981 1864 3049 ornandi
1891 2981 2186 3064 quidelm
2223 2983 2341 3048 sed
2376 3007 2526 3049 mea

456 3075 669 3143 studia
696 3099 851 3164 erga
884 3089 949 3143 te
978 3087 1043 3142 et
1070 3076 1285 3142 officia
1317 3076 1488 3141 malo
1504 3076 1632 3145 „tibi
1660 3099 1741 3141 ex
1775 3086 2033 3144 tuorum
2065 3077 2294 3144 litteris
2323 3097 2523 3163 quam

456 3195 539 3238 ex
584 3170 743 3238 meis
792 3193 932 3237 esse
976 3181 1147 3236 nota.
1235 3181 1299 3237 te
1343 3181 1560 3236 tamen
1605 3171 1853 3248 hortor,
1907 3182 1981 3236 ut
2023 3172 2199 3240 omni
2246 3194 2405 3238 cura
2455 3174 2522 3237 in

454 3289 591 3332 rem
635 3265 960 3352 publicam
1000 3265 1366 3331 incumbas:
1413 3265 1536 3330 hoc
1568 3275 1668 3330 est
1703 3264 1927 3343 animis,
1971 3264 2096 3332 hoc
2132 3277 2229 3332 est
2275 3266 2522 3354 ingenii

452 3361 604 3448 tui,⁷
630 3361 753 3426 hoo
806 3359 943 3426 eius
996 3359 1163 3447 spei,
1218 3380 1416 3445 quam
1461 3358 1701 3425 habere
1744 3359 1974 3438 debes,
2029 3361 2522 3446 amplificandae

454 3454 783 3541 dignitatis
819 3444 1021 3522 tuae(
1068 3454 1185 3520 sed
1219 3454 1339 3520 hac
1375 3453 1456 3521 de
1489 3477 1560 3520 re
1597 3455 1752 3520 alias
1789 3455 1873 3520 ad
1907 3465 1974 3520 te
2008 3455 2330 3541 pluribus:
2368 3478 2518 3522 cum

452 3549 625 3616 enim
660 3549 819 3616 haec
852 3551 1232 3629 scribebam,
1266 3551 1336 3614 in
1363 3550 1838 3638 exspectatione
1865 3563 2049 3616 erant
2075 3551 2322 3630 omnia3
2355 3575 2518 3618 non·

454 3645 609 3711 dum
642 3644 842 3731 legati
876 3645 1215 3724 redierant,
1252 3667 1416 3729 quos
1445 3655 1705 3710 senatus
1738 3667 1870 3712 non
1905 3646 1990 3712 ad
2021 3661 2254 3731 paoem
2287 3647 2518 3732 depre-

452 3739 745 3819 candam,
784 3740 897 3805 sed
929 3741 1014 3806 ad
1048 3738 1556 3806 denuntiandum
1591 3739 1832 3806 bellum
1863 3740 2143 3816 miserat,
2176 3740 2304 3806 nisi
2338 3741 2518 3828 lega-

450 3843 663 3896 torum
697 3833 923 3900 nuntio
966 3835 1301 3922 paruisset.
1391 3855 1515 3920 ego
1549 3846 1795 3912 tamen,
1837 3845 1915 3901 ut
1947 3834 2226 3920 primum
2261 3835 2516 3902 occasio

454 3925 605 3990 data
638 3939 736 3992 est
768 3951 913 3995 mco
946 3929 1213 4016 pristino
1236 3951 1418 3996 more
1440 3953 1581 3996 rem
1613 3929 1938 4016 publicam
1967 3928 2375 4012 defendendi,
2411 3952 2516 3994 me

450 4017 807 4105 prinoipem
831 4024 1082 4091 senatui
1116 4025 1485 4112 populoque
1503 4023 1798 4092 Romano
1823 4024 2150 4111 professus
2185 4046 2352 4101 sum,
2389 4045 2514 4089 nec
