2675 4559
664 236 1215 296 EPISToLARUM
1248 239 1351 296 Ν.
1387 240 1576 294 1213.
2060 228 2144 295 85

165 362 449 429 deterrimo
481 359 881 427 acerbissima
915 372 1117 426 morte
1153 373 1250 427 est
1283 362 1602 439 adfectus,
1638 373 1732 440 et,
1769 362 1873 427 cui
1905 363 2144 429 inimici

163 459 375 534 propter
407 445 768 531 dignitatem
801 457 1244 532 pepercerant,
1279 448 1576 512 inventus
1613 458 1710 514 est
1737 447 1999 525 amicus,
2036 453 2140 533 qui

165 534 208 597 ei
241 544 480 596 mortem
523 530 793 597 offerret.
901 553 1023 616 ego
1075 542 1287 595 tamen
1339 532 1420 595 ad
1476 532 1957 599 tabernaculum
2011 537 2144 597 eim
2184 561 2204 593 a

162 617 392 702 perrexi:
424 615 635 681 inveni
670 616 830 680 duos
865 616 1122 680 libertos
1157 627 1223 681 et
1255 618 1562 701 pauculos
1590 639 1807 683 servos
1816 642 1836 694 ;
1871 618 2144 700 reliques

164 703 370 766 aiebant
400 700 752 786 profugisse
779 713 953 766 metu
982 702 1368 786 perterritos,
1405 703 1579 786 quod
1608 703 1899 768 dominus
1927 724 2144 768 eorum

164 807 275 851 ante
305 787 769 852 tabernaculum
802 786 1174 851 interfectus
1210 797 1398 851 esset.
1470 799 1725 852 coactus
1762 810 1904 852 sum
1938 788 2007 852 in
2040 813 2144 853 ea-

165 872 275 935 dem
303 872 402 936 illa
431 870 685 946 lectica,
721 891 849 953 qua
882 870 1018 955 ipse
1055 871 1300 935 delatus
1336 894 1540 948 eram,
1575 873 1859 955 meisque
1894 873 2146 938 lectica-

165 957 246 1020 riis
279 956 334 1019 in
379 956 596 1020 urbem
640 977 791 1019 eum
831 956 1096 1032 referre,
1149 956 1367 1039 ibique
1421 978 1537 1041 pro
1590 979 1668 1025 ea
1718 957 1930 1043 copia,
1983 979 2144 1041 quas

167 1041 386 1105 Athenis
428 1052 589 1116 erat,
642 1040 838 1105 funus
883 1039 941 1105 ei
986 1041 1138 1104 satis
1183 1043 1466 1125 amplum
1509 1042 1872 1107 faciendum
1908 1045 2144 1106 curat-i.

168 1125 226 1188 ab
253 1125 755 1201 Atheniensibus,
799 1125 1013 1190 locum
1058 1126 1421 1211 sepulturae
1463 1126 1629 1192 intra
1672 1127 1897 1191 urbem
1931 1136 2004 1190 ut
2040 1129 2148 1189 da—

167 1221 287 1286 rent,
313 1209 642 1296 impetrare
676 1231 804 1274 non
839 1210 1038 1295 potui,
1075 1211 1248 1294 quod
1282 1211 1586 1296 religione
1626 1234 1693 1276 se
1727 1210 2021 1296 impediri
2056 1213 2148 1273 *Ji-2

168 1306 333 1359 cerent
341 1320 360 1373 3
416 1316 624 1378 neque
686 1305 900 1360 tamen
958 1294 1030 1358 id
1089 1307 1277 1361 antea
1328 1298 1625 1379 cuiquam
1679 1295 2144 1361 concesserant:

167 1381 298 1462 quod
325 1380 677 1465 proximum
713 1380 861 1457 fuit,
897 1380 992 1443 uti
1024 1379 1093 1443 in
1127 1401 1253 1463 quo
1290 1381 1596 1447 vellemus
1631 1383 1965 1467 gymnasio
2001 1403 2148 1446 eum

166 1465 548 1548 sepeliremus,
585 1464 772 1530 nobis
807 1464 1243 1550 permiserunt.
1330 1488 1447 1530 nos
1480 1467 1548 1531 in
1582 1466 1975 1531 nobilissimo
2011 1465 2144 1529 orbi

165 1561 419 1614 terrarum
458 1549 798 1636 gymnasio
842 1550 1232 1615 Academiae
1273 1550 1488 1615 locum
1534 1551 1884 1635 delegimus
1933 1551 2148 1633 ibique

167 1656 278 1697 eum
306 1635 766 1713 conbussimus,
809 1646 1158 1720 posteaque
1192 1635 1574 1710 curavimus,
1608 1647 1683 1699 ut
1713 1635 1920 1701 eidem
1946 1636 2148 1698 Athe—

167 1718 364 1784 nienses
393 1721 459 1784 in
492 1720 723 1785 eodem
755 1720 895 1785 loco
930 1728 1414 1784 monumentum
1450 1719 1508 1785 ei
1524 1741 1959 1798 ⁸marmoreum
1993 1720 2148 1782 fuci÷

168 1804 352 1868 endum
399 1805 699 1870 locarent.
786 1805 905 1882 ita,
959 1826 1126 1888 quae
1169 1816 1387 1868 nostra
1428 1804 1642 1869 officia
1691 1805 1979 1878 fuerunt,
2032 1825 2148 1885 pm

169 1889 380 1973 collegio
414 1902 475 1955 et
507 1912 631 1976 pro
666 1889 1134 1976 propinquitate
1171 1900 1235 1953 et
1269 1890 1417 1953 vivo
1454 1900 1514 1955 et
1559 1900 1807 1953 mortuo
1845 1887 2056 1953 omnia
2072 1957 2076 1965 Ε
2092 1889 2148 1949 ei

167 1975 551 2055 praestitimus.
645 1974 805 2040 vale.
895 1976 956 2038 d.
993 1996 1088 2059 pr.
1126 1975 1276 2038 Kal.
1314 1974 1460 2039 Iun.
1496 1973 1789 2039 Athenis.

1044 2158 1211 2211 XIII.

789 2259 906 2315 Ser.
925 2259 1136 2315 Romae
1156 2277 1206 2314 a.
1227 2277 1280 2314 u.
1302 2278 1351 2315 c.
1372 2260 1487 2315 708.

612 2363 686 2417 M.
725 2360 997 2419 CICERO
1022 2360 1093 2417 S.
1126 2361 1199 2416 D.
1234 2362 1301 2416 P.
1337 2361 1651 2419 FIGULO.

265 2486 589 2568 Quaerenti
625 2486 780 2551 mihi
815 2486 946 2551 iam
980 2486 1120 2562 diu,
1156 2486 1311 2569 quid
1348 2487 1430 2552 ad
1466 2497 1529 2551 te
1564 2484 1963 2570 potissimum
1999 2489 2148 2547 scri·
2192 2509 2204 2541 ι

171 2568 364 2650 berem,
410 2595 536 2639 non
571 2573 763 2637 modo
799 2583 970 2636 certa
1005 2594 1105 2635 res
1139 2571 1340 2647 nulla,
1395 2571 1508 2635 sed
1542 2592 1624 2636 ne
1657 2591 1861 2655 genus
1897 2568 2148 2651 quidem

170 2652 462 2723 litterarum
486 2658 796 2723 usitatum
821 2655 1116 2721 veniebat
1148 2656 1217 2719 in
1241 2666 1549 2732 mentem3
1584 2678 1778 2719 unam
1805 2653 1974 2718 enim
2007 2674 2148 2737 par-

170 2750 268 2803 tem
295 2753 348 2806 et
379 2741 898 2809 consuetudinem
933 2763 1152 2806 earum
1188 2741 1624 2825 epistolarum,
1659 2738 1891 2822 quibus
1928 2756 2148 2801 secun-

173 2823 242 2887 dis
268 2826 438 2893 rebus
471 2828 567 2893 uti
605 2827 993 2902 solebamus,
1037 2837 1288 2910 tempus
1325 2825 1642 2910 eripuerat
1675 2822 2150 2910 perfeceratque.

174 2907 394 2990 fortuna,
417 2936 497 2978 ne
525 2912 683 2997 quid
711 2912 835 2977 tale
863 2910 1135 2976 scribere
1163 2932 1417 2995 possem
1444 2920 1555 2975 aut
1581 2908 1836 2975 omnino
1855 2906 2149 2993 cogitare.

173 2994 590 3079 relinquebatur
624 2997 802 3080 triste
836 2996 1157 3079 quoddam
1192 3008 1257 3061 et
1289 2996 1590 3061 miserum
1626 3006 1688 3059 et
1721 2993 1820 3057 his
1857 2993 2152 3076 tempori*

172 3076 276 3142 bus'
292 3094 767 3147 consentaneum
792 3103 997 3167 genus
1029 3080 1412 3157 litterarum3
1448 3080 1513 3145 id
1540 3099 1795 3163 quoque
1822 3077 2152 3144 deficiebat

172 3182 264 3239 me,
291 3164 351 3229 in
382 3189 505 3250 quo
533 3166 808 3232 debebat
835 3188 975 3231 esse
1002 3176 1114 3230 aut
1191 3165 1478 3230 romissio
1506 3164 1724 3228 auxilii
1752 3164 2019 3227 alicuius
2048 3174 2149 3221 sut

175 3251 464 3316 consolatio
517 3252 751 3317 doloris
802 3251 924 3315 tui:
987 3188 1190 3334 quodp
1211 3249 1571 3350 pollicerer,
1624 3269 1753 3311 non
1805 3258 1937 3310 erat
1949 3269 1967 3321 3
2020 3245 2156 3325 ipsu

175 3332 304 3397 enim
340 3337 472 3421 pari
514 3337 772 3402 fortuna
813 3336 1096 3402 abiectus
1153 3337 1421 3400 ahorum
1464 3332 1691 3418 opibus
1745 3352 1929 3395 casus
1981 3349 2156 3390 meus

176 3422 576 3499 sustentabam,
612 3422 990 3507 saepiusque
1025 3420 1182 3485 mihi
1216 3420 1513 3485 veniebat
1544 3418 1613 3483 in
1645 3426 1924 3483 mentem
1958 3413 2156 3496 queri.

177 3503 309 3580 quod
336 3506 420 3571 ita
450 3507 754 3584 viverem,
790 3528 986 3590 quam
1018 3508 1326 3591 gaudere,
1363 3504 1536 3589 quod
1569 3503 1868 3568 viverem.
1938 3520 2156 3584 quam-
2196 3521 2216 3553 ε

177 3603 330 3679 §luam
359 3592 519 3656 enim
553 3593 728 3657 nulla
761 3614 863 3656 me
905 3592 1114 3678 ipsum
1193 3591 1444 3655 rivatim
1478 3588 1723 3690 pepulit
1763 3584 2028 3672 insignis
2064 3585 2156 3681 inf

178 3671 304 3736 luria
338 3698 452 3742 nec
490 3677 644 3741 mihi
688 3677 1032 3760 quicquam
1075 3614 1192 3741 taff
1231 3688 1516 3761 tempore
1558 3698 1627 3740 m
1666 3684 1945 3739 mentem
1988 3686 2156 3732 vfflnt

180 3766 375 3852 Optare,
408 3762 578 3845 quod
608 3784 738 3827 non
773 3763 939 3828 ultro
977 3761 1134 3827 mihi
1162 3758 1407 3827 Caesar
1443 3759 1757 3836 detulerit,
1792 3768 2004 3822 tamen
2040 3777 2156 3849 '‘3⁴³³‘'

266 3841 277 3855 '
324 3845 407 3909 eis
424 3847 714 3914 conficior
739 3848 926 3927 curis,
954 3859 1028 3913 ut
1050 3850 1121 3912 id
1151 3848 1382 3935 ipsum,
1410 3845 1583 3929 quod
1602 3863 1892 3909 maneam
1918 3840 1984 3939 in
2011 3853 2160 3937 vita.

183 3941 401 4004 peccare
440 3955 541 3997 me
585 3934 968 4013 existimem3
1020 3955 1204 4000 careo
1250 3932 1420 3998 enim
1463 3952 1610 3996 cum
1661 3925 2160 3994 familiarissimus

185 4012 381 4091 multis,
432 4040 583 4103 quos
625 4034 739 4087 aut
786 4044 958 4087 mors
1001 4019 1228 4106 eripuit
1272 4017 1458 4082 nobis
1503 4027 1616 4081 aut
1657 4009 1946 4078 distraxit
1986 4008 2160 4093 fuga,
