2675 4559
508 222 645 290 332,
1119 233 1199 288 M.
1234 231 1510 292 TULLII
1543 213 2010 290 emenonis(

506 358 667 425 illud
700 357 949 435 labore,
1002 367 1075 422 ut
1108 377 1241 421 non
1274 355 1610 421 minimum
1651 355 1774 421 hae
1816 377 1962 421 mea
2001 355 2516 422 commendatione

508 476 577 518 se
613 461 1025 518 consecutum
1060 449 1428 516 arbitretur..

1403 599 1653 655 XXVII.

1183 701 1300 757 Ser.
1318 701 1536 757 Romae
1555 720 1607 756 a.
1627 719 1682 755 u.
1703 719 1752 756 e.
1771 702 1890 758 708.

1142 801 1416 861 CICERO
1455 802 1731 860 SERVIO
1769 802 1932 860 SAL.

448 943 471 979 1
636 919 827 986 Licet
860 919 1086 985 eodem
1120 918 1413 1004 exemplo
1442 919 1694 1005 saepius
1730 918 1847 985 tibi
1881 918 2071 984 huius
2102 917 2353 1006 generis
2383 918 2517 982 litte·

508 1037 615 1080 ras
646 1014 923 1091 mittam,
976 1035 1124 1080 eum
1168 1013 1408 1099 gratias
1445 1035 1664 1098 agam,
1717 1011 1891 1098 quod
1931 1035 2122 1079 meas.
2157 1011 2520 1079 commenda-

508 1109 727 1179 tiones,
766 1119 901 1172 tam
952 1105 1291 1192 diligenter
1339 1105 1642 1172 observes
1675 1140 1764 1154 --
1797 1106 1985 1190 quod·
2021 1106 2153 1172 feci
2205 1106 2276 1171 in
2315 1105 2438 1170 aliis
2473 1116 2522 1168 et

508 1201 771 1278 faciam,
822 1211 895 1266 ut
946 1199 1163 1277 vide0,
1217 1200 1476 1286 saepius
1515 1233 1630 1277 -,
1685 1201 1800 1264 sed
1851 1211 2068 1267 tamen
2121 1222 2251 1266 non
2301 1220 2519 1286 paream

510 1317 740 1380 operae
775 1306 867 1370 et,
912 1303 983 1358 ut
1017 1314 1130 1357 vos
1168 1293 1380 1359 soletis
1414 1293 1480 1358 in
1516 1293 1806 1358 formulis
1819 1341 1839 1371 ‚
1887 1295 1980 1360 sie
2015 1317 2142 1382 ego
2177 1294 2248 1360 in
2281 1292 2520 1380 epistolis

448 1407 475 1447 2
508 1411 591 1452 nn
624 1410 839 1452 namu
870 1409 950 1452 nn
982 1407 1128 1453 Amo
1162 1409 1358 1468 nopo-
1431 1384 1510 1452 O.
1545 1387 1862 1452 Avianius
1897 1389 2100 1474 igitur
2132 1386 2518 1454 Hammonius

508 1481 893 1548 incredibilis
926 1480 1083 1546 mihi
1116 1479 1358 1567 gratias
1381 1504 1498 1568 per
1531 1482 1781 1547 litteras
1802 1482 1934 1568 egit
1967 1497 2034 1549 et
2071 1505 2195 1549 suo
2221 1495 2286 1550 et
2298 1479 2520 1547 Aemilii

508 1575 775 1652 Aviani,
824 1574 1076 1661 patroni
1110 1575 1239 1652 sui,
1282 1575 1568 1642 nomine:
1620 1597 1743 1641 nee
1783 1575 2124 1642 liberalius
2155 1599 2275 1644 nee
2307 1574 2518 1641 honori-

509 1669 801 1736 ficentius
852 1668 1135 1754 potuisse
1186 1669 1446 1734 tractari
1495 1690 1616 1734 neo
1675 1692 1746 1735 se
1796 1683 2204 1756 praesentem
2253 1693 2366 1736 neo
2411 1690 2518 1733 rem

509 1763 886 1830 familiarem
920 1763 1199 1829 absentis
1235 1764 1485 1848 patroni
1529 1763 1648 1828 sui.
1731 1763 1802 1828 id
1837 1764 1992 1830 mihi
2027 1787 2182 1832 eum
2216 1763 2518 1832 iucundum

510 1867 607 1922 est
642 1879 865 1924 eorum
908 1879 1133 1935 eausa,
1176 1879 1337 1942 quos
1381 1857 1496 1922 tibi
1539 1879 1660 1944 ego
1695 1881 1950 1924 summa
1991 1859 2444 1926 necessitudine
2470 1867 2518 1918 et

510 1973 761 2016 summa
794 1951 1239 2018 coniunctione
1272 1952 1588 2018 adductus
1615 1953 2238 2032 commendaveram,
2273 1951 2426 2037 quod
2437 1947 2512 2012 M.

510 2045 829 2110 Aemilius
870 2067 1039 2110 unus
1081 2057 1179 2111 est
1219 2068 1301 2112 ex
1343 2046 1504 2112 meis
1536 2045 2044 2112 familiarissimis
2091 2060 2284 2133 atque
2321 2041 2516 2110 intimis

508 2137 781 2203 maxime
814 2139 1239 2216 necessarius,
1284 2139 1475 2204 homo
1510 2151 1574 2206 et
1608 2141 1858 2226 magnis
1893 2141 2054 2208 meis
2093 2139 2400 2208 beneficiis
2431 2135 2516 2199 de·

508 2231 759 2298 vinetus
795 2242 861 2298 et
891 2255 1094 2318 prope
1127 2234 1434 2311 omnium,
1468 2236 1582 2320 qui
1610 2235 1771 2300 mibi
1798 2236 2031 2303 debere
2059 2235 2306 2322 aliquid
2336 2232 2512 2299 viden-

507 2335 639 2401 tur,
672 2324 1102 2410 gratissimus,
1147 2339 1283 2392 tum
1317 2329 1520 2392 multo
1553 2329 1894 2396 iucundius
1927 2341 1994 2397 te
2027 2353 2174 2400 esse
2207 2331 2276 2396 in
2305 2347 2398 2394 me
2425 2322 2512 2390 tali

506 2418 853 2496 voluntate,
887 2429 961 2483 ut
994 2420 1139 2504 plus
1174 2421 1380 2506 prosis
1407 2423 1628 2488 amieis
1655 2424 1834 2500 meis,
1870 2445 2067 2508 quam
2099 2447 2222 2512 ego
2255 2437 2512 2509 praesens

505 2511 775 2578 fortasse
816 2513 1217 2598 prodessem:
1272 2517 1494 2594 erede,
1539 2517 1716 2602 quod
1755 2518 1967 2605 magis
2007 2541 2136 2606 ego
2180 2518 2511 2586 dubitarem,

445 2623 470 2662 3
506 2606 661 2690 quid
693 2607 948 2674 illorum
990 2629 1199 2674 eausa.
1229 2609 1538 2689 facerem,
1596 2632 1792 2695 quam
1835 2623 1946 2690 tu,
1989 2612 2149 2698 quid
2193 2635 2348 2678 mea.
2425 2603 2513 2670 sed

503 2699 627 2767 hoo
666 2724 799 2767 non
844 2702 1067 2768 dubito
1115 2703 1273 2787 quin
1314 2704 1639 2772 existimes
1673 2705 1832 2771 mihi
1878 2729 2018 2772 esse
2059 2718 2338 2794 gratum:
2384 2695 2512 2766 illud

503 2805 567 2860 te
600 2817 781 2881 rogo,
817 2807 889 2861 ut
922 2796 1064 2862 illos
1092 2818 1349 2882 quoque
1383 2811 1600 2885 gratos
1637 2822 1778 2866 esse
1811 2801 2108 2868 homines
2139 2812 2339 2888 putee,
2371 2789 2512 2880 quod
2591 2797 2599 2804 '

502 2890 593 2953 ita
644 2911 785 2956 esse
836 2890 952 2956 tibi
1004 2891 1305 2976 promitto
1360 2905 1554 2978 atque
1607 2895 1932 2964 confirmo.
2037 2917 2172 2980 qua
2220 2917 2286 2962 re
2335 2889 2506 2958 velim,

504 2981 811 3066 quioquid
862 2983 1103 3051 habent
1154 2987 1416 3073 negotii,
1473 2988 1586 3054 des
1639 3010 1927 3076 operam,
1989 2991 2168 3074 quod
2217 2981 2504 3056 commodo

442 3091 471 3130 4
504 3087 614 3140 tuo
656 3075 799 3154 fiat,
852 3090 925 3142 ut
968 3090 1032 3144 te
1076 3079 1402 3147 obtinente
1435 3081 1754 3148 Achaiam
1801 3083 2160 3150 conficiant.
2247 3103 2360 3170 ego
2390 3095 2505 3143 oum

504 3181 615 3237 tuo
644 3168 873 3238 Servio
906 3172 1366 3242 iucundissimo
1403 3176 1916 3245 coniunctissime
1942 3179 2091 3244 vivo
2117 3171 2499 3264 magmimque
2606 3257 2607 3268 χ

504 3285 651 3328 cum
686 3287 767 3330 ex
800 3265 1058 3352 ingenio
1092 3267 1231 3336 eius
1264 3267 1705 3356 singularique
1737 3271 1976 3351 studio,
2023 3283 2164 3338 tum
2197 3295 2275 3339 ex
2309 3268 2499 3334 virtute
2606 3281 2607 3340 ἕ

503 3367 564 3422 et
597 3357 915 3443 probitate
948 3361 1344 3448 voluptatem
1377 3363 1580 3450 capio.
2606 3371 2607 3374 ’

1365 3512 1625 3570 XXVIII
1644 3531 1695 3570 a.

1164 3613 1284 3669 Ser.
1302 3613 1515 3672 Romae
1537 3633 1588 3671 a.
1607 3634 1661 3672 u.
1683 3635 1730 3672 e.
1753 3619 1869 3675 708.

1129 3715 1404 3773 CICERO
1443 3716 1720 3775 SERVIO
1759 3718 1922 3777 SAL.

440 3841 464 3878 1
624 3821 769 3888 Etsi
801 3825 1073 3894 libenter
1106 3840 1323 3915 petere
1359 3852 1398 3895 a
1431 3843 1494 3898 te
1530 3834 1724 3911 sole0,
1761 3835 1816 3901 si
1849 3834 2008 3919 quid
2041 3855 2200 3922 opus
2233 3841 2324 3898 est
2349 3839 2489 3890 meo·

496 3937 641 3978 rum
668 3917 963 4003 cuipiam,
999 3932 1213 3990 tamen
1238 3927 1438 3992 multo
1473 3927 1773 3994 libentius
1805 3930 2044 4016 gratias
2071 3931 2186 3996 tibi
2211 3945 2342 4013 ago,
2371 3934 2486 3984 0¹1m

496 4004 701 4076 fecisti
744 4012 983 4098 aliquid
1028 4020 1571 4090 commendatione
1605 4039 1778 4104 mea,
1831 4026 2008 4111 quod
2049 4043 2288 4112 semper
2334 4009 2483 4081 fassifli
