2675 4559
474 204 601 270 122
1084 215 1159 268 Μ.
1199 213 1472 272 TULLII
1508 211 1909 269 CICERONIS

410 361 437 400 s
472 339 745 418 vincere,
781 338 989 422 qualis
1024 337 1241 402 sutura
1278 337 1357 400 sit
1390 338 1492 400 vel
1527 336 1686 400 haec
1713 337 1816 400 vel
1849 335 1959 398 illa
1992 334 2276 400 victoria.
2329 335 2532 421 idque

472 455 619 498 cum
654 433 892 519 optime
939 431 1267 517 perspexi,
1313 429 1438 495 tale
1482 429 1699 505 video,
1745 427 1906 493 nihil
1940 439 2014 492 ut
2045 428 2200 492 mali
2233 428 2533 494 videat-ur

470 525 779 602 futurum,
814 524 867 590 si
901 523 968 588 id
996 521 1163 633 [vel]
1194 533 1342 588 ante
1379 521 1700 598 acciderit,
1728 520 1902 604 quod
1928 521 2031 585 vel
2059 521 2422 586 maximum
2451 524 2532 586 ad

474 619 765 684 timorem
778 617 1212 728 proponitur.
1258 615 1351 680 ita
1393 615 1564 681 enim
1597 616 1843 693 vivere,
1883 624 1960 679 ut
2003 625 2142 681 tum
2185 615 2270 680 sit
2305 612 2532 682 viven-

470 699 623 776 dum
636 761 655 791 ,
710 711 1135 776 miserrimum
1180 720 1305 788 est3
1359 710 1523 774 mori
1567 720 1780 774 autem
1815 731 2003 774 nemo
2039 709 2294 794 sapiens
2335 711 2530 775 mise-

468 827 613 870 rum
650 803 862 882 duxit,
897 826 979 870 ne
1014 805 1203 870 beato
1238 804 1521 888 quidem.
1607 803 1825 868 sedin
1861 825 1938 868 ea
1970 824 2042 868 es
2076 803 2258 880 urbe,
2293 804 2366 868 in
2403 825 2529 887 qua
2627 867 2630 876 ,

468 901 630 965 haec
664 900 768 965 vel
810 899 997 984 plura
1030 909 1093 964 et
1138 897 1460 962 ornatiora
1500 897 1774 984 parietes
1817 897 1941 982 ipsi
1983 893 2161 980 loqui
2204 917 2400 983 posse
2435 900 2526 962 vi-
2627 913 2630 920 ·

406 1015 434 1055 4
471 993 759 1058 deantur.
846 1013 972 1078 ego
1005 991 1121 1056 tibi
1156 991 1279 1056 hoc
1314 990 1648 1066 confirmn,
1694 990 1811 1056 etsi
1845 990 2004 1054 levis
2039 1000 2138 1055 est
2171 991 2524 1056 consolatio
2627 993 2630 1044 ἒ

470 1109 550 1150 ex
582 1086 851 1152 miseriis
888 1085 1183 1162 aliorum,
1228 1083 1426 1150 nihilo
1461 1096 1524 1149 te
1567 1105 1740 1148 nunc
1773 1083 2012 1148 maiore
2053 1082 2122 1147 in
2157 1083 2522 1150 discrimine

470 1201 609 1245 esse
662 1199 857 1264 quam
919 1178 1209 1262 quemvis
1270 1187 1384 1242 aut
1436 1199 1686 1253 eorum,
1750 1176 1861 1261 qui
1913 1176 2352 1254 discesserint,
2421 1191 2522 1244 aut
2628 1211 2630 1234 ε

468 1295 700 1347 commu,
756 1274 863 1357 qui
904 1274 1333 1335 remanserint.-
1385 1271 1566 1336 alteri
1603 1270 1934 1347 dimicant,
1987 1271 2171 1345 alteri
2215 1272 2522 1337 victorem
2628 1325 2630 1330 .

468 1364 710 1429 timent.
799 1363 914 1428 sed
958 1363 1121 1428 haec
1154 1364 1505 1429 consolatio
1538 1364 1698 1430 levis
1731 1375 1860 1441 est3
1910 1365 2023 1429 illa
2053 1365 2344 1450 gravior,
2394 1387 2523 1449 qua
2618 1389 2630 1426 vz

464 1469 529 1523 te
565 1457 659 1521 uti
695 1478 911 1543 spere,
958 1478 1081 1542 ego
1116 1468 1287 1523 certe
1320 1469 1496 1522 utor:
1549 1479 1668 1523 nec
1703 1458 1902 1535 enim,
1947 1458 2099 1523 dum
2137 1480 2278 1535 erc,
2324 1481 2522 1544 angar
2616 1485 2630 1548 1ε

466 1550 599 1623 ulla
628 1573 730 1629 re,
782 1573 930 1616 cum
968 1550 1140 1615 omni
1184 1572 1406 1617 vacem
1451 1553 1670 1638 culpa,
1723 1563 1816 1629 et,
1870 1552 1922 1616 si
1967 1573 2099 1616 non
2131 1573 2275 1631 erc,
2333 1572 2522 1617 sensu
2608 1555 2630 1616 -ἰ

465 1643 723 1708 omnino
770 1644 1019 1709 carebo.
1108 1645 1224 1710 sed
1265 1667 1484 1710 rursus
1528 1639 1751 1730 γλαῦκ’
1793 1643 1886 1722 εἷς
1915 1641 2224 1730 Ἀθήνας,
2284 1646 2400 1728 qui
2443 1646 2519 1709 ad
2605 1625 2630 1744 ᾗ

464 1747 529 1802 te
562 1738 743 1814 haee.
794 1739 955 1803 mihi
990 1749 1083 1815 tu,
1118 1739 1238 1815 tui,
1275 1750 1388 1804 tua
1423 1739 1634 1806 omnia
1667 1738 1986 1804 maximae
2021 1759 2214 1804 curae
2250 1750 2414 1804 sunt·
2441 1751 2516 1816 et,
2604 1746 2617 1811 Ι

464 1831 621 1896 dum
657 1833 892 1910 vivam,
930 1844 1133 1898 erunt.
1221 1833 1382 1898 vale.
1937 1863 1948 1870 ·

1435 2065 1537 2121 IV.
1646 2091 1655 2100 ’
2584 2099 2590 2106 .,

1132 2167 1247 2223 Ser.
1265 2167 1480 2222 Romae
1501 2184 1550 2222 a.
1573 2186 1624 2221 ιι.
1649 2185 1697 2222 c.
1720 2168 1836 2222 709.
2059 2135 2062 2138 .
2597 2043 2618 2391 g

897 2270 973 2323 M.
1014 2268 1286 2325 CICERO
1324 2267 1380 2323 S.
1418 2269 1490 2322 D.
1529 2271 1600 2322 A.
1639 2268 2082 2333 TORQUATO.
2593 2265 2630 2290 ·-’·

401 2413 425 2452 1
588 2392 790 2472 Novi,
828 2392 1001 2476 quod
1036 2391 1122 2456 ad
1154 2401 1217 2455 te
1254 2390 1628 2467 scriberem,
1673 2391 1828 2456 nihil
1865 2401 2032 2469 erat,
2069 2401 2134 2457 et
2169 2402 2417 2469 tamen,
2465 2395 2512 2457 si
2624 2441 2626 2444 ψ

460 2487 616 2570 quid
662 2497 855 2564 esset,
911 2485 1192 2550 sciebam
1236 2495 1302 2548 te
1336 2508 1378 2548 a
1418 2484 1546 2549 tuis
1581 2485 1914 2549 certiorem
1959 2484 2098 2550 fieri
2121 2486 2380 2564 asolere3
2435 2487 2512 2552 de
2602 2400 2630 2603 r

458 2580 691 2644 futuris
728 2590 942 2645 autem
968 2577 1159 2642 rebus
1190 2577 1307 2642 etsi
1336 2600 1588 2664 semper
1616 2577 1874 2644 difficile
1903 2590 1999 2643 est
2027 2577 2259 2657 dicere,
2295 2592 2511 2645 tamen

457 2673 777 2738 interdum
806 2672 1170 2738 coniectura
1202 2671 1409 2758 possis
1446 2673 1710 2756 propius
1737 2672 2057 2750 accedere,
2095 2694 2244 2738 cum
2280 2684 2380 2738 est
2409 2697 2510 2740 res
2627 2691 2630 2749 ῑ

458 2767 597 2834 eius
639 2767 811 2831 modi
824 2815 841 2843 ,
896 2767 1078 2831 cuius
1122 2768 1329 2832 exitus
1373 2765 1694 2852 provideri
1737 2766 1956 2850 possit.
2041 2787 2216 2830 nunc
2259 2777 2510 2832 tantum

456 2859 749 2924 videmur
780 2859 1169 2944 intellegere,
1205 2881 1335 2923 non
1371 2860 1744 2926 diuturnum
1766 2861 2056 2947 summm
2092 2859 2352 2938 bellum,
2388 2862 2508 2926 etsi

453 2950 523 3014 id
562 2951 777 3035 ipsum
818 2972 948 3014 non
988 2953 1179 3016 nullis
1224 2952 1477 3019 videtur
1521 2978 1721 3020 secus.
1811 2953 2108 3040 equidem
2151 2975 2300 3018 curn
2348 2955 2508 3024 haee

456 3043 841 3122 scribebam,
892 3044 1133 3129 aliquid
1166 3047 1295 3111 iam
1332 3060 1548 3113 actum
1583 3051 1917 3135 putabam:
1962 3073 2093 3116 non
2129 3071 2260 3135 quo
2294 3099 2504 3118 ......

454 3137 569 3202 sed
602 3137 774 3221 quod
811 3137 1085 3204 difficilis
1118 3150 1257 3205 erat
1304 3142 1686 3209 coniectura.
1743 3167 1895 3208 nam
1931 3167 2077 3210 cum
2113 3147 2320 3210 omnis
2358 3147 2505 3211 belli

450 3231 637 3296 Mars
696 3234 1047 3299 communis
1108 3246 1170 3300 et
1234 3255 1382 3301 cum
1440 3259 1694 3323 semper
1753 3239 1978 3304 incerti
2039 3240 2250 3305 exitus
2318 3263 2506 3326 proe-

450 3323 681 3391 liorum
716 3338 895 3404 sunt,
940 3338 1080 3393 tum
1122 3327 1245 3394 hoc
1288 3340 1576 3416 tempore
1610 3331 1700 3395 ita
1729 3355 2004 3418 magnae
2037 3329 2378 3418 utrimque-
2399 3357 2506 3399 co-

450 3417 625 3504 piae,
686 3420 779 3485 ita
829 3432 1091 3506 paratae
1145 3422 1227 3487 ad
1282 3424 1782 3510 depugnandum
1835 3449 1976 3492 esse
2028 3427 2358 3505 dicuntur,
2411 3439 2500 3503 ut,

405 3592 414 3596 ..
453 3522 866 3596 utercumque
902 3514 1153 3593 vicerit,
1196 3537 1327 3582 non
1362 3518 1446 3582 sit
1477 3519 1712 3584 mirum
1747 3519 2064 3586 futurum:
2115 3521 2282 3586 illa
2263 3547 2331 3586 m
2367 3523 2500 3587 dies

450 3605 736 3690 singulos
788 3607 993 3692 magis
1044 3609 1380 3694 magisque
1433 3611 1645 3698 opinio
1695 3613 2027 3679 hominum
2071 3615 2498 3693 confirmatur,

352 3761 361 3770 ,
450 3699 695 3764 etiamsi
730 3699 895 3764 inter
930 3723 1155 3768 causas
1190 3727 1512 3770 armorum
1548 3706 1947 3790 aliquantum
1981 3708 2247 3786 intersit,
2285 3721 2498 3776 tamen

447 3793 612 3860 inter
644 3795 939 3862 victorias
986 3819 1117 3864 non
1158 3799 1434 3864 multum
1475 3800 1943 3872 interfuturum.
2033 3804 2265 3869 alteros
2301 3827 2499 3890 prope

446 3887 757 3954 medum
736 3914 867 3955 1am
894 3913 1115 3958 sumus
1142 3893 1418 3979 experti3
1456 3895 1535 3960 de
1573 3896 1772 3960 altero
1798 3917 1990 3962 nemo
2015 3906 2114 3963 est
2139 3897 2299 3981 quin
2329 3897 2504 3982 cogi-

384 3999 413 4038 2
446 3989 559 4057 tet,
576 4004 771 4066 quam
800 3985 883 4050 sit
906 3988 1287 4053 metuendus
1313 3988 1513 4053 iratus
1541 3989 1744 4054 victer
1769 4000 2074 4059 armatus
2127 3990 2251 4057 hoc
2277 3949 2445 4058 100οὸ
2447 3991 2498 4054 si
