2675 4559
767 232 1324 288 EPISTULARUM„
1356 232 1432 288 K.
1472 232 1556 288 32.
1580 236 1664 288 33.
2124 224 2256 288 255

189 380 376 441 porro
415 356 746 420 festinavit
779 368 1050 439 uterque
1088 356 1462 442 confligere,
1507 368 1838 441 tamquam
1873 360 2033 422 nihil
2066 360 2251 445 peius

187 451 483 514 timerent
528 469 724 533 quam
768 472 850 515 ne
896 449 1032 514 sine
1077 449 1356 514 maximo
1393 451 1486 515 rei
1529 451 1827 536 publicae
1872 452 2251 519 detrimento

184 544 429 608 bellum
484 555 979 629 conponeretur;
1044 544 1185 621 sed,
1250 544 1305 608 si
1360 545 1835 632 properandum
1889 547 2013 612 fuit
2024 594 2043 626 ,
2095 548 2253 614 nihil

179 659 313 702 non
348 636 587 702 summi
633 637 812 702 ducis
850 637 1113 702 consilio
1148 638 1424 724 gessisse
1461 639 1748 704 Hirtium
1784 640 1991 707 video.
2080 665 2252 708 nunc

178 731 343 796 haec
395 730 557 794 mihi
610 730 975 799 scribuntur
1028 754 1110 796 ex
1162 729 1384 819 ‚Gallia
1435 732 1674 818 Lepidi
1729 745 1794 800 et
1844 735 2248 802 nuntiantur:

176 824 441 891 Pansae
495 826 847 892 exercitum
900 826 1229 892 concisum
1283 849 1452 903 esse3
1505 827 1792 894 Pansam
1845 852 1927 894 ex
1978 831 2252 897 volneri-

177 921 304 984 bus
341 931 669 985 mortuum
680 946 698 998 3
736 921 963 986 eodem
998 921 1240 1006 proelio
1258 921 1570 986 Martiam
1604 922 1925 1008 legionem
1957 924 2250 991 interisse

175 1026 239 1078 et
296 1014 384 1078 L.
440 1015 764 1080 Fabatum
818 1027 882 1081 et
936 1013 1016 1080 C.
1070 1015 1490 1081 Peducaeum
1543 1027 1606 1082 et
1656 1017 1746 1082 D.
1794 1014 2248 1098 Oarfiilenum3

175 1109 446 1173 Hirtino
491 1120 707 1174 autem
750 1111 994 1195 proelio
1047 1121 1112 1176 et
1162 1111 1523 1190 secundam,
1564 1112 1884 1198 legionem
1932 1124 1995 1179 et
2042 1115 2247 1179 omnis

170 1225 505 1288 peraeque
533 1204 804 1270 Antonii
839 1227 1080 1282 caesas,
1117 1205 1270 1271 item
1299 1206 1497 1271 Hirtii
1508 1231 1526 1283 ;
1565 1213 1862 1290 quartam
1896 1230 2070 1286 ver0,
2101 1230 2249 1273 cum

174 1309 393 1364 castra
440 1320 698 1384 quoque
733 1300 1005 1366 Antonii
1052 1300 1356 1386 cepisset,
1405 1325 1444 1366 a
1478 1302 1704 1386 quinta
1747 1302 2001 1390 legione
2036 1303 2249 1370 conci-

173 1415 323 1458 sam
356 1415 502 1458 esse
512 1418 531 1471 ;
576 1395 668 1458 ibi
701 1394 989 1460 Hirtium
1025 1417 1281 1480 quoque
1316 1396 1560 1481 perisse
1597 1406 1662 1462 et
1693 1397 2004 1463 Pontium
2039 1397 2249 1482 Aqui-

171 1489 341 1565 lam3
398 1488 527 1554 dici
562 1489 755 1555 etiam
794 1488 1228 1555 Octavianum
1273 1491 1578 1556 cecidisse
1613 1528 1701 1538 ——
1735 1513 1902 1576 quae
1939 1493 2022 1570 si,
2076 1493 2250 1577 quod

170 1583 240 1646 di
307 1582 724 1668 prohibeant!
789 1607 942 1650 vera
1005 1595 1181 1662 sunt,
1245 1606 1376 1649 non
1435 1585 1841 1650 mediocriter
1894 1586 2078 1652 doleo
2131 1612 2246 1665 ——;

169 1677 543 1742 Antonium
588 1678 860 1764 turpiter
892 1678 1189 1744 Mutinae
1233 1678 1668 1744 obsessionem
1713 1679 2077 1762 reliquisse,
2133 1680 2248 1745 sed

170 1772 420 1836 habere
458 1772 747 1856 equitum
787 1797 833 1838 v.
863 1796 919 1839 u.
933 1820 953 1851 ,
997 1772 1284 1860 legiones
1320 1772 1442 1838 sub
1488 1773 1688 1859 signis
1724 1784 2000 1838 armatas
2032 1774 2149 1838 tris
2186 1787 2250 1838 et

168 1865 256 1929 P.
274 1865 605 1953 Bagienni
640 1889 855 1944 unam,
891 1867 1152 1932 inermis
1186 1868 1352 1932 bene
1381 1867 1617 1931 multos
1629 1891 1647 1943 3
1683 1865 2060 1933 Ventidium
2090 1889 2250 1952 quo-

166 1981 306 2043 que
362 1983 433 2026 se
487 1983 635 2026 cum
687 1962 939 2048 legione
983 1984 1089 2027 v11.
1127 1985 1255 2026 vm.
1291 1984 1448 2026 vnn.
1496 1960 1926 2039 coniunxisse3
1983 1961 2038 2025 si
2089 1961 2248 2026 nihil

168 2056 249 2118 in
299 2054 558 2141 Lepido
620 2057 758 2141 spei
820 2056 930 2132 sit,
996 2057 1455 2121 descensurum
1519 2056 1602 2120 ad
1663 2065 1948 2121 extrema
2001 2066 2065 2122 et
2114 2077 2248 2120 non

170 2149 375 2214 modo
430 2150 750 2227 nationes,
804 2150 917 2217 sed
971 2150 1163 2216 etiam
1225 2149 1486 2215 Servitia
1537 2151 2034 2227 concitaturum3
2086 2149 2250 2214 Par-

169 2266 354 2308 mam
399 2244 749 2332 direptam3
790 2245 877 2322 L.
916 2245 1276 2310 Antonium
1318 2244 1510 2330 Alpis
1553 2266 1931 2330 occupasse:
1985 2266 2152 2329 quae
2191 2244 2246 2308 si

168 2360 335 2403 vera
386 2350 566 2416 sunt,
620 2339 868 2405 nemini
918 2351 1209 2404 nostrum
1263 2339 1646 2405 cessandum
1697 2350 1797 2404 est
1847 2361 1968 2405 nec
2021 2362 2248 2426 exspe-

168 2432 518 2510 ctandum,
572 2434 730 2518 quid
784 2434 1085 2500 decernat
1136 2446 1426 2511 senatus3
1489 2457 1591 2500 res
1645 2434 1818 2500 enim
1870 2434 2045 2521 cogit
2095 2433 2248 2500 huic

168 2541 359 2592 tanto
401 2528 701 2594 incendio
746 2551 1118 2595 succurrere
1163 2529 1399 2605 omnis,
1452 2527 1564 2612 qui
1600 2539 1713 2593 aut
1754 2528 2098 2614 imperium
2115 2548 2118 2550 ’
2133 2539 2246 2594 aut

166 2644 415 2687 nomen
451 2623 729 2706 denique
762 2624 986 2709 populi
1012 2623 1288 2688 Romani
1324 2623 1573 2687 salvum
1602 2623 1825 2688 volunt
1861 2645 2019 2688 esse.
2075 2623 2245 2688 Bru-

168 2735 317 2784 tum
356 2719 529 2784 enim
574 2718 849 2784 cohortis
885 2742 1032 2783 xvn.
1072 2729 1135 2783 et
1181 2718 1344 2783 duas
1390 2739 1522 2783 non
1564 2717 1918 2801 frequentis
1964 2717 2246 2782 tironum

166 2814 487 2900 legiones,
524 2835 685 2897 quas
722 2813 1182 2898 conscripserat
1209 2812 1555 2890 Antonius,
1591 2811 1828 2877 habere
1865 2810 2075 2876 audio·
2129 2833 2244 2876 ne-

164 2929 299 2992 que
350 2919 567 2974 tamen
613 2907 835 2971 dubito
880 2907 1037 2991 quin
1080 2929 1301 2973 omnes
1314 2954 1333 2984 ,
1390 2907 1504 2990 qui
1546 2905 1872 2993 supersint
1916 2905 1997 2972 de
2042 2904 2244 2971 Hirtii

170 3002 494 3080 exercitu,
541 3003 865 3068 confluant
900 3002 984 3066 ad
1019 3024 1197 3079 eum3
1241 3024 1396 3066 nam
1428 3001 1498 3066 in
1533 3001 1768 3068 dilectu
1804 3023 1935 3067 non
1968 3002 2243 3068 multum

171 3097 315 3182 spei
377 3107 537 3182 puto
604 3119 771 3172 esse,
843 3094 1218 3182 praesertim
1271 3118 1420 3162 cum
1471 3095 1632 3162 nihil
1692 3095 1776 3161 sit
1824 3095 2243 3180 periculosius

169 3213 377 3276 quam
410 3192 694 3277 spatium
728 3191 1147 3256 confirmandi
1192 3213 1333 3257 sese
1369 3190 1657 3271 Antonio
1693 3189 1851 3254 dari.
1941 3188 2092 3254 anni
2127 3212 2244 3253 au-

168 3298 307 3352 tem
370 3297 626 3372 tempus
686 3285 1044 3351 libertatem
1103 3287 1414 3351 maiorem
1476 3284 1634 3349 mihi
1693 3282 1833 3361 dat,
1904 3292 2244 3368 propterea

169 3382 331 3464 quia
382 3381 726 3447 frumenta·
761 3391 873 3445 aut
923 3381 990 3446 in
1045 3381 1217 3467 agris
1272 3392 1409 3446 aut.
1433 3381 1502 3444 in
1544 3378 1712 3444 villis
1765 3389 1932 3442 sunt.
2023 3377 2242 3462 itaque

167 3475 486 3562 proximis
540 3475 767 3541 litteris
812 3475 1145 3541 consilium
1200 3498 1416 3542 meum
1470 3473 1875 3584 expedietur3
1927 3494 2080 3538 nam
2128 3493 2244 3537 ne-

173 3591 304 3654 que
342 3570 567 3636 deesse
609 3590 821 3653 neque
866 3592 1196 3655 superesse
1238 3570 1335 3636 rei
1378 3569 1674 3656 pubhcae
1711 3567 1875 3632 volo.
1963 3565 2242 3631 maxime

172 3676 396 3730 tamen
440 3663 625 3730 doleo
673 3664 833 3729 adeo
869 3675 934 3729 et
974 3665 1169 3750 longo
1205 3676 1269 3730 et
1312 3664 1546 3730 infesto
1591 3663 1816 3728 itinere
1861 3661 1945 3726 ad
1986 3683 2093 3726 me
2128 3681 2240 3725 ve-

172 3757 330 3835 niri,
376 3769 451 3823 ut
493 3758 598 3824 die
642 3759 1179 3845 quadragensimo
1220 3769 1369 3845 post
1415 3771 1526 3824 aut
1569 3759 1736 3824 ultra
1771 3756 1993 3833 etiam,
2043 3777 2237 3839 quam

174 3849 350 3918 facta
385 3865 562 3930 sunt,
598 3854 815 3919 omnia
847 3854 1236 3921 nuntientur.

2281 2265 2308 2307 5
