2675 4559
97 204 128 292 ,ἓ
695 219 1252 279 EPISTOLARUM
1286 222 1417 279 v11.
1453 223 1696 280 28-30.
2092 216 2216 282 167

204 349 343 412 bene
374 346 511 410 vale
548 344 972 429 Tironemque
1007 367 1224 410 meum
1260 345 1467 410 saluta
1500 348 1731 412 nostris
1771 350 2001 416 verbis.
2057 352 2120 417 d.
2158 375 2217 417 a.

203 442 252 505 d.
281 463 383 504 1111.
417 439 570 503 Kal.
604 437 772 503 Nov.

1100 673 1289 728 XXX.

474 775 593 831 Scr.
612 775 828 832 Romae
846 776 1076 831 ineunte
1092 793 1283 832 mense
1300 776 1565 833 Ianuario
1583 794 1634 832 a.
1653 796 1707 834 ιι.
1729 797 1776 835 c.
1798 781 1916 838 710.

813 876 1090 933 CICERO
1127 875 1362 936 CURIO
1399 878 1456 935 S.
1493 879 1583 950 D„

81 1065 82 1072 ,
294 1002 433 1089 Ego
471 1023 625 1067 vero
661 1001 792 1065 iam
834 1013 898 1066 te
931 1022 1052 1066 nec
1094 1000 1311 1065 hortor
1352 1024 1473 1068 nec
1507 1025 1667 1090 rogo
1702 1017 1775 1070 ut
1819 1006 2082 1071 domum
2115 1029 2216 1074 re-

79 1125 80 1129 *
192 1098 315 1162 deas
323 1121 341 1174 3
385 1096 546 1181 quin
593 1095 745 1162 hinc
783 1096 923 1181 ipse
968 1096 1221 1162 evolare
1266 1098 1456 1183 cupio
1492 1111 1556 1165 et
1600 1100 1816 1184 aliquo
1859 1102 2213 1187 pervenire,

191 1191 305 1255 ‘ubi
336 1212 453 1256 nec
485 1189 955 1276 Pelopidarum
985 1210 1220 1256 nomen
1254 1213 1373 1256 nec
1417 1192 1590 1258 facta
1625 1194 1924 1260 audiam.'
2011 1196 2216 1262 incre·-

189 1285 350 1350 dibile
385 1294 510 1361 est,
561 1304 769 1367 quam
793 1283 1065 1369 turpiter
1096 1283 1254 1349 mihi
1288 1284 1501 1351 facere
1535 1285 1788 1365 videar,
1833 1289 1945 1373 qui
1981 1288 2080 1356 his
2115 1313 2216 1356 re-

188 1379 285 1444 bus
315 1377 625 1444 intersim.
716 1401 796 1443 ne
832 1389 906 1442 tu
938 1377 1175 1444 videris
1211 1378 1411 1444 multo
1448 1392 1596 1448 ante
1630 1383 2014 1468 providisse,
2060 1385 2216 1469 quid

184 1472 526 1558 inpenderet
577 1483 745 1549 tum,
795 1494 942 1537 cum
975 1471 1125 1538 hinc
1168 1472 1530 1558 profugisti.
1620 1497 2011 1562 quamquam
2054 1478 2214 1544 haec

186 1567 348 1632 etiam
389 1567 623 1632 auditu
666 1566 899 1632 acerba
932 1577 1111 1643 sunt,
1156 1577 1371 1631 tamen
1415 1568 1638 1634 audire
1681 1571 2072 1637 tolerabilius
2117 1582 2215 1637 est

184 1681 348 1742 quam
388 1660 634 1726 videre.
721 1660 789 1724 in
834 1681 1061 1745 campo
1106 1670 1275 1725 certe
1310 1682 1440 1724 non
1474 1659 1683 1738 fuisti,
1729 1684 1877 1728 cum
1921 1663 2080 1730 hora
2113 1688 2214 1730 se—

185 1754 363 1819 cunda
420 1753 702 1820 comitiis
764 1752 1140 1838 quaestoriis
1201 1753 1506 1818 institutis
1567 1755 1726 1821 sella
1778 1754 1862 1837 Q.
1915 1756 2211 1835 Maximi,

183 1869 345 1930 quem
375 1848 467 1913 illi
504 1848 841 1914 consulem
878 1869 1017 1913 esse
1053 1846 1382 1924 dicebaut,
1416 1848 1625 1933 posita
1659 1860 1845 1926 esset,
1881 1870 2010 1933 quo
2045 1873 2214 1917 mor-

183 1954 272 2006 tuo
310 1943 605 2009 nuntiato
650 1941 809 2008 sella
851 1941 1106 2007 sublata
1140 1952 1255 2006 est.
1343 1941 1451 2007 ille
1497 1953 1742 2020 autem,
1787 1944 1898 2027 qui
1943 1944 2213 2010 comitiis

183 2037 402 2103 tributis
458 2049 636 2104 esset
687 2035 1081 2122 auspicatus,
1146 2035 1500 2101 centuriata
1560 2035 1814 2114 habuit3
1886 2038 2212 2103 consulem

183 2129 310 2196 hora
360 2132 642 2218 septima
690 2129 1105 2206 renuntiavit,
1160 2129 1272 2214 qui
1325 2151 1530 2213 usque
1576 2131 1660 2195 ad
1702 2131 2034 2197 Kalendas
2070 2132 2209 2197 Ian.

183 2237 348 2303 esset,
399 2247 576 2310 quae
629 2234 810 2290 erant
860 2222 1113 2289 futurae
1166 2245 1354 2288 mane
1407 2223 1738 2309 postridie:
1792 2224 1885 2289 ita
1938 2223 2212 2292 Caninio

182 2320 407 2385 consule
452 2319 622 2385 scito
668 2318 989 2384 neminem
1033 2315 1382 2402 prandisse.
1472 2316 1629 2381 nihil
1682 2329 1894 2384 tamen
1940 2340 2016 2384 eo
2060 2340 2212 2384 con·

180 2413 291 2479 sule
330 2415 479 2480 mali
527 2412 776 2478 factum
823 2422 947 2488 est3
1000 2410 1122 2476 fuit
1166 2411 1336 2475 enim
1378 2410 1646 2476 mirifica
1688 2411 2047 2498 vigilantia,
2102 2413 2212 2497 qui

129 2512 137 2521 “
178 2528 273 2572 suo
304 2520 432 2575 toto
468 2507 813 2574 consulatu
848 2527 1144 2572 somnum
1186 2527 1316 2571 non
1362 2504 1610 2571 viderit.
1696 2505 1856 2573 haec
1899 2506 2016 2573 tibi
2058 2507 2211 2573 ridi-

178 2602 298 2667 cula
344 2603 651 2669 videntur
699 2637 788 2650 -
838 2622 968 2666 non
1019 2599 1189 2666 enim
1240 2599 1395 2666 ades
1446 2625 1562 2678 --;
1616 2622 1782 2684 quae
1835 2601 1889 2666 si
1942 2602 2211 2679 videres,

177 2694 439 2764 lacrimas
474 2719 613 2763 non
648 2708 915 2763 teneres.
970 2694 1143 2779 quid,
1182 2693 1237 2760 si
1272 2705 1484 2761 cetera
1509 2693 1822 2760 scribam?
1857 2706 2006 2760 sunt
2039 2695 2210 2760 enim

176 2789 644 2859 innumerabilia
695 2791 947 2877 generis
1004 2788 1322 2865 eiusdem,
1377 2810 1543 2873 quae
1595 2789 1854 2872 quidem
1906 2809 2029 2874 ego
2080 2810 2206 2855 non

175 2978 276 3042 nisi
322 2981 633 3047 haberem
693 2978 937 3044 socium
991 2977 1348 3043 studiorum
1410 2998 1699 3047 meorum
1750 2977 2044 3043 Atticum
2094 2999 2212 3043 no-

177 3084 378 3154 strum3
422 3075 614 3140 cuius
651 3073 952 3158 quoniam
986 3072 1315 3159 proprium
1359 3082 1422 3137 te
1458 3093 1597 3136 esse
1633 3071 1857 3137 scribis
1892 3070 2211 3157 mancipio

101 3196 104 3203 ·
178 3178 229 3229 e't
256 3191 434 3247 nexo,
470 3191 693 3234 meum
728 3179 944 3233 autem
977 3188 1101 3232 usu
1136 3177 1201 3232 et
1234 3165 1470 3240 fructu,
1509 3175 1844 3229 contentus
1877 3166 2001 3229 isto
2038 3187 2208 3241 sum3

177 3257 230 3323 id
260 3263 419 3328 enim
448 3274 551 3330 est
578 3262 889 3347 cuiusque
914 3260 1264 3346 proprium,
1300 3279 1430 3343 quo
1458 3258 1729 3341 quisque
1757 3256 1992 3321 fruitur
2019 3269 2210 3340 atque

100 3397 102 3400 ι
176 3355 367 3421 utitur.
456 3355 576 3422 sed
617 3354 779 3421 haec
824 3355 981 3419 alias
1024 3353 1337 3463 pluribus.
1426 3349 1706 3426 Aciliae,
1753 3349 1865 3433 qui
1898 3349 1966 3413 in
2003 3347 2210 3415 Grae-

177 3446 319 3512 ciam
361 3470 514 3516 cum
553 3448 918 3535 legionibus
962 3449 1195 3512 missus
1231 3457 1355 3521 est,
1401 3442 1682 3509 maximo
1719 3463 1863 3509 meo
1901 3440 2211 3508 beneficio

178 3552 284 3619 θεῖς
332 3543 433 3608 bis
477 3544 650 3610 enim
694 3555 792 3609 est
834 3566 873 3608 a
916 3564 1019 3607 me
1071 3540 1307 3606 iudicio
1356 3537 1582 3624 capitis
1626 3536 1819 3603 rebus
1862 3535 2057 3601 salvis
2101 3536 2212 3601 de-

133 3699 137 3712 ,
178 3630 406 3714 seusus,
470 3648 535 3704 et
588 3648 685 3703 est
734 3636 927 3702 homo
980 3656 1111 3700 non
1174 3634 1464 3720 ingratus
1518 3652 1751 3715 meque
1801 3629 2211 3696 vehementer

79 3769 88 3816 1
180 3725 484 3795 observat·
538 3730 625 3796 ad
675 3752 824 3798 eum
875 3729 955 3795 de
1008 3739 1073 3794 te
1126 3725 1609 3813 diligentissime
1663 3723 1887 3810 scripsi
1940 3743 2209 3806 eamque

181 3820 490 3903 epistolam
541 3845 691 3890 cum
742 3824 864 3890 hac
917 3818 1248 3910 [epistola]
1303 3819 1632 3896 coniunxi,
1688 3838 1882 3901 quam
1924 3815 2032 3882 ille
2082 3836 2212 3899 quo

85 3914 100 3983 ἶ
181 3915 351 3981 modo
380 3917 710 4004 acceperit
754 3930 820 3984 et
861 3917 1019 4002 quid
1062 3915 1178 3981 tibi
1222 3913 1543 4001 pollicitus
1588 3911 1698 3989 sit,
1745 3909 1937 3977 velim
1982 3909 2064 3976 ad
2108 3930 2214 3975 me

85 4005 96 4051 ἓ
183 4007 421 4076 scribas.

127 2880 137 2891 '
176 2882 409 2964 ferrem,
461 2886 593 2951 nisi
646 2907 749 2950 me
791 2885 859 2950 in
903 2882 1346 2970 philosophiae
1390 2894 1648 2968 portum
1694 2882 2102 2949 contulissem
2146 2894 2211 2947 et
2308 2885 2310 2889 ’
