2675 4559
411 237 542 306 250
1019 248 1096 302 M.
1134 247 1413 305 TULLH
1448 245 1849 305 CICEROMS

410 375 576 442 inter
620 373 1024 440 Antonianos
1067 371 1553 454 Antoniumque
1595 380 1742 456 post
1782 391 1886 434 me
1930 393 2071 436 esse
2114 371 2470 454 aliquanto.

409 481 670 556 repente
711 490 946 552 equum
988 465 1202 531 inmisi
1257 465 1340 530 ad
1384 487 1529 531 eam
1570 464 1889 550 legionem
1930 465 2242 543 tironum,
2294 487 2473 550 quae
2646 479 2649 596 4

410 563 706 631 veniebat
741 583 823 628 ex
858 561 1082 626 castris
1117 570 1300 626 scuto
1335 560 1588 626 reiecto,
1651 559 2007 624 Antoniani
2040 582 2145 625 me
2178 559 2475 644 insequi3

407 657 608 724 nostri
641 657 774 744 pila
817 655 1064 722 coicere
1097 655 1296 720 vellet
1342 654 1435 718 ita
1466 653 1683 719 nescio
1719 674 1847 738 quo
1892 653 2027 720 fato
2062 677 2207 720 sum
2242 677 2474 720 serva-

348 771 376 812 t
410 764 542 830 tus,
579 752 758 837 quod
801 774 943 816 sum
979 749 1103 815 cito
1139 773 1180 815 a
1211 747 1446 815 nostris
1480 747 1795 834 cognitus.
1881 748 1950 813 in
1982 748 2126 834 ipsa
2158 748 2473 824 Aemilia,

409 847 521 912 ubi
573 846 801 912 cohors
847 841 1144 910 Caesaris
1196 843 1517 928 praetoria
1558 852 1725 918 erat,
1776 842 1888 906 diu
1940 852 2295 928 pugnatum
2348 854 2473 908 est.

410 962 610 1008 cornu
645 938 1014 1014 sinisterius,
1050 937 1224 1021 quod
1261 946 1398 1002 erat
1432 935 1765 1012 infirmius,
1800 935 1915 1000 ubi
1946 936 2225 1001 Martiae
2262 936 2477 1021 legio—

409 1035 510 1102 nis
539 1034 706 1100 duae
733 1033 1024 1099 cohortes
1051 1041 1232 1096 erant
1259 1041 1324 1096 et
1350 1029 1575 1097 cohors
1601 1030 1937 1116 praetoria,
1967 1029 2197 1115 pedem
2226 1030 2475 1096 referre

412 1139 777 1214 coeperunt,
812 1126 986 1210 quod
1021 1125 1104 1200 ab
1141 1125 1434 1208 equitatu·
1464 1124 1978 1201 circumibantur,
2016 1146 2145 1208 quo
2180 1124 2284 1189 vel
2320 1125 2477 1210 plu-

410 1223 644 1288 rimum
676 1221 848 1286 valet
879 1219 1224 1287 Antonius.
1298 1240 1445 1282 cum
1482 1241 1702 1282 omnes
1739 1241 1807 1283 se
1841 1218 2230 1304 recepissent
2261 1219 2477 1283 nostri

411 1317 683 1392 ordines,
711 1314 991 1398 recipere
1017 1335 1121 1378 me
1147 1312 1534 1378 novissimus
1554 1313 1737 1398 coepi
1754 1312 1837 1378 ad
1865 1324 2073 1378 castra
2080 1338 2099 1390 3
2138 1315 2473 1380 Antonius

411 1421 738 1493 tamquam
773 1407 976 1472 victor
1009 1417 1220 1472 castra
1252 1406 1501 1493 putavit
1539 1429 1609 1472 se
1641 1429 1830 1492 posse
1856 1429 2112 1493 capere=
2148 1430 2279 1492 quo
2314 1429 2473 1474 cum

411 1503 604 1578 venit,
639 1501 960 1588 conpluris
993 1501 1088 1566 ibi
1121 1501 1336 1566 amisit
1368 1523 1489 1566 nec
1524 1501 1656 1588 egit
1690 1502 2053 1586 quicquam.
2142 1503 2365 1568 audita
2400 1527 2474 1569 re

409 1596 662 1661 Hirtius
711 1617 858 1662 cum
913 1595 1280 1662 cohortibus
1323 1619 1426 1660 xx.
1471 1596 1787 1662 veteranis
1840 1596 2131 1662 redeunti
2180 1598 2473 1663 Antonio

409 1692 477 1756 in
514 1713 630 1759 sua
663 1701 872 1757 castra
906 1690 1180 1756 occurrit
1213 1689 1559 1776 copiasque
1594 1690 1733 1755 eius
1768 1691 1973 1756 omnis
2009 1691 2245 1756 delevit
2276 1691 2472 1778 fuga-

411 1786 630 1870 vitque
677 1784 902 1852 eodem
935 1785 1106 1862 1000,
1151 1784 1266 1849 ubi
1301 1795 1439 1850 erat
1471 1795 1859 1870 pugnatum,
1908 1786 1993 1850 ad
2024 1785 2269 1850 Forum
2306 1783 2473 1852 Gral-

411 1880 650 1957 lorum3
691 1879 1017 1946 Antonius
1053 1899 1200 1944 cum
1237 1878 1556 1964 equitibus
1590 1877 1749 1944 hora
1782 1880 1988 1946 noctis
2025 1891 2259 1964 quarta
2290 1904 2363 1946 se
2398 1882 2468 1945 in

349 1987 378 2030 ⁵
414 1983 622 2040 castra
663 1996 782 2038 sua
823 1973 909 2038 ad
941 1973 1267 2038 Mutinam
1301 1973 1570 2058 recepit3
1614 1972 1867 2038 Hirtius
1910 1973 1979 2037 in
2014 1997 2091 2040 ea
2126 1985 2334 2039 castra
2368 1997 2471 2040 re-

413 2067 556 2145 diit,
610 2067 782 2132 unde
827 2066 1046 2131 Pansa
1091 2067 1361 2143 exierat,
1412 2067 1528 2131 ubi
1572 2067 1732 2130 duas
1774 2066 2059 2154 legiones
2102 2069 2467 2154 reliquerat,

413 2183 578 2244 quae
614 2161 698 2226 ab
731 2161 1019 2224 Antonio
1055 2171 1236 2226 erant
1269 2173 1701 2248 oppugnatae.
1756 2162 1845 2226 sic
1878 2173 2126 2247 partem
2160 2163 2467 2228 maiorem

411 2277 677 2320 suarum
717 2252 1046 2338 copiarum
1083 2253 1410 2320 Antonius
1458 2255 1670 2320 amisit
1712 2267 2189 2334 veteranarum3
2242 2279 2365 2324 nec
2398 2258 2465 2322 id
2643 2292 2645 2300 =

410 2359 623 2412 tamen
659 2345 793 2410 sine
819 2345 1034 2430 aliqua
1066 2346 1312 2412 iactura
1337 2347 1697 2412 cohortium
1722 2350 2185 2435 praetoriarum
2212 2363 2467 2417 nostra·
2643 2389 2645 2392 >

407 2463 550 2506 rum
587 2451 650 2506 et
683 2439 950 2526 legionis
985 2440 1262 2506 Martiae
1295 2441 1435 2507 fieri
1469 2442 1695 2527 potuit.
1768 2445 2019 2527 aquilae
2054 2445 2242 2523 duae,
2282 2447 2467 2532 signa

407 2559 504 2602 Lx.
545 2546 693 2600 sunt
733 2535 936 2602 relata
975 2536 1264 2600 Antonii.
1352 2559 1455 2604 res
1499 2536 1665 2602 bene
1707 2551 1891 2624 gesta
1935 2550 2052 2605 est.
2140 2563 2200 2605 a.
2242 2542 2305 2606 d.
2340 2565 2466 2608 m.

406 2630 496 2694 K.
534 2630 696 2697 Mai.
734 2652 814 2694 ex
852 2629 1094 2696 castris.

1332 2781 1553 2836 XXXI.

739 2883 854 2938 Scr.
877 2845 1180 2938 Cordubae⁸
1189 2883 1378 2940 XVII.
1392 2885 1761 2957 Kal.Apriles
1782 2905 1833 2942 a.
1854 2905 1909 2942 u.
1931 2905 1978 2942 c.
2000 2889 2118 2944 711.

767 2983 829 3040 C.
866 2985 1176 3043 AslNlUS
1211 2986 1500 3043 POLLIO
1539 2987 1898 3046 CICERONI
1935 2989 1990 3044 S.
2026 2991 2101 3045 D.

347 3121 372 3158 1
533 3098 806 3164 Minime
849 3097 1086 3166 mirum
1129 3101 1248 3167 tibi
1291 3102 1484 3169 debet
1524 3103 1725 3169 videri
1768 3103 1927 3170 nihil
1978 3124 2083 3171 me
2133 3109 2469 3195 scripsisse

407 3192 486 3260 de
521 3215 590 3260 re
625 3193 905 3278 publica,
937 3205 1359 3282 posteaquam
1394 3195 1557 3262 itum
1586 3208 1685 3263 est
1714 3198 1798 3262 ad
1835 3221 2039 3277 arma3
2074 3223 2227 3266 nam
2266 3205 2465 3270 saltus

405 3284 909 3367 Castulonensis,
944 3290 1058 3373 qui
1092 3312 1347 3376 semper
1378 3291 1582 3357 tenuit
1627 3301 1881 3372 nostros
1914 3294 2315 3376 tabellariOS,
2344 3299 2463 3365 etsi

403 3403 576 3446 nunc
601 3381 1136 3467 frequentioribus
1161 3384 1509 3450 latrociniis
1534 3385 1827 3451 infestior
1854 3386 2064 3454 factus
2090 3401 2207 3468 est,
2246 3404 2463 3461 tamen

401 3497 811 3560 nequaquam
845 3487 1026 3542 tanta
1057 3477 1128 3542 in
1160 3499 1339 3544 mora
1376 3490 1501 3557 est,
1546 3491 1789 3564 quanta
1822 3483 1937 3565 qui
1970 3483 2124 3548 locis
2160 3487 2463 3552 omnibus

403 3568 693 3655 dispositi
738 3569 822 3634 ab
855 3581 1128 3655 utraque
1169 3583 1353 3658 parte
1388 3583 1755 3640 scrutantur
1799 3575 2167 3643 tabellarios
2200 3591 2269 3645 et
2310 3583 2465 3646 reti-

399 3676 573 3729 nent.
659 3664 877 3749 itaque
917 3666 1043 3730 nisi
1075 3688 1241 3732 nave
1283 3667 1567 3753 perlatae
1610 3669 1857 3736 litterae
1902 3683 2143 3750 essent,
2198 3676 2465 3742 omnino

401 3758 732 3837 nescirem,
767 3758 925 3842 quid
955 3759 1100 3826 istic
1133 3759 1332 3826 fieret.
1387 3784 1560 3827 nunc
1588 3786 1741 3828 vero
1770 3775 1997 3833 nactus
2034 3769 2461 3848 occasionem,

398 3861 622 3937 postea
655 3875 854 3938 quam
885 3854 1177 3942 navigari
1213 3867 1513 3943 coeptum
1550 3869 1674 3936 est,
1710 3859 2121 3945 cupidissime
2156 3873 2221 3928 et
2262 3885 2461 3949 quam

336 3959 366 4001 a
401 3944 780 4012 creberrime
823 3959 1045 4034 potero
1089 3950 1365 4017 scribam
1409 3953 1493 4017 ad
1537 3964 1620 4018 te.
1706 3977 1791 4020 ne
1834 3976 2096 4021 movear
2139 3958 2279 4024 eius
2330 3981 2465 4025 ser-

279 4059 282 4062 <
397 4036 715 4115 monibus,
751 4062 942 4124 quem
975 4047 1228 4112 tametsi
1263 4069 1453 4112 nemo
1488 4057 1585 4112 est
1620 4047 1732 4132 qui
1767 4048 1986 4116 videre
2020 4050 2201 4130 velit,
2238 4061 2457 4118 tamen
