2675 4559
466 249 1023 310 EPISTOLARUM
1054 249 1165 306 AD
1202 249 1272 317 Q.
1306 251 1685 308 FRATREM
1717 253 1794 308 H.
1831 253 2054 311 13-15.
2157 239 2288 306 457

220 381 319 448 sic
354 379 589 446 habeto
602 425 620 454 ,
656 375 815 440 nihil
842 374 1037 442 ,nobis
1070 369 1414 461 expeditis,
1463 375 1517 440 si
1550 375 1936 454 valebimus,
1981 377 2122 443 fore
2155 375 2288 442 for-

216 473 529 542 tunatius.
614 492 815 557 parva
850 478 1029 546 sunt,
1072 489 1240 552 quae
1275 469 1540 546 desunt,
1583 489 1701 555 pro
1744 471 1977 536 nostris
2023 471 2287 556 quidem

220 569 529 644 moribus,
566 576 631 632 et
666 587 747 630 ea
770 574 921 630 sunt
954 563 1039 628 ad
1076 563 1528 650 explicandum
1559 565 2056 650 expeditissima,
2092 565 2284 632 modo

218 663 572 729 valeamus.
664 658 943 725 ambitus
990 657 1156 723 redit
1198 658 1493 724 inmanis.
1579 681 1936 744 numquam
1979 659 2106 726 fuit
2149 683 2284 746 par.

219 758 389 824 [dib.
438 753 703 838 Quinct.
760 753 991 819 faenus
1044 752 1169 818 fuit
1221 751 1516 818 bessibus
1571 775 1652 819 ex
1704 755 1960 833 triente,
2013 754 2286 822 coitione

218 850 547 927 Memmii,
598 852 635 930 †
678 858 772 914 est
808 850 939 932 quo
986 868 1135 912 cum
1168 846 1496 926 Domitio,
1549 845 1717 914 hanc
1762 847 2048 916 Scaurus
2081 871 2286 916 unum

220 947 500 1012 vincere.
571 941 858 1007 Messala
892 941 1139 1007 flaccet.
1211 963 1342 1006 non
1377 941 1522 1006 dico
1557 937 1962 1028 ὖπερβολάςε
1999 945 2105 1015 vel
2141 943 2286 1012 HS.

220 1039 505 1106 centiens
557 1035 954 1102 constituunt
1004 1035 1075 1100 in
1134 1037 1583 1122 praerogativa
1646 1039 2078 1124 pronuntiare.
2183 1062 2288 1105 res

220 1137 406 1202 ardet
446 1131 708 1198 invidia.
796 1131 1123 1198 tribunicii
1160 1131 1484 1197 candidati
1518 1132 2094 1218 conpromiserunt,
2140 1133 2286 1201 HS.

222 1229 563 1317 quingenis
596 1228 667 1292 in
703 1225 989 1313 singulos
1024 1226 1200 1312 apud
1224 1226 1325 1291 M.
1355 1223 1671 1294 Catonem
1709 1227 2034 1314 depositis,
2069 1241 2288 1316 petere

222 1317 361 1393 eius
398 1324 729 1399 arbitratu,
764 1332 857 1398 ut,
894 1321 1006 1406 qui
1042 1332 1265 1386 contra
1296 1321 1576 1399 fecisset,
1613 1323 1696 1389 ab
1725 1345 1803 1389 eo
1831 1325 2288 1392 condemnare-

224 1434 353 1486 turz
390 1441 559 1504 quae
584 1418 845 1502 quidem
870 1416 1131 1482 comitia
1160 1416 1215 1482 si
1242 1417 1526 1502 gratuita
1552 1417 1813 1495 fuerint,
1849 1430 1922 1484 ut
1956 1429 2284 1506 putantur,

223 1516 371 1602 plus
420 1536 591 1579 unus
627 1509 793 1579 Cato
848 1511 1124 1598 potuerit
1174 1531 1373 1596 quam
1423 1533 1644 1577 omnes
1697 1512 1874 1598 leges
1937 1536 2286 1600 omnesque

223 1610 487 1676 iudices.

1058 1755 1187 1813 XV.
1224 1755 1440 1824 [XVI.]

675 1858 793 1916 Ser.
820 1859 1033 1914 Romae
1058 1875 1247 1914 mense
1274 1855 1472 1913 Sextili
1497 1875 1548 1914 a.
1573 1876 1629 1914 u.
1655 1875 1702 1914 c.
1729 1861 1846 1915 700.

568 1959 888 2018 MARCUS
926 1961 1219 2024 QUINTO
1249 1961 1534 2016 FRATRI
1561 1963 1942 2020 SALUTEM

356 2075 529 2144 Cum
565 2100 605 2142 a
636 2097 742 2141 me
784 2075 1025 2142 litteras
1070 2074 1313 2140 librarii
1357 2097 1554 2140 manu
1600 2078 1922 2163 acceperis
1936 2126 1954 2155 ,
2000 2101 2082 2144 ne
2127 2101 2286 2164 pau-

224 2176 363 2241 lum
398 2175 641 2259 quidem
686 2192 791 2235 me
826 2169 940 2234 otii
981 2169 1283 2235 habuisse
1324 2169 1608 2235 iudicato
1619 2217 1640 2248 ,
1687 2192 1836 2236 cum
1871 2183 2086 2238 autem
2122 2196 2286 2250 mea,
2357 2211 2360 2216 -

225 2269 522 2357 paulum:
568 2265 661 2332 sic
705 2263 875 2330 enim
910 2263 1174 2342 habeto,
1217 2285 1574 2348 numquam
1617 2288 1722 2331 me
1759 2289 1798 2331 a
1833 2267 2042 2332 causis
2079 2278 2143 2332 et
2187 2268 2315 2333 iu-'

228 2365 409 2430 diciis
446 2359 891 2426 districtiorem
934 2359 1133 2425 fuisse
1180 2370 1374 2444 atque
1408 2359 1477 2423 id
1513 2360 1677 2430 anni,
1707 2371 1995 2449 tempore
2039 2363 2290 2449 gravis·-

227 2461 390 2526 simo
436 2469 501 2523 et
543 2454 861 2520 caloribus
908 2453 1225 2519 maximis.
1312 2455 1429 2520 sed
1475 2455 1664 2534 haec,
1717 2453 2022 2540 quoniam
2076 2469 2146 2523 tu
2196 2459 2290 2524 ita

229 2549 639 2639 praescribis,
693 2547 959 2613 ferenda
1002 2558 1180 2625 sunt,
1234 2569 1446 2632 neque
1488 2549 2016 2616 committendum
2059 2563 2132 2616 ut
2177 2564 2290 2618 aut

226 2646 367 2732 spei
402 2654 515 2710 aut
551 2641 925 2728 cogitationi
956 2652 1208 2707 vestrae
1246 2664 1370 2727 ego
1405 2643 1628 2708 videar
1663 2641 1964 2720 defuisse,
2001 2667 2288 2730 praeser-

226 2743 345 2806 tim
398 2761 574 2815 cum,
630 2735 686 2802 si
734 2737 804 2802 id
855 2735 1180 2802 difficilius
1204 2733 1449 2812 ‘fuerit,
1503 2749 1720 2803 tamen
1767 2762 1848 2803 ex
1893 2737 2017 2804 hoc
2069 2740 2288 2808 labore

226 2856 531 2920 magnam
555 2831 831 2918 gratiam
860 2851 1293 2917 magnamque
1310 2830 1688 2916 dignitatem
1715 2833 1838 2897 sim
1865 2834 2288 2900 coniecturas.

223 2931 476 3013 itaque,
519 2937 595 2992 ut
626 2926 745 2991 tibi
782 2924 1021 3010 placet,
1069 2924 1297 2990 damus
1332 2946 1620 3011 operam,
1665 2948 1747 2991 ne
1785 2927 1968 2992 cuius
2003 2927 2288 2994 animum

230 3022 633 3089 offendamus
687 3030 880 3103 atque
932 3031 1005 3084 ut
1057 3018 1247 3084 etiam
1301 3019 1387 3083 ab
1437 3018 1516 3084 iis
1568 3019 1752 3104 ipsis,
1803 3021 1918 3105 qui
1968 3045 2088 3088 nos
2141 3045 2289 3090 cum

228 3115 514 3184 Caesare
541 3125 673 3180 tam
706 3113 1077 3180 coniunctos
1106 3113 1346 3191 dolent,
1375 3112 1736 3200 diligamur,
1773 3115 1857 3178 ab
1885 3116 2106 3199 aequis
2134 3139 2288 3182 vero
2343 3179 2348 3181 .

228 3222 345 3278 aut
397 3210 590 3276 etiam
642 3231 682 3273 a
732 3208 1063 3294 propensis
1116 3208 1185 3272 in
1236 3207 1404 3272 hanc
1461 3219 1710 3294 partem
1761 3209 2173 3276 vehementer
2226 3221 2290 3276 et

230 3305 517 3372 colamur
551 3313 617 3368 et
650 3323 957 3368 amemur.
1048 3302 1128 3368 de
1164 3301 1414 3367 ambitu
1449 3323 1598 3366 cum
1635 3301 2028 3369 atrocissime
2063 3327 2287 3390 agere-

228 3413 337 3466 tur
370 3398 439 3463 in
471 3408 699 3464 senatu
735 3397 969 3462 multos
1006 3396 1173 3474 dies,
1218 3397 1393 3480 quod
1426 3396 1518 3462 ita
1554 3407 1736 3464 erant
1777 3399 2101 3484 progressi
2136 3421 2288 3464 can-

229 3493 433 3558 didati
469 3492 835 3558 consulares
849 3539 869 3568 ,
911 3501 985 3556 ut
1018 3511 1147 3556 non
1183 3501 1350 3557 esset
1384 3491 1750 3569 ferendum,
1795 3492 1862 3557 in
1898 3503 2125 3558 senatu
2158 3515 2290 3559 non

226 3587 355 3653 fui:
393 3585 584 3652 statui
620 3585 703 3651 ad
736 3583 977 3650 nullam
1005 3584 1389 3650 medicinam
1415 3585 1507 3651 rei
1541 3585 1838 3671 publicae
1877 3587 2016 3653 sine
2049 3609 2287 3674 magno

227 3682 548 3769 praesidio
602 3680 924 3747 accedere.
1012 3701 1141 3764 quo
1186 3680 1289 3746 die
1344 3679 1503 3746 haec
1549 3680 1804 3766 scripsi,
1849 3681 2110 3747 Drusus
2155 3693 2292 3748 erat

227 3777 313 3842 de
340 3774 880 3861 praevaricatione
898 3799 939 3840 a
964 3774 1235 3840 tribunis
1263 3775 1522 3840 aerariis
1549 3774 1902 3854 absolutus,
1921 3776 1990 3841 in
2015 3799 2288 3854 summa,

228 3881 534 3956 quattuor
568 3869 916 3947 sententiis,
952 3891 1100 3936 cum
1134 3881 1458 3936 senatores
1494 3881 1557 3937 et
1584 3871 1830 3955 equites
1857 3870 2286 3937 damnassent.

229 3987 355 4051 ego
393 3965 620 4032 eodem
647 3963 749 4029 die
784 3976 930 4050 post
965 3965 1296 4032 meridiem
1313 3965 1648 4033 Vatinium
1676 3989 1851 4032 eram
1879 3965 2288 4034 defensurus:

228 4081 456 4130 cares
500 4057 707 4125 facilis
754 4070 870 4124 est.
959 4059 1215 4126 comitia
1258 4059 1327 4125 in
1369 4083 1654 4129 mensem
1700 4059 2148 4150 Septembrem
2189 4085 2291 4129 re·-
