2675 4559
523 226 670 291 432
1164 237 1241 291 M.
1277 236 1554 294 TULLn
1590 217 1987 296 cmERoNIs

537 361 902 428 innocentia
942 383 1072 426 non
1115 359 1407 439 vincant,
1450 360 1715 425 vincunt
1757 370 1971 426 tamen
2016 359 2273 425 artificio
2305 360 2531 427 benevo-

536 456 770 523 lentiae
814 454 1265 542 conligendae‚
1313 455 1427 540 qui
1460 476 1672 539 neque
1710 453 1956 541 Cyrum
1990 454 2424 543 Xenophontis
2452 481 2534 523 ne-

535 572 662 635 que
691 550 1073 637 Agesilaum
1105 550 1431 628 noverint3
1467 570 1743 633 quorum
1777 572 2005 635 regum
2041 573 2287 616 summo
2316 552 2533 636 imperio

537 667 723 711 nemo
757 667 1066 730 umquam
1102 644 1371 711 verbum
1407 644 1612 710 ullum
1648 643 1936 731 asperius
1970 645 2233 710 audivit.

666 736 800 806 Sed
845 739 1005 806 haec
1041 762 1080 804 a
1122 739 1437 826 principio
1485 738 1604 804 tibi
1649 740 2047 825 praecipiens
2092 751 2391 824 quantum
2426 761 2537 824 pro-

537 835 819 912 fecerim,
852 855 982 899 non
1018 834 1272 921 ignoro:
1307 856 1483 899 nunc
1517 845 1735 901 tamen
1762 834 2099 911 decedens,
2133 835 2203 899 id
2230 833 2392 919 quod
2421 833 2536 898 mihi

537 931 664 995 iam
697 929 912 995 facere
946 928 1204 1005 videris,
1239 928 1529 1011 relinque
1562 949 1806 1012 quaeso
1841 951 2036 1014 quam
2072 929 2537 994 iucundissimam

537 1024 910 1089 memoriam
951 1024 1065 1088 tui.
1155 1044 1585 1089 successorem
1628 1024 1830 1090 habes
1873 1024 2326 1111 perblandum3
2376 1034 2538 1089 cetera

537 1118 722 1185 valde
756 1119 925 1183 illius
971 1118 1254 1184 adventu
1297 1129 1411 1183 tua
1452 1118 1874 1203 requirentur.
1962 1118 2030 1183 in
2074 1120 2303 1185 litteris
2332 1118 2536 1184 mitten-

537 1215 664 1290 dis,
709 1225 778 1277 ut
810 1234 1002 1298 saepe
1038 1211 1122 1276 ad
1165 1224 1228 1277 te
1274 1212 1530 1298 scripsi,
1582 1212 1851 1277 nimium
1884 1224 1949 1279 te
1984 1213 2370 1281 exorabilem
2398 1233 2537 1298 prae-

541 1307 754 1371 buisti:
793 1307 944 1371 tolle
973 1306 1201 1384 omnis,
1237 1306 1292 1372 si
1317 1320 1521 1393 potes,
1556 1306 1832 1391 iniquae,
1867 1308 2019 1373 tolle
2054 1309 2400 1383 inusitatas,
2424 1307 2535 1371 tolle

537 1401 906 1467 contrarias.
992 1399 1238 1467 Statius
1286 1402 1446 1466 mihi
1500 1403 1786 1468 narravit
1836 1402 2107 1489 scriptas
2155 1404 2238 1469 ad
2280 1414 2342 1469 te
2381 1402 2535 1467 solere

533 1496 796 1575 adferri,
831 1497 917 1562 ab
953 1520 1022 1562 se
1056 1496 1215 1584 legi,
1253 1509 1345 1575 et,
1381 1500 1437 1563 si
1469 1498 1728 1583 iniquae
1764 1498 1917 1576 sint,
1952 1498 2093 1566 fieri
2130 1511 2198 1565 te
2231 1499 2534 1569 certiorem3

533 1602 877 1677 antequam
912 1615 1064 1659 vero
1098 1594 1238 1679 ipse
1273 1593 1359 1658 ad
1400 1604 1465 1658 te
1499 1594 1806 1672 venisset,
1850 1594 2103 1659 nullum
2139 1594 2436 1660 delectum
2465 1591 2539 1655 lit-

537 1699 814 1752 terarum
857 1687 1087 1766 fuisse;
1133 1711 1216 1754 ex
1260 1708 1337 1753 eo
1383 1710 1523 1753 esse
1569 1688 1897 1753 volumina
1929 1688 2313 1755 selectarum
2354 1686 2536 1772 episto-

473 1805 493 1839 ει
537 1783 759 1859 larum,
795 1803 961 1866 quae
996 1782 1373 1869 reprehendi
1408 1782 1707 1849 solerent.
1773 1783 1918 1849 hoc
1952 1784 2033 1849 de
2070 1806 2309 1870 genere
2339 1780 2471 1845 nihil
2496 1790 2537 1841 te

533 1898 706 1942 nunc
740 1876 1001 1960 quidem
1035 1898 1295 1954 mone03
1331 1897 1475 1941 sero
1511 1888 1609 1943 est
1642 1876 1832 1957 enim,
1870 1899 1947 1942 ac
1982 1878 2151 1943 scire
2184 1888 2359 1963 potes
2382 1874 2537 1940 multa

533 1994 634 2037 me
662 1971 839 2037 varie
867 1971 1330 2058 diligenterque
1359 1971 1707 2037 monuisse:
1742 1971 1904 2037 illud
1931 1984 2174 2050 tamen,
2193 1971 2359 2057 quod
2375 1968 2538 2033 Theo-

533 2088 766 2155 pompo
801 2066 1122 2144 mandavi,
1159 2090 1306 2132 cum
1344 2088 1551 2132 essem
1585 2065 1959 2133 admonitus·
1981 2066 2066 2131 ab
2104 2068 2266 2155 ipso,
2299 2065 2429 2131 vide
2456 2082 2536 2147 per

533 2162 820 2226 homines
856 2162 1127 2227 amantis
1163 2162 1278 2238 tui,
1315 2162 1488 2245 quod
1518 2172 1616 2227 est
1654 2162 1864 2240 facile,
1899 2173 1971 2227 ut
2005 2160 2174 2229 haec
2207 2182 2425 2249 genera
2452 2156 2538 2220 tol·

533 2259 742 2319 lantur
775 2255 1208 2339 epistolarum,
1243 2258 1523 2343 primum
1560 2256 1945 2341 iniquarum,
1981 2257 2218 2324 deinde
2253 2252 2536 2323 contraria-

529 2370 697 2423 rum,
749 2358 890 2411 tum
937 2348 1213 2415 absurde
1249 2361 1310 2415 et
1358 2346 1662 2418 inusitate
1706 2352 2118 2438 scriptarum,
2172 2362 2462 2439 postremo
2489 2344 2535 2407 in

529 2443 807 2525 aliquem
860 2444 1477 2513 contumeliosamm.
1585 2458 1779 2531 atque
1832 2468 1954 2534 ego
2014 2445 2183 2513 haee
2242 2458 2367 2511 tam
2414 2461 2533 2513 esse,

529 2559 722 2619 quam
770 2536 990 2616 audi0,
1041 2559 1173 2603 non
1216 2551 1405 2625 puto,
1461 2552 1554 2619 et,
1608 2543 1663 2608 si
1698 2552 1849 2608 sunt
1882 2539 2402 2627 occupationibus
2440 2532 2533 2597 tuis

529 2631 738 2698 minus
774 2631 1237 2712 animadversa,
1273 2657 1449 2701 nunc
1482 2637 1773 2722 perspice
1810 2648 1873 2702 et
1905 2658 2137 2723 purga.
2192 2634 2319 2721 legi
2349 2630 2532 2717 episto·

532 2731 690 2805 lam,
728 2750 924 2814 quam
964 2728 1105 2814 ipse
1147 2728 1476 2815 scripsisse
1515 2730 1697 2798 Sulla
1742 2731 2182 2798 nomenclator
2226 2730 2416 2794 dictus
2446 2731 2532 2795 est,

457 2843 501 2875 w
529 2846 656 2887 non
689 2823 1116 2908 probandam3
1152 2824 1283 2911 legi
1317 2846 1448 2892 non
1481 2826 1690 2891 nullas
1725 2825 2085 2891 iracundas.
2154 2823 2269 2890 sed
2300 2833 2533 2905 tempore

529 2919 541 2979 i
549 2936 665 2999 pso
711 2914 792 2983 de
837 2917 1150 3002 epistolis:
1203 2942 1352 2984 nam
1399 2941 1548 2985 cum
1594 2919 1760 2985 hanc
1802 2919 2111 3006 paginam
2154 2930 2445 2990 tenerem,
2472 2910 2531 2973 L·

529 3009 813 3087 Flavius,
866 3023 1124 3096 praetor
1174 3012 1575 3100 designatus,
1630 3015 1715 3080 ad
1766 3036 1871 3094 me
1922 3014 2129 3091 venit,
2184 3012 2369 3078 homo
2415 3001 2532 3072 mihi

529 3103 709 3170 valde
745 3105 1093 3173 familiaris.
1163 3108 1218 3173 is
1253 3108 1431 3186 mihi,
1466 3118 1529 3174 te
1566 3108 1650 3173 ad
1683 3119 2127 3195 procuratores
2156 3129 2305 3173 suos
2336 3104 2529 3169 litteras

525 3199 796 3276 misisse,
842 3221 1008 3284 quae
1051 3202 1209 3267 mihi
1252 3199 1430 3269 visae
1474 3215 1623 3269 sunt
1655 3202 2122 3289 iniquissimae,
2166 3224 2251 3267 ne
2291 3195 2433 3284 quid
2468 3192 2526 3255 de

527 3293 730 3372 honis,
766 3315 933 3378 quae
967 3295 1050 3360 L.
1089 3294 1353 3363 Octavii
1387 3297 1663 3365 Nasonis
1710 3299 2011 3376 fuissent,
2057 3298 2162 3364 cui
2196 3296 2280 3361 L.
2313 3289 2528 3359 Flavius

525 3389 706 3456 heres
751 3401 878 3469 est,
937 3391 1377 3459 deminuerent
1421 3404 1598 3472 ante,
1651 3415 1847 3478 quam
1885 3391 1963 3458 O.
1998 3390 2338 3458 Fundanio
2378 3403 2530 3474 pecu·

521 3483 692 3548 niam
737 3485 1103 3563 solvissent3
1156 3487 1440 3573 itemque
1486 3489 1733 3557 misisse
1778 3490 1862 3554 ad
1894 3483 2427 3575 Apollonidensis,
2469 3496 2530 3540 ¹10

525 3579 601 3643 de
626 3578 832 3658 bonis,
868 3601 1035 3664 quae
1053 3578 1314 3647 Octavii
1340 3583 1631 3661 fuissent,
1667 3583 1950 3650 deminui
1976 3592 2344 3669 paterentur
2371 3572 2527 3677 prius,

521 3695 712 3755 quam
747 3673 1087 3763 Fundanio
1123 3676 1412 3743 debitum
1449 3673 1731 3743 solutum
1766 3690 1952 3745 esset.
2039 3677 2198 3743 haec
2231 3671 2382 3739 mihi
2421 3685 2525 3732 ven

521 3766 750 3833 similia
780 3791 911 3834 non
945 3770 1269 3849 videntur3
1307 3782 1458 3837 sunt
1492 3774 1664 3842 enim
1699 3796 1738 3838 a
1769 3771 2109 3860 prudentia
2141 3781 2252 3834 tua
2282 3758 2526 3832 remotis·

521 3863 697 3937 sima,
787 3868 900 3929 ‘ne
944 3864 1271 3931 deminuat
1321 3865 1576 3933 heres?
1628 3868 1784 3954 quid
1828 3868 1882 3933 si
1925 3863 2267 3933 infitiatur?
2314 3856 2453 3944 quid
2486 3849 2525 3914 si

521 3954 777 4018 omnino
812 3979 943 4022 non
978 3960 1211 4026 debet?
1253 3959 1452 4045 quid?
1492 3973 1749 4049 praetor
1784 3962 1946 4028 solet
1987 3959 2264 4026 iudicare
2309 3942 2525 4019 deberi?
2615 4023 2616 4052 1

517 4043 710 4123 quid?
763 4070 885 4133 ego
916 4052 1257 4120 Fundanio
1303 4075 1435 4121 non
1472 4051 1698 4143 cupio?
1748 4079 1878 4123 non
1922 4054 2162 4122 amicus
2204 4046 2379 4117 sum?
2422 4059 2525 4108 non
2615 4092 2616 4100 r
