2675 4559
395 175 526 241 232
1014 189 1092 242 M.
1129 186 1405 254 TULLn
1438 186 1839 244 cronnoms
1916 259 1923 266 ‚

1354 357 1489 412 XII.

738 459 856 516 Ser.
873 461 1088 516 Romae
1109 477 1158 516 a.
1183 461 1236 514 d
1255 459 1365 514 ΠΙ.
1386 461 1521 514 Ιᾱ116
1539 460 1766 530 Apriles
1786 460 2117 518 6.11.6.711.

1097 561 1375 620 CICERO
1411 561 1738 618 PLANCO.

526 687 670 754 Etsi
713 687 808 752 rei
857 685 1176 774 publicae'
1198 707 1395 752 causa
1430 685 1715 752 maxime
1742 685 2025 771 gaudere
2064 686 2275 754 debeo
2321 696 2471 752 tan-

393 795 532 848 tum
569 783 629 848 ei
663 793 726 848 te
762 781 1094 868 praesidii,
1130 791 1381 846 tantum
1416 781 1557 866 opis
1590 781 1879 848 attulisse
1916 783 2215 848 extremis
2253 804 2469 868 paene

393 875 818 962 temporibus,
865 886 1081 940 tamen
1113 874 1207 942 ita
1241 885 1304 940 te
1339 875 1647 940 victorem
1682 875 2046 960 conplectar
2088 897 2158 940 re
2194 875 2467 960 publica

393 981 790 1056 recuperata,
827 981 899 1034 ut
932 991 1238 1055 magnam
1263 979 1515 1054 partem
1540 967 1699 1033 mihi
1730 968 2011 1034 laetitiae
2039 979 2151 1034 tua
2177 969 2465 1055 dignitas

393 1065 662 1142 adferat,
701 1073 895 1150 quam
931 1073 994 1128 et
1031 1085 1170 1128 esse
1205 1064 1334 1128 iam
1362 1073 1426 1129 et
1460 1063 1746 1128 futuram
1780 1063 2240 1148 amplissimam
2274 1063 2467 1128 intel-

392 1158 570 1244 lego:
625 1180 782 1224 cave
827 1157 1000 1224 enim
1041 1167 1228 1242 putes
1275 1157 1438 1222 ullas
1492 1177 1801 1240 umquam
1851 1157 2092 1222 litteras
2144 1156 2467 1242 gratiores

393 1273 591 1336 quam
634 1261 777 1316 tuas
821 1251 891 1314 in
935 1259 1158 1314 senatu
1202 1271 1344 1316 esse
1390 1250 1715 1328 recitatas3
1768 1251 1963 1335 idque
1998 1251 2268 1336 contigit
2310 1271 2465 1316 cum

393 1347 766 1411 meritorum
800 1353 1056 1412 tuorum
1091 1343 1159 1408 in
1193 1366 1332 1410 rem
1366 1344 1693 1430 publicam
1728 1346 1965 1412 eximia
1998 1345 2297 1456 quadam·
2318 1369 2463 1412 ma-

392 1437 761 1524 gnitudine,
831 1449 968 1502 tum
1037 1437 1385 1508 verborum
1452 1439 2043 1524 sententiarumque
2112 1439 2459 1524 gravitate.

394 1530 568 1614 quod
611 1531 770 1596 mihi
815 1511 1077 1616 quidem
1110 1531 1373 1597 minime
1406 1554 1679 1610 novum,
1732 1533 1845 1616 qui
1888 1545 1953 1598 et
1997 1543 2061 1600 te
2096 1555 2360 1598 nossem
2396 1544 2461 1600 et

392 1635 650 1701 tuarum
698 1625 1080 1692 litterarum
1099 1625 1184 1690 ad
1234 1649 1340 1692 me
1384 1627 1724 1692 missarum
1768 1627 2084 1712 promissa
2129 1627 2461 1693 meminis-

395 1743 532 1787 sem
585 1733 650 1786 et
701 1720 1008 1788 haberem
1059 1745 1099 1786 a
1148 1720 1393 1786 Furnio
1446 1732 1662 1786 nostro
1716 1731 1829 1786 tua
1880 1721 2136 1807 penitus
2191 1721 2461 1786 consilia

391 1815 650 1900 cognita
660 1839 680 1892 3
733 1814 850 1880 sed
891 1815 1144 1880 senatui
1187 1815 1428 1883 maiora
1470 1815 1609 1880 visa
1652 1825 1829 1891 sunt,
1883 1836 2095 1899 quam-
2116 1826 2301 1880 erant
2348 1839 2461 1881 ex-

393 1921 682 1995 spectata
689 1935 708 1987 3
751 1932 882 1975 non
925 1932 1054 1993 quo
1099 1930 1409 1995 umquam
1441 1911 1523 1976 de
1558 1920 1669 1974 tua
1713 1909 2043 1977 voluntate
2080 1909 2455 1987 dubitasset,

393 2005 509 2070 sed
542 2026 664 2070 1166
699 2014 1010 2089 quantum
1043 2003 1265 2070 facere.
1291 2026 1544 2089 posses,
1580 2025 1700 2069 nec
1734 2002 1952 2088 quoad
1984 2003 2290 2090 progredi
2324 2004 2459 2068 vel-

393 2099 506 2176 les,
545 2099 945 2182 exploratum
981 2098 1132 2162 satis
1167 2096 1465 2162 habebat.
1535 2098 1753 2181 itaque
1790 2119 1937 2164 cum
1974 2120 2031 2164 a.
2070 2097 2268 2163 d.v11.
2296 2095 2455 2162 Idus

393 2191 636 2276 Aprilis
671 2213 859 2256 mane
893 2189 1052 2254 mihi
1086 2201 1230 2254 tuas
1263 2191 1505 2256 litteras
1548 2191 1647 2255 Μ.
1676 2191 2039 2262 Varisidius
2074 2191 2455 2258 reddidisset

393 2305 628 2368 easque
663 2283 994 2368 legissem,
1038 2275 1397 2348 incredibili
1440 2284 1677 2369 gaudio
1714 2307 1859 2350 sum
1895 2285 2131 2362 elatus3
2176 2307 2453 2370 cumque

389 2399 629 2464 magna
670 2376 1010 2441 multitudo
1057 2377 1441 2462 optimorum
1486 2377 1769 2444 virorum
1820 2390 1885 2442 et
1935 2379 2170 2444 civium
2223 2401 2329 2446 me
2374 2380 2475 2446 de·

393 2473 582 2538 domo
635 2469 1009 2548 deduceret,
1071 2469 1198 2538 feci
1251 2472 1553 2536 continuo
1606 2472 1811 2537 omnis
1872 2473 2217 2558 participes
2271 2495 2451 2540 meae

392 2567 756 2653 voluptatis.
809 2567 1062 2631 interim
1098 2565 1182 2630 ad
1207 2589 1310 2632 me
1339 2569 1512 2632 venit
1538 2567 1702 2632 Mun
1710 2569 1875 2633 atius
1908 2578 2154 2646 noster,
2190 2579 2263 2632 ut
2300 2574 2449 2633 6011-

391 2671 636 2739 suerat3
692 2671 759 2726 at
801 2682 924 2746 ego
970 2660 1031 2725 ei
1082 2659 1324 2726 litteras
1378 2671 1549 2738 tuas,
1602 2659 1917 2726 nihildum
1962 2661 2134 2728 enim
2180 2661 2447 2726 sciebat:

391 2779 544 2820 nam
586 2754 671 2820 ad
716 2777 820 2820 me
863 2755 1140 2839 primum
1173 2753 1565 2833 Varisidius,
1617 2755 1811 2838 idque
1856 2756 1979 2820 sibi
2015 2779 2054 2820 a
2086 2765 2152 2821 16
2185 2755 2449 2822 manda-

392 2859 530 2912 tum
573 2871 714 2913 esse
757 2847 1028 2912 dicebat.
1117 2847 1310 2932 paulo
1356 2859 1501 2932 post
1542 2849 1711 2914 idem
1754 2847 1913 2913 mihi
1956 2849 2293 2915 Munatius
2342 2872 2445 2914 666

390 2941 632 3005 litteras
667 2939 972 3025 legendas
1010 2940 1214 3018 dedit,
1268 2964 1431 3025 quas
1476 2942 1599 3027 ipsi
1642 2943 1937 3020 miseras,
1991 2954 2057 3008 et
2090 2966 2229 3022 eas,
2286 2965 2445 3028 quas

389 3032 664 3120 publice.
728 3033 970 3119 placuit
1001 3034 1188 3099 nobis
1224 3046 1297 3100 ut
1331 3037 1545 3102 statim
1582 3038 1665 3102 ad
1692 3035 2053 3102 Cornutum
2086 3048 2445 3124 praetorem

391 3127 726 3214 urbanum
744 3126 994 3194 litteras·
1013 3127 1431 3208 deferremuS,
1467 3131 1599 3214 qui,
1633 3132 1808 3216 quod
1838 3132 2129 3198 consules
2160 3131 2444 3210 aberant,

391 3222 722 3288 consulare
765 3243 1000 3288 munus
1045 3225 1401 3290 sustinebat
1442 3247 1619 3292 more
1664 3226 2006 3292 maiorum:
2054 3235 2315 3292 senatus
2352 3240 2445 3294 est

393 3316 696 3382 continuo
723 3327 1110 3390 convocatus
1141 3317 1573 3404 frequensque
1600 3321 1897 3386 convenit
1920 3330 2181 3407 propter
2204 3319 2443 3388 famam

391 3421 585 3494 atque
612 3413 1152 3495 exspectationem
1185 3423 1444 3488 tuarum
1476 3415 1849 3480 litterarum.
1904 3416 2185 3482 recitatis
2218 3417 2443 3483 litteris

391 3503 609 3570 oblata
641 3505 865 3590 religio
895 3501 1182 3572 Cornuto
1219 3517 1318 3572 est
1350 3507 1763 3593 pullariorum
1798 3509 2164 3588 admonitus
2182 3533 2311 3578 non
2342 3535 2443 3578 sa-

389 3598 472 3662 tis
507 3597 843 3684 diligenter
877 3621 1026 3663 eum
1069 3600 1368 3685 auspiciis
1404 3623 1669 3687 operam
1703 3603 1981 3683 dedisse,
2023 3604 2219 3688 idque
2256 3628 2297 3671 a
2331 3627 2444 3672 no-

390 3702 520 3756 stro
566 3692 833 3777 collegio
879 3691 1340 3778 conprobatum
1392 3706 1519 3774 661,
1571 3697 1787 3783 itaque
1838 3721 1941 3764 res
1986 3699 2184 3764 dilata
2226 3711 2327 3766 est
2376 3700 2439 3764 in

387 3795 735 3874 posterum.
823 3807 899 3852 eo
943 3798 1177 3854 autem
1203 3789 1306 3856 die
1343 3813 1581 3878 magna
1622 3792 1780 3858 1111111
1821 3815 1939 3879 pro
1984 3805 2096 3858 tua
2128 3793 2439 3881 dignitate

388 3879 708 3944 contentio
755 3902 902 3944 cum
938 3879 1240 3960 Servili0‚
1288 3885 1401 3969 qui
1445 3908 1593 3952 cum
1624 3887 1833 3973 gratia
1869 3887 2185 3954 effecisset
2216 3900 2291 3954 ut
2324 3911 2438 3954 sua

387 3972 701 4036 sententia
750 3974 956 4060 prima
1015 3979 1562 4063 pronuntiaretur,
1622 3981 1924 4068 frequens
1978 4003 2125 4050 eum
2180 3994 2433 4050 senatus
