2675 4559
281 236 390 295 DE
409 234 669 291 PETIT.
694 232 904 293 CONS.
929 236 1040 291 AD
1063 236 1141 291 M.
1168 236 1396 295 TULL.
1421 238 1795 293 FRATREM
1816 240 2043 297 45-54.
2114 229 2245 297 489

195 358 318 425 etsi
371 358 539 424 inest
593 358 834 444 aliquid
885 382 968 425 ex
1017 359 1126 424 illo
1185 382 1451 445 genere,
1514 360 1793 448 benigne
1844 364 2245 449 respondere,

197 443 484 512 studiose
515 442 822 511 inservire
855 444 1129 530 negotiis
1165 466 1242 509 ac
1275 446 1575 531 periculis
1610 446 1986 525 amicorum,
2032 459 2249 515 tamen

193 532 318 595 hoe
345 530 486 595 loeo
505 550 582 594 ea
608 530 776 607 dieo„
799 529 1032 614 quibus
1058 530 1533 597 multitudinem
1560 552 1788 617 capere
1810 534 2038 617 possis,
2066 545 2140 599 ut
2168 536 2248 601 de

191 626 381 681 nocte
408 613 636 680 domus
663 616 1056 701 conpleatur,
1083 626 1157 679 ut
1179 614 1367 679 multi
1392 638 1505 701 spe
1533 617 1626 681 tui
1658 618 1961 702 praesidii
1986 628 2249 686 tenean-

192 714 328 777 tur,
380 712 454 765 ut
499 700 829 766 amiciores
866 700 982 764 abs
1016 710 1082 765 te
1127 700 1460 766 discedant
1482 721 1687 785 quam
1722 704 2132 783 accesserint,
2174 718 2249 771 ut

191 806 390 871 quam
423 784 843 871 plurimorum
885 808 1073 851 aures
1108 786 1350 871 optimo
1385 808 1677 853 sermone
1712 788 2145 872 conpleantur.

245 893 251 901 ’
326 866 633 956 Sequitur
673 870 841 935 enim
885 880 959 934 ut
1001 870 1083 935 de
1123 891 1378 936 rumore
1422 870 1763 937 dicendum
1808 872 1917 949 sit,
1964 874 2068 937 cui
2111 898 2247 939 ma·
2281 878 2350 933 13

191 958 366 1023 xime
418 956 825 1021 serviendum
878 965 994 1020 est.
1083 956 1198 1021 sed
1243 976 1411 1039 quae
1456 956 1630 1022 diota,
1662 966 1813 1021 sunt
1849 958 2023 1021 omni
2058 980 2247 1045 supe-
2288 950 2341 989 ⁵⁰

190 1044 360 1108 riore
394 1041 678 1107 oratione
691 1087 710 1116 ‚
755 1040 979 1107 eadem
1015 1039 1098 1104 ad
1143 1046 1468 1106 rumerem
1512 1041 2090 1108 concelebrandum
2132 1065 2245 1108 va-

189 1129 356 1194 lent:
427 1125 680 1191 dicendi
742 1127 914 1202 laus,
985 1126 1222 1191 studia·
1259 1126 1749 1210 publicanorum
1810 1138 1876 1192 et
1935 1130 2245 1211 equestris

195 1211 464 1289 ordinis,
515 1211 846 1275 hominum
886 1210 1198 1275 nobilium
1242 1211 1568 1290 voluntas,
1622 1211 2245 1279 adulescentulorum

193 1297 584 1383 frequentia,
637 1318 888 1373 eorum,
943 1296 1054 1379 qui
1089 1296 1206 1360 abs
1249 1306 1314 1361 te
1350 1296 1599 1362 defensi
1632 1306 1811 1374 sunt,
1864 1298 2213 1365 adsiduitas
2224 1324 2243 1376 3

195 1408 280 1451 ex
315 1381 675 1467 municipiis
718 1380 1058 1445 multitudo
1105 1402 1356 1460 eorum,
1400 1402 1563 1465 quos
1607 1394 1721 1448 tua
1756 1404 1950 1449 causa
1993 1384 2245 1450 venisse

195 1470 532 1556 adpareatz
584 1466 748 1533 bene
792 1478 848 1531 te
881 1476 954 1531 ut
988 1465 1278 1532 homines
1320 1488 1539 1544 nosse,
1594 1468 1857 1534 comiter
1900 1492 1941 1533 a
1985 1468 2245 1553 pellare,

195 1554 462 1621 adsidue
497 1574 573 1617 ae
607 1552 943 1638 diligenter
975 1562 1212 1637 petere,
1246 1551 1599 1637 benignum
1634 1574 1711 1617 ae
1744 1553 1907 1619 liber
1970 1576 2072 1619 em
2106 1577 2245 1620 esse

191 1641 539 1723 loquantur
573 1648 638 1703 et
672 1636 1061 1713 existiment,
1109 1637 1336 1701 domus
1372 1647 1446 1701 ut
1488 1638 1693 1701 multa
1724 1649 1911 1703 nocte
1946 1639 2245 1725 conplea-

192 1739 319 1801 tur,
355 1722 642 1788 omnium
675 1742 986 1805 generum
1018 1721 1381 1806 frequentia
1408 1721 1595 1799 adsit,
1631 1722 1785 1787 satis
1818 1722 1933 1787 fiat
1958 1724 2243 1789 oratione

195 1809 521 1882 omnibus,
573 1828 642 1872 re
676 1827 995 1891 operaque
1037 1806 1283 1882 multis,
1334 1806 1700 1891 perficiatur
1742 1808 1839 1883 id,
1893 1808 2067 1892 quod
2104 1809 2246 1875 fieri

192 1905 435 1983 potest,
485 1891 704 1958 labore
741 1902 808 1958 et.
839 1902 974 1956 arte
1008 1913 1084 1956 ae
1119 1889 1477 1975 diligentia,
1528 1914 1663 1957 non
1702 1902 1775 1957 ut
1809 1894 1891 1959 ad
1919 1915 1921 1917 ’
1933 1892 2245 1977 populum

195 1982 282 2047 ab
315 1979 393 2043 iis
429 1976 723 2043 omnibus
766 1976 942 2042 fama
973 1976 1332 2061 perveniat,
1384 1976 1504 2041 sed
1544 1988 1619 2041 ut
1650 1977 1831 2043 iniis
1866 1978 2094 2042 studiis
2128 2001 2245 2064 po—

192 2066 388 2153 pulus
429 2066 569 2148 ipse
613 2072 922 2127 versetur.
1007 2061 1138 2126 iam
1179 2060 1495 2127 urbanam
1544 2062 1719 2127 illam
1768 2062 2241 2130 multitudinem
2282 2094 2337 2135 51

196 2146 263 2216 et'
313 2170 535 2215 eorum
585 2146 823 2222 studia,
886 2146 996 2231 qui
1047 2145 1375 2212 contiones
1426 2155 1672 2225 tenent,
1734 2148 2003 2233 adeptus
2054 2171 2123 2214 es
2175 2150 2244 2214 in

192 2234 507 2319 Pompeio
560 2230 876 2309 ornando,
925 2230 1182 2297 Manilii
1242 2252 1438 2297 causa
1490 2233 1885 2319 recipienda,
1942 2230 2241 2300 Cornelio

197 2318 631 2395 defendend03
684 2316 1022 2383 excitanda
1069 2316 1255 2381 nobis
1291 2328 1489 2393 sunt,
1542 2339 1710 2401 quae
1755 2318 1967 2383 adhuc
2016 2318 2243 2383 habuit

191 2426 385 2470 nemo
427 2403 582 2487 quin
622 2402 796 2469 idem
839 2401 1313 2488 splendidorum
1356 2402 1695 2467 hominum
1728 2403 2087 2469 voluntates
2131 2403 2247 2469 ha·-

191 2490 392 2554 beret.
479 2487 887 2553 efficiendum
923 2488 1117 2553 etiam
1149 2486 1311 2551 illud
1345 2498 1473 2563 est,
1514 2499 1589 2551 ut
1622 2488 1825 2551 sciant
1859 2508 2081 2553 omnes
2118 2485 2241 2553 Cn.

193 2570 492 2655 Pompeii
535 2593 849 2634 summam
894 2594 1034 2636 esse
1078 2593 1234 2655 erga
1277 2580 1343 2635 te
1375 2572 1771 2635 voluntatem
1805 2582 1869 2636 et
1900 2571 2273 2636 vehemen-'

192 2669 293 2722 ter
327 2654 411 2719 ad
442 2652 613 2718 illius
646 2654 923 2718 rationes
957 2666 1024 2719 te
1045 2654 1116 2717 id
1151 2655 1439 2738 adsequi,
1475 2655 1648 2738 quod
1682 2655 1869 2740 petis,
1906 2654 2241 2741 pertinere.

192 2750 515 2828 postremo
551 2747 688 2803 tota
772 2737 950 2803 etitio
985 2759 1138 2804 cura
1181 2748 1254 2803 ut
1286 2759 1561 2838 pompae
1594 2739 1787 2823 plena
1822 2740 1935 2817 sit,
1970 2750 2045 2804 ut
2077 2739 2243 2805 inlu·
2284 2772 2337 2812 ⁵2

194 2826 369 2900 stris,
413 2834 486 2889 ut
520 2823 702 2908 splen
748 2822 881 2898 ‘da,
925 2833 998 2887 ut
1031 2822 1361 2907 popularis
1396 2833 1505 2901 sit,
1550 2835 1624 2889 ut
1656 2823 1893 2890 habeat
1926 2846 2244 2891 summam

195 2911 476 2997 speciem
509 2930 586 2973 ac
621 2906 1028 2994 dignitatem,
1071 2918 1148 2972 ut
1182 2907 1403 2984 etiam,
1457 2909 1512 2973 si
1544 2929 1675 2991 qua
1754 2909 1936 2987 ossit,
1986 2910 2056 2975 in
2092 2932 2245 2976 con-

192 2995 568 3083 petitoribus
613 2994 740 3058 tuis
776 2993 1038 3059 exsistat
1071 3002 1201 3057 aut'
1218 2994 1471 3059 sceleris
1506 3004 1617 3059 aut
1657 2994 1705 3059 li
1749 2994 1938 3061 idinis
1973 3007 2086 3061 aut
2116 2997 2243 3061 lar-

193 3080 452 3167 gitionis
506 3079 988 3144 adcommodata
1031 3078 1114 3142 ad
1160 3100 1383 3143 eorum
1424 3101 1635 3145 mores
1676 3079 1959 3145 infamia.
2049 3090 2240 3163 atque
2284 3094 2338 3137 5⁸

196 3167 388 3233 etiam
421 3165 490 3230 in
523 3164 645 3229 hac
678 3164 982 3249 petitione
1016 3164 1294 3229 maxime
1329 3164 1678 3230 videndum
1712 3176 1828 3243 est,
1862 3175 1938 3229 ut
1972 3187 2117 3250 spes
2150 3166 2245 3231 rei

191 3250 488 3338 publicae
523 3249 694 3314 bona
728 3249 808 3315 de
841 3260 906 3315 te
940 3248 1024 3314 sit
1067 3260 1132 3313 et
1163 3248 1433 3315 honesta
1468 3250 1682 3336 opinio
1694 3274 1713 3327 ;
1756 3271 1879 3317 nec
1920 3260 2136 3315 tamen
2175 3250 2244 3314 in

193 3336 472 3436 petendo
499 3356 600 3399 res
626 3334 886 3419 publica
911 3332 1305 3419 capessenda
1328 3346 1429 3399 est
1453 3356 1663 3418 neque
1689 3335 1756 3399 in
1784 3344 2009 3401 senatu
2033 3355 2244 3417 neque

191 3444 264 3487 m
299 3420 609 3485 contione.
681 3420 796 3486 sed
827 3420 988 3485 haec
1021 3418 1138 3484 tibi
1175 3430 1326 3484 sunt
1359 3420 1719 3497 retinenda,
1764 3429 1837 3485 ut
1874 3430 2135 3485 senatus
2178 3430 2243 3485 te

192 3504 513 3587 >existimet
547 3526 628 3569 ex
664 3525 762 3582 e0,
797 3504 972 3589 quod
1004 3504 1098 3569 ita
1129 3504 1386 3581 vixeris,
1422 3504 1823 3573 defensorem
1849 3504 2271 3570 auctoritatis-

195 3612 350 3655 suae
377 3590 536 3668 fore,
566 3590 811 3673 equites
827 3587 1104 3655 Romani
1123 3601 1186 3655 et
1211 3590 1332 3655 viri
1358 3590 1511 3655 boni
1536 3611 1613 3655 ae
1636 3590 1985 3676 locupletes
2003 3612 2086 3655 ex
2112 3588 2245 3654 vita

195 3685 340 3741 acta
373 3687 437 3740 te
471 3675 826 3741 studiosum
862 3676 974 3741 otii
1009 3696 1086 3740 ac
1119 3697 1334 3741 rerum
1363 3674 1869 3759 tranquillatum,
1904 3674 2243 3741 multitudo

195 3783 278 3829 ex
312 3778 420 3836 e0,
465 3760 639 3842 quod
673 3761 1006 3827 dumtaxat
1039 3760 1326 3827 oratione
1358 3761 1429 3825 in
1462 3759 1863 3827 contionibus
1898 3782 1975 3826 ac
2008 3757 2243 3825 iudicio

191 3844 518 3933 popularis
542 3844 740 3922 fuisti,
770 3856 832 3910 te
850 3869 890 3911 a
916 3845 1046 3911 suis
1065 3846 1415 3911 commodis
1440 3869 1571 3913 non
1596 3846 1876 3912 alienum
1898 3845 2207 3911 futurum.

321 3930 508 3995 Haec
539 3929 882 3996 veniebant
913 3929 1070 3995 mihi
1102 3931 1172 3995 in
1204 3941 1483 3997 mentem
1518 3932 1598 3997 de
1627 3931 1877 3997 duabus
1910 3929 2035 3995 illis
2072 3950 2243 3995 eom-
2275 3926 2346 3983 14

189 4012 686 4083 mentationibus
720 4013 1077 4090 matutinis,
1131 4018 1305 4099 quod
1342 4017 1457 4082 tibi
1493 4016 1723 4083 cotidie
1760 4016 1842 4081 ad
1882 4016 2098 4082 forum
2130 4015 2242 4081 de·-
2282 3998 2337 4039 ⁵⁴
