2675 4559
650 299 1206 357 EPISTOLARUM
1239 298 1376 355 XII.
1414 302 1569 358 5-7.
2016 291 2142 358 287

117 436 198 490 tus
241 422 437 510 ipsius
484 422 573 491 ad
618 433 680 490 te
725 424 879 493 satis
927 447 1076 493 eum
1121 426 1613 494 commendabit.
1700 439 1772 496 tu
1815 428 2008 496 velim
2052 434 2140 498 sis:
2180 454 2204 490 ε’

117 517 401 583 existimes
445 517 697 604 tibique
730 518 1150 604 persuadeas,
1197 541 1387 587 omne
1421 521 1791 610 perfugium
1825 524 2139 591 bonorum

114 612 166 674 in
194 623 248 677 te
280 621 343 678 et
366 612 583 678 Bruto
618 634 756 680 esse
789 612 1094 700 positum,
1128 615 1206 693 si,
1243 616 1421 701 quod
1454 616 1672 694 nolim,
1708 617 1959 684 adversi
1986 622 2140 702 quid

114 704 375 771 evenerit.
466 727 608 785 res,
660 729 809 773 cum
853 707 1012 774 haec
1057 707 1451 786 scribebam,
1505 721 1643 776 erat
1683 711 1752 777 in
1786 721 2140 780 extremum

115 798 352 866 adducta
388 799 768 879 discrimem
812 802 1057 868 Brutus
1095 802 1267 869 enim
1299 804 1600 871 Mutinae
1635 806 1745 871 vix
1787 805 1918 872 iam
1953 810 2140 874 susti-

114 892 297 958 nebat:
348 895 465 978 qui
502 894 562 960 si
599 906 1011 963 conservatus
1057 897 1204 977 erit,
1249 898 1547 976 vicimus3
1602 898 1703 964 sin
1735 934 1825 947 —
1855 902 2031 985 quod
2076 906 2116 966 [1
2124 906 2140 966 Ξ,

114 1005 264 1051 omen
303 988 633 1056 avertant!
685 1025 797 1069 —,
851 990 1059 1058 omnis
1104 993 1391 1060 omnium
1445 1015 1671 1060 cursus
1716 1004 1816 1060 est
1866 995 1951 1060 ad
2004 1018 2136 1058 troz-22.

113 1079 337 1162 proinde
381 1081 490 1151 fac
539 1084 830 1150 animum
874 1095 1126 1152 tantum
1170 1087 1411 1179 habeas
1456 1096 1833 1173 tantumque
1870 1088 2140 1176 adpara-

113 1183 246 1250 tum,
285 1187 528 1259 quanto
567 1199 730 1265 opus
766 1190 862 1246 est
899 1180 982 1245 ad
1017 1180 1383 1248 universam
1418 1190 1553 1248 ran
1597 1181 1922 1269 publicam
1956 1206 2136 1250 reeu-

114 1269 438 1347 perandam.
515 1272 681 1339 vale.
723 1356 729 1361 ἱ
794 1284 798 1289 ·
1149 1303 1157 1307 «

1035 1510 1164 1567 VII.

399 1577 523 1665 Scr.
541 1609 764 1666 Romae
783 1617 1020 1667 exeunte
1035 1612 1450 1687 mense-Martie
1470 1630 1521 1669 a.
1541 1630 1597 1669 u.
1618 1629 1666 1669 c.
1688 1613 1807 1668 711.

713 1712 990 1771 CICERO
1028 1711 1296 1770 CASSIO
1334 1713 1500 1771 SAL.

210 1825 456 1910 Quanto
503 1835 726 1902 studio
773 1834 1152 1922 dignitatem
1203 1849 1385 1903 tuam
1437 1848 1504 1905 et
1551 1837 1621 1903 in
1671 1845 1901 1904 senatu
1944 1849 2008 1904 et
2056 1838 2136 1902 ad
2180 1862 2192 1898 1

113 1922 375 2004 populum
404 1927 834 2007 defenderim,
873 1953 954 1996 ex
989 1931 1116 1995 tuis
1142 1941 1206 1997 te
1242 1931 1412 1997 malo
1430 1951 1627 2016 quam
1652 1953 1734 1998 ex
1760 1953 1866 1997 me
1898 1951 2136 2018 cogns-

117 2031 280 2094 s‘³‘31'03
313 2040 475 2104 quae
510 2046 667 2090 mea
703 2025 1017 2092 sententia
1049 2025 1118 2090 in
1153 2037 1381 2092 senatu
1415 2025 1607 2092 facile
1641 2025 1979 2102 valuisset,
2012 2029 2134 2090 nisi

116 2100 291 2176 Pansa
326 2114 747 2184 vehementer
801 2117 1168 2186 obstitisset.
1267 2143 1346 2186 ea
1398 2120 1715 2188 sententia
1765 2120 1937 2187 dicta
1987 2144 2132 2206 prs-

119 2197 303 2272 ductus
336 2232 474 2280 sum
512 2213 586 2277 in
623 2213 985 2280 contionem
1020 2238 1059 2288 a
1095 2213 1353 2280 tribuno
1388 2215 1476 2301 pl.
1512 2214 1610 2280 M.
1650 2212 1953 2282 Servilio:
2004 2214 2132 2282 dixi

118 2291 178 2357 (Ῑθ
204 2307 257 2364 te
288 2324 447 2387 quae
481 2307 673 2394 potui
717 2318 896 2373 tanta
939 2309 1375 2388 contentione,
1421 2321 1735 2395 quantum
1768 2308 1981 2375 forum
2016 2326 2132 2378 est,

119 2395 255 2456 tanto
287 2398 564 2466 clamore
600 2421 1049 2488 consensuque
1090 2404 1339 2490 populi,
1386 2415 1459 2470 ut
1504 2404 1663 2470 nihil
1707 2425 2012 2489 umquam
2052 2406 2132 2466 si-

118 2480 230 2548 mile
261 2490 549 2560 viderim.
636 2493 703 2558 id
739 2495 930 2561 velim
965 2496 1121 2563 mihi
1157 2498 1455 2583 ignoscas
1491 2498 1666 2583 quod
1707 2498 1911 2565 invita
1946 2519 2132 2562 socru

119 2580 203 2638 tua
229 2579 509 2654 fecerim:
557 2589 787 2655 mulier
830 2589 1053 2655 timida
1087 2591 1431 2657 verebatur
1476 2613 1559 2657 ne
1592 2591 1847 2658 Pansae
1884 2592 2132 2655 animus

120 2666 523 2749 offenderetur.
618 2683 688 2748 in
731 2683 1024 2749 contione
1070 2683 1331 2767 quidem
1375 2685 1595 2750 Pansa
1648 2685 1809 2748 dixit
1861 2694 2128 2748 matrem

120 2779 330 2868 qffloque
362 2786 545 2844 tuam
589 2787 655 2843 et
694 2777 958 2844 fratrem
1001 2777 1178 2843 illam
1209 2801 1253 2843 a
1285 2801 1391 2846 me
1438 2779 1817 2845 sententiam
1851 2778 2128 2843 noluisse

121 2851 239 2937 ὼθὶὶ
285 2870 393 2935 sed
433 2894 545 2938 me
588 2871 750 2939 haec
793 2892 922 2938 non
955 2864 1302 2938 movebant
1310 2895 1330 2950 ς
1385 2873 1512 2939 alia
1555 2872 1902 2939 malebam:
1955 2871 2132 2938 fave-

120 2943 238 3016 bam
281 2973 340 3026 et
387 2967 486 3034 rei
537 2966 866 3054 publicae,
920 2966 1026 3032 cui
1077 2988 1330 3053 semper
1374 2965 1539 3044 favi,
1592 2977 1659 3034 et
1714 2967 2012 3055 dignitati
2056 2990 2132 3030 ue

121 3039 316 3147 gioriae
356 3067 528 3127 tuae.
617 3061 794 3145 quod
838 3070 1053 3126 autem
1099 3071 1162 3127 et
1205 3061 1274 3125 in
1319 3071 1548 3128 senatu
1592 3062 1883 3148 pluribus
1916 3062 2128 3128 verbis

123 3130 343 3238 Ψδθθωί
391 3164 458 3219 et
513 3152 646 3220 dixi
695 3155 764 3219 in
819 3154 1142 3232 contione,
1192 3155 1262 3219 in
1313 3176 1395 3230 eo
1434 3154 1626 3220 velim
1676 3154 1871 3222 fidem
1920 3177 2132 3222 meam

122 3221 339 3319 hberes3
389 3247 657 3333 promisi
711 3249 882 3315 enim
935 3259 1000 3315 et
1049 3270 1251 3336 prope
1304 3248 1678 3315 confirmavi
1730 3259 1798 3338 te
1844 3270 1977 3314 non
2020 3270 2128 3314 ex-

123 3339 393 3411 ⁸P00t8³se
419 3365 541 3410 nec
569 3337 1087 3430 exspectaturum
1119 3344 1376 3411 decreta
1400 3350 1639 3424 nostra,
1676 3343 1792 3411 sed
1826 3354 1891 3410 te
1917 3343 2128 3430 ipsum

124 3418 208 3522 ²¹3⁰
257 3447 421 3501 more
483 3458 622 3504 rem
682 3437 1008 3524 publicam
1069 3437 1505 3506 defensurum.
1611 3455 1675 3505 et
1738 3457 2139 3523 quamquam.

122 3508 388 3593 mhildum
440 3530 876 3612 audieramus,
939 3555 1060 3600 nec
1111 3533 1226 3599 ubi
1287 3557 1461 3600 esses
1512 3555 1633 3600 nec
1695 3554 1856 3618 quas
1911 3534 2128 3618 copias

127 3594 366 3707 ¹¹,ab01'082
405 3635 621 3693 tamen
661 3623 757 3693 sic
791 3627 1182 3708 statuebam,
1230 3629 1465 3707 omnis,
1509 3648 1677 3712 quae
1710 3628 1779 3692 in
1812 3626 1949 3693 istis
1983 3648 2128 3714 par*

123 3694 260 3769 tibus
291 3730 494 3785 essent
528 3721 695 3807 opes'
721 3720 1101 3808 copiaeque,
1137 3733 1282 3792 tuas
1318 3744 1490 3800 esse,
1525 3744 1641 3809 per
1673 3732 1870 3807 teque
1903 3721 2128 3786 Asiam

126 3799 469 3879 Provinciam
531 3815 934 3882 confidebam
995 3816 1125 3883 iam
1185 3817 1280 3883 rei
1339 3817 1638 3903 publicae
1689 3815 2124 3902 reciperatam.

126 3889 178 3946 ω
204 3889 294 3962 fae
324 3902 388 3972 in
421 3910 717 3998 augenda
750 3910 958 3998 gloria
990 3921 1056 3978 te
1089 3911 1230 3998 ipse
1263 3911 1503 3978 vincas.
1592 3911 1753 3977 vale.
