2675 4559
563 312 567 313 ’
672 316 1233 376 EPISTOLARUM
1266 318 1367 375 vl.
1406 319 1562 373 7—9.
2015 308 2146 381 ,131

141 467 276 523 mus,
309 465 442 513 esse
476 441 573 508 uti
610 442 851 508 liceret.
938 440 1051 526 qui
1083 440 1242 507 mihi
1277 451 1693 507 consuessent
1726 452 1838 508 aut
1878 443 2155 510 libenter

142 539 412 627 polliceri,
465 535 521 602 si
563 535 719 620 quid
753 545 921 601 esset
962 535 1101 601 eius
1156 535 1360 613 modi,
1413 535 1588 619 quod
1629 552 1853 602 'eorum
1907 537 2154 604 animos

142 657 245 699 non
282 630 654 708 offenderet,
706 639 817 694 aut
868 629 1065 704 etiam
1118 651 1358 714 negare
1402 639 1467 692 et
1518 629 1768 696 adferre
1819 631 2152 708 rationem,

139 750 233 792 cur
258 735 585 811 negarent,
627 723 779 788 huic
799 744 997 788 meae
1040 721 1360 808 rogationi
1392 724 1489 786 vel
1511 723 1901 808 flaqitationi
1940 726 2152 810 potius

140 843 242 886 non
272 819 565 886 continuo
597 817 1091 903 responderunt3
1136 818 1368 890 eodem
1399 816 1504 883 die
1547 828 1764 885 tamen
1797 820 1884 885 ad
1913 843 2020 886 me
2053 843 2154 886 re-

142 924 450 989 verterunt3
494 911 653 976 mihi
689 911 813 976 hoc
847 910 1190 989 dederunt,
1234 922 1309 976 ut
1343 931 1516 976 esses
1548 909 1618 975 in
1655 909 1907 990 Sicilia,
1939 914 2156 998 quoad

143 1009 325 1085 velles;
375 1029 444 1072 se
488 1015 925 1096 praestaturos
960 1004 1119 1070 nihil
1164 1027 1246 1070 ex
1280 1027 1359 1070 eo
1395 1015 1460 1070 te
1495 1004 1862 1071 offensionis
1897 1007 2153 1072 habitu-

141 1124 271 1165 rum.
367 1100 703 1186 quoniam,
758 1099 913 1182 quid
964 1098 1082 1164 tibi
1138 1099 1573 1186 permittatur,
1625 1099 1947 1186 cognosti,
1998 1100 2155 1183 quid

144 1194 266 1258 mihi
296 1194 566 1280 placeat,
600 1204 758 1279 puto
793 1203 861 1258 te
896 1192 1059 1258 scire
1094 1203 1407 1279 oportere.
1497 1193 1654 1258 actis
1688 1193 1790 1258 his
1823 1193 2017 1260 rebus
2051 1194 2154 1258 lit-
2187 1212 2212 1252 ε

143 1299 280 1354 terae
327 1312 364 1353 a
412 1299 477 1354 te
531 1285 693 1352 mihi
741 1286 1027 1353 redditae
1072 1299 1250 1365 sunt,
1304 1287 1540 1371 quibus
1585 1311 1626 1354 a
1669 1311 1775 1354 me
1819 1288 2154 1354 consilium

142 1382 300 1466 petis,
346 1380 501 1465 quid
545 1380 672 1447 sim
713 1380 833 1445 tibi
865 1391 1114 1458 auctor,
1166 1380 1235 1446 in
1272 1380 1577 1448 Siciliane
1619 1394 1689 1446 ut
1729 1383 2027 1448 subsidas
2070 1406 2154 1449 an

142 1487 196 1538 ut
223 1476 294 1540 ad
324 1475 624 1559 reliquias
660 1474 986 1542 Asiaticae
1020 1476 1470 1561 negotiationis
1504 1475 1922 1561 proficiscare.
1995 1477 2154 1542 haec

142 1579 227 1633 tua
255 1569 620 1635 deliberatio
654 1590 785 1633 non
818 1568 976 1633 mihi
1011 1569 1352 1634 convenire
1387 1569 1526 1634 visa
1561 1578 1659 1633 est
1693 1591 1839 1634 cum
1869 1571 2152 1635 oratione

144 1660 329 1749 Largi:
371 1663 476 1728 ille
512 1661 689 1728 enim
724 1683 1006 1770 mecum,
1043 1663 1227 1747 quasi
1262 1661 1380 1725 tibi
1413 1683 1544 1727 non
1574 1661 1848 1726 liceret
1829 1686 1898 1726 ιιι
1935 1661 2153 1728 Sicilia

143 1752 335 1820 diutius
368 1755 771 1830 commorari,
805 1755 895 1820 ita
928 1756 1181 1820 locutus
1210 1765 1374 1832 erat3
1411 1767 1482 1818 tu
1509 1762 1746 1830 autem,
1769 1755 1967 1838 quasi
2003 1776 2153 1820 con-

144 1868 346 1914 oessum
389 1850 497 1924 sit,
555 1849 648 1913 ita
694 1848 1030 1914 deliberas.
1119 1848 1234 1913 sed
1278 1871 1432 1934 eg0,
1485 1848 1620 1912 sive
1656 1847 1780 1914 hoc
1813 1848 1950 1914 sive
1993 1849 2153 1913 illud

63 1999 64 2030 ³
145 1953 240 2018 est,
273 1943 335 2007 in
368 1941 596 2009 Sicilia
642 1963 870 2008 censeo
916 1943 1468 2008 commorandum:
1505 1941 1946 2027 propinquitas
1981 1943 2152 2008 loco-

63 2046 70 2084 '-
145 2057 254 2099 rum
281 2039 374 2103 vel
407 2038 491 2103 ad
536 2038 1017 2123 impetrandum
1052 2037 1315 2104 adiuvat
1353 2036 1592 2105 crebris
1625 2035 1853 2102 litteris
1889 2047 1953 2102 et
1986 2060 2152 2102 nun-

146 2129 246 2208 tiis,
290 2133 384 2196 vel
418 2132 506 2197 ad
538 2131 788 2197 reditus
825 2132 1244 2208 celeritatem,
1296 2153 1369 2196 re
1403 2141 1516 2197 aut
1555 2130 1924 2216 impetrata,
1975 2132 2153 2214 quod

63 2247 70 2293 '·.
143 2244 306 2306 spero,
340 2238 448 2290 aut
480 2224 725 2309 aliqua
738 2226 983 2291 ratione
1020 2225 1345 2301 confecta;
1389 2245 1586 2308 quam
1621 2223 1706 2288 ob
1748 2246 1887 2289 rem
1921 2247 2150 2293 censeo

65 2374 66 2379 ,
147 2336 333 2402 magno
364 2341 557 2404 opere
598 2318 1140 2385 commorandum.
1212 2318 1291 2383 Τ.
1328 2315 1642 2382 Furfanio
1674 2317 2017 2396 Postumo,
2054 2319 2152 2386 fa·
2186 2339 2212 2378 3

146 2410 325 2476 miliari
354 2435 516 2490 mec,
553 2411 914 2498 legatisque
952 2413 1109 2490 eius,
1144 2411 1300 2478 item
1332 2411 1496 2477 meis
1529 2410 1973 2489 familiaribus,
2009 2411 2153 2478 dili-

147 2504 457 2585 gentissime
509 2519 577 2573 te
634 2505 1126 2584 commendabO,
1180 2527 1326 2571 cum
1381 2505 1697 2582 venerint3
1749 2516 1931 2570 erant
1981 2505 2152 2571 enim

149 2616 321 2664 omnes
351 2600 679 2665 Mutinae:
717 2600 839 2664 viri
874 2611 1024 2665 sunt
1057 2599 1283 2686 optimi
1317 2610 1384 2665 et
1416 2599 1512 2664 tui
1547 2597 1848 2664 similium
1884 2599 2153 2667 studiosi

151 2701 195 2750 et
218 2693 325 2756 mei
361 2693 724 2761 necessarii.
810 2714 976 2777 quae
1019 2693 1179 2758 mihi
1213 2693 1476 2759 venient
1515 2690 1586 2757 in
1629 2701 1938 2768 mentem,
1985 2712 2152 2774 quae

152 2782 211 2844 ad
237 2796 289 2850 te
309 2788 621 2872 pertinere
648 2787 1025 2865 arbitrabor,
1060 2809 1139 2853 ea
1163 2810 1311 2853 mea
1346 2797 1573 2872 sponte
1607 2783 1870 2862 faciam3
1907 2783 1962 2849 si
1996 2784 2154 2868 quid

153 2872 433 2959 ignorabo,
482 2882 565 2947 de
604 2903 681 2946 eo
715 2881 1079 2946 admonitus
1114 2881 1404 2945 omnium
1439 2879 1648 2944 studia
1682 2879 1956 2944 vincam.
2029 2895 2150 2963 ego

154 2970 239 3033 etsi
266 2994 462 3040 coram
500 2976 585 3042 de
620 2985 685 3043 te
720 2997 868 3040 cum
899 2974 1214 3041 Furfanio
1249 2975 1342 3040 ita
1373 2973 1630 3058 loquar,
1667 2985 1740 3039 ut
1775 2973 1891 3045 tibi
1923 2973 2149 3040 litteris

153 3063 271 3128 meis
300 3068 375 3132 ad
408 3092 558 3134 eum
592 3069 749 3134 nihil
786 3091 947 3155 opus
985 3069 1098 3145 sit,
1129 3079 1375 3147 tamen,
1411 3067 1716 3152 quoniam
1751 3066 1878 3132 tuis
1910 3066 2152 3153 placuit

154 3162 197 3218 te
217 3156 421 3227 habere
448 3185 627 3229 meas
653 3163 915 3239 litteras,
950 3183 1111 3246 quas
1141 3162 1199 3228 ei
1224 3161 1545 3238 redderes,
1573 3181 1816 3226 morem
1843 3159 1923 3223 iis
1948 3159 2150 3245 gessi.

85 3318 87 3328 ι
154 3255 326 3317 earum
354 3256 707 3322 litterarum
741 3255 1106 3342 exemplum
1140 3254 1311 3320 infra
1346 3254 1653 3339 scriptum
1684 3263 1805 3318 est.

87 3390 94 3456 1

1074 3490 1181 3545 ΙΧ.

91 3560 141 4044 ι
600 3592 717 3650 Scr.
734 3593 951 3649 Romae
971 3596 1207 3649 exeunte
1227 3608 1375 3646 anno
1395 3609 1450 3646 u.
1469 3609 1517 3646 o.
1538 3590 1657 3647 708.

443 3695 521 3749 Μ.
555 3694 833 3775 CICERO
872 3700 932 3752 T.
968 3693 1366 3752 FURFANIO
1402 3690 1716 3749 PROCOS.
1753 3690 1810 3748 S.

258 3809 413 3881 Cum
443 3817 532 3882 A.
568 3817 850 3885 Caecina
883 3829 1062 3884 tanta
1094 3817 1252 3882 mihi
1294 3815 1694 3881 familiaritas
1731 3808 2156 3881 consuetudo-
2191 3833 2214 3869 1

165 3917 257 3981 (ΨΘ
280 3928 515 3996 semper
546 3912 685 3991 fuit,
722 3923 795 3981 ιιι
826 3914 1005 3979 nulla
1031 3912 1235 3978 maior
1260 3932 1402 3976 esse
1436 3909 1665 3994 possit,
1702 3929 1852 3973 nam
1879 3917 1945 3971 et
1973 3915 2157 3991 patre

168 4011 287 4073 ems,
318 4003 477 4070 claro
513 4007 764 4075 homine
799 4019 865 4074 et
907 4006 1058 4073 forti
1100 4007 1270 4083 viru,
1304 4003 1649 4091 plurimum
1695 4024 1838 4066 sum
1873 4022 2058 4076 usus,
2093 4009 2159 4071 et

103 4123 142 4527 ,ἒ
171 4081 300 4157 hune
345 4120 383 4161 a
428 4121 651 4186 puero,
702 4103 877 4188 quod
929 4114 993 4175 et
1044 4123 1224 4188 spem
1276 4121 1579 4185 magnam
1624 4096 1817 4251 ιιι11ἒ1
1826 4093 2159 4168 adferebat
