2675 4559
320 2621 336 2657 1

392 218 476 284 '10
1000 225 1079 281 Μ.
1115 224 1392 283 TULLII
1423 220 1827 282 CICERONIS

390 353 810 428 offenderem,
854 350 966 435 qui
1001 374 1041 414 a
1076 371 1208 426 me,
1252 359 1327 413 ut
1370 358 1434 413 te
1467 347 1776 423 imitarer,
1822 346 2108 432 petebat:
2163 348 2270 413 cui
2304 348 2445 433 qui-

392 449 539 515 dem
594 456 875 534 egomet,
941 467 1090 510 cum
1143 465 1247 507 me
1298 451 1557 528 rogaret
1608 451 1681 506 ut
1732 441 2026 506 adessem
2073 441 2144 506 in
2195 454 2448 519 senatu,

391 542 616 610 eadem
651 540 896 614 omnia,
942 560 1109 622 quae
1154 560 1194 602 a
1239 547 1302 601 te
1348 536 1428 602 de
1473 558 1631 622 pace
1676 546 1739 600 et
1783 535 1863 600 de
1898 536 2232 622 Hispaniis
2278 538 2447 603 dicta

391 648 567 712 sunt,
604 633 852 700 ostendi
881 655 986 697 me
1022 653 1161 697 esse
1197 630 1537 695 dicturum.
1625 651 1728 695 res
1764 630 1943 695 vides
1980 651 2109 714 quo
2145 632 2339 696 modo
2376 654 2447 697 se

388 728 650 794 habeat:
686 727 909 792 orbem
944 737 1258 791 terrarum
1289 723 1573 808 imperiis
1604 722 1955 789 distributis
1985 724 2211 789 ardere
2245 724 2447 802 bello;

388 822 616 888 urbem
652 821 787 886 sine
822 818 1106 905 legibue,
1144 817 1278 882 sine
1313 816 1563 881 iudiciis
1577 864 1595 893 ‚
1634 816 1770 882 sine
1804 816 1943 882 iure
1957 865 1975 894 ,
2012 817 2148 883 sine
2183 818 2311 883 fide
2346 842 2452 883 re-

393 917 609 981 lictam
661 912 1000 1000 direptioni
1065 920 1131 977 et
1181 910 1514 975 incendiis.
1619 910 1833 994 itaque
1897 910 2057 975 mihi
2106 912 2325 977 venire
2379 912 2451 976 in

393 1025 669 1077 mentem
711 1008 869 1074 nihil
915 1018 1154 1094 potest,
1207 1029 1339 1072 non
1382 1006 1573 1071 modo
1624 1005 1800 1088 quod
1845 1028 2123 1093 sperem,
2163 1007 2293 1072 sed
2338 1008 2449 1072 vix

389 1105 517 1169 iam
565 1104 736 1189 quod
780 1103 1053 1169 audeam
1098 1111 1346 1186 optare.
1431 1099 1530 1163 sin
1575 1108 1791 1164 autem
1824 1099 1969 1176 tibi,
2016 1100 2259 1165 homini
2292 1124 2453 1187 pru-

393 1201 786 1271 dentissimO,
841 1195 1094 1261 videtur
1139 1194 1294 1259 utile
1330 1216 1474 1259 esse
1504 1215 1624 1259 nos
1670 1193 1997 1278 conloqui,
2054 1216 2450 1279 quamquam

389 1297 641 1377 longius
690 1292 882 1356 etiam
927 1290 1294 1375 cogitabam
1336 1288 1419 1353 ab
1463 1288 1623 1356 urbe
1670 1288 2027 1366 discedere,
2080 1288 2261 1355 cuius
2312 1289 2453 1354 iam

393 1389 581 1453 etiam
609 1407 839 1450 nomen
866 1384 1104 1449 invitus
1135 1383 1349 1459 audi0,
1384 1394 1599 1448 tamen
1633 1383 1893 1470 propius
1924 1383 2246 1461 accedam,
2283 1383 2453 1449 Tre-

392 1481 689 1561 batioque
724 1477 1026 1542 mandavi
1069 1488 1168 1554 ut,
1215 1477 1271 1541 si
1315 1476 1473 1560 quid
1516 1487 1589 1541 tu
1624 1499 1772 1543 eum
1805 1477 2003 1543 velles
2039 1478 2125 1542 ad
2157 1500 2262 1543 me
2296 1479 2455 1543 mit-

389 1589 553 1649 tere,
605 1597 685 1637 ne
718 1583 1071 1646 recusaret,
1118 1571 1312 1656 idque
1360 1582 1432 1635 ut
1467 1570 1664 1636 facias
1701 1571 1921 1649 velim,
1967 1582 2107 1649 aut,
2151 1571 2207 1636 si
2248 1592 2453 1656 quem

389 1681 649 1733 tuorum
681 1666 966 1731 fidelium
1002 1666 1207 1741 voleS,
1262 1665 1347 1731 ad
1388 1688 1492 1730 me
1525 1665 1770 1743 mittas,
1821 1689 1904 1733 ne
1950 1677 2062 1731 aut
2106 1666 2224 1731 tibi
2269 1666 2453 1733 exire

389 1785 470 1825 ex
509 1761 665 1825 urbe
699 1782 960 1826 necesse
995 1760 1078 1825 sit
1122 1771 1233 1825 aut
1267 1759 1426 1824 mihi
1461 1760 1783 1825 accedere.
1873 1782 1995 1846 ego
2033 1770 2289 1825 tantum
2323 1760 2453 1826 tibi

389 1857 631 1929 tribuo,
683 1866 996 1938 quantum
1049 1853 1206 1919 mihi
1258 1854 1530 1920 fortasse
1584 1854 1826 1940 adrogo
1841 1902 1859 1931 ,
1915 1864 1987 1919 ut
2038 1854 2453 1940 exploramm

389 1949 682 2025 habeam,
717 1949 1024 2032 quicquid
1058 1970 1175 2014 nos
1205 1949 1529 2013 communi
1563 1949 1877 2018 sententia
1910 1950 2342 2030 statuerimuS,
2379 1952 2455 2017 id

389 2045 593 2106 omnis
633 2041 917 2106 hemines
951 2041 1354 2126 probaturos.
1441 2042 1605 2109 vale.

1368 2277 1448 2332 11.

673 2373 789 2432 Ser.
810 2377 869 2431 in
887 2376 1138 2434 Cumano
1156 2396 1348 2435 mense
1367 2381 1552 2451 Aprili
1569 2386 1805 2437 exeunte
1827 2398 1877 2435 a.
1897 2398 1952 2435 u.
1972 2396 2019 2437 c.
2042 2382 2160 2438 705.

800 2480 876 2533 Μ.
915 2479 1191 2537 CICERO
1231 2480 1285 2537 S.
1322 2482 1399 2555 D.
1441 2482 1600 2539 SEB.
1638 2482 2016 2541 SULPICIO.

511 2601 597 2665 A.
637 2601 698 2667 d.
731 2626 822 2667 m.
858 2603 1011 2669 Kal.
1048 2604 1262 2671 Maias
1299 2627 1448 2671 cum
1483 2628 1689 2672 essem
1732 2607 1801 2672 in
1838 2604 2163 2686 Cumano,
2214 2616 2448 2702 accepi

381 2709 521 2757 tuas
569 2697 836 2775 litteras,
893 2698 1126 2782 quibus
1169 2699 1350 2765 lectis
1396 2701 1670 2786 cognovi
1712 2723 1841 2767 non
1887 2703 2039 2768 satis
2086 2705 2452 2789 prudenter

377 2789 605 2853 senisse
645 2791 1088 2869 Philotimum,
1142 2793 1282 2877 qui,
1337 2815 1485 2858 cum
1529 2794 1645 2860 abs
1687 2806 1751 2860 te
1794 2796 2102 2863 mandata
2144 2798 2445 2879 haberet,

377 2898 445 2945 ut
497 2885 742 2961 mihis,
789 2884 870 2948 de
906 2885 1200 2950 omnibus
1243 2888 1467 2965 rebus,
1513 2888 1651 2975 ipse
1688 2890 1771 2954 ad
1817 2914 1921 2957 me
1964 2914 2094 2958 non
2131 2896 2441 2975 venisset,

377 2981 481 3037 sess?
517 2977 753 3039 litteras
788 2988 932 3041 tuas
967 2978 1269 3057 misisset,
1316 3002 1476 3064 quas
1523 2982 1807 3050 intellexi
1850 2985 2176 3053 breviores
2210 2988 2444 3068 fuisse,

377 3069 549 3149 qued
593 3092 740 3133 eum
783 3072 1180 3155 perlaturum
1221 3085 1537 3158 putasses·
1628 3076 1741 3143 sed
1786 3089 2031 3156 tamen,
2085 3094 2442 3167 postquam

373 3173 517 3225 tuas
568 3161 805 3229 litteras
850 3166 1008 3252 legi,
1054 3166 1394 3235 Postumia
1436 3181 1548 3235 tua
1590 3193 1693 3236 me
1731 3172 2025 3239 convenit
2060 3186 2125 3241 et
2161 3174 2439 3246 Servius

373 3265 613 3321 noster:
669 3258 766 3326 his
818 3261 1061 3347 placuit
1112 3273 1186 3327 ut
1236 3274 1308 3329 tu
1360 3263 1429 3329 in
1485 3262 1853 3332 Cumanum
1908 3270 2190 3349 venires,
2253 3275 2439 3357 quod

304 3369 328 3401 :2
373 3353 569 3413 etiam
609 3376 858 3420 mecum
901 3367 976 3421 ut
1010 3358 1094 3421 ad
1129 3369 1192 3423 te
1240 3359 1587 3426 scriberem
1622 3371 1913 3447 egerunt.
2002 3365 2176 3449 quod
2210 3389 2435 3434 meum

373 3445 701 3509 eonsilium
755 3450 1063 3532 exquiris,
1115 3451 1184 3515 id
1237 3464 1333 3518 est
1386 3454 1542 3532 tale,
1594 3466 1669 3521 ut
1716 3478 1945 3542 capere
1991 3458 2242 3527 facilius
2288 3463 2437 3548 ipse

365 3541 605 3621 possim
653 3561 845 3623 quam
890 3546 1072 3610 alteri
1116 3546 1298 3613 dare:
1353 3550 1509 3633 quid
1560 3552 1734 3618 enim
1780 3564 1879 3619 est
1921 3556 2096 3639 quod
2148 3558 2434 3625 audeam

365 3629 633 3697 suadere
669 3633 814 3711 tibi,
859 3636 1102 3703 homini
1147 3661 1401 3707 summa
1436 3647 1818 3714 auctoritate
1853 3648 2235 3735 summaq‘ue
2272 3675 2437 3737 pru·-

365 3722 617 3793 dentia?
661 3727 742 3806 si,
778 3729 935 3813 quid
968 3733 1396 3802 rectissimum
1429 3739 1539 3816 sit,
1573 3741 1972 3823 quaerimus,
2008 3745 2435 3831 perspicuum

365 3829 485 3929 estj
533 3821 585 3885 si
599 3869 617 3897 ,
665 3823 820 3907 quid
852 3827 1130 3893 maxime
1166 3831 1495 3917 expediat,
1532 3834 1909 3914 obscurmm
1956 3837 2057 3903 sin
2089 3839 2139 3905 ii
2171 3862 2432 3919 sumus,

360 3929 477 4019 [13¹¹.
509 3917 792 3997 prefecto
827 3942 968 3987 esse
1003 3922 1339 4004 debemus,
1386 3938 1460 3993 ut
1491 3928 1651 3996 nihil
1696 3930 2079 3999 arbitremur
2112 3935 2430 4020 expedire

356 4025 481 4069 fflfll
517 4009 686 4089 qued
729 4023 975 4083 rectum
1019 4017 1487 4107 honestumque
1532 4023 1642 4100 sit,
1689 4047 1820 4091 non
1867 4038 2080 4113 potest
2114 4050 2256 4096 esse
2293 4027 2427 4093 du-
