2675 4559
322 260 433 315 m:
472 257 727 314 PETIT.
764 255 975 316 coNS.
1012 257 1125 312 AD
1161 257 1239 312 M.
1277 230 1511 315 TULL.
1545 255 1934 312 FRATREM.
1974 258 2023 314 1.
2043 257 2093 312 2.
2146 243 2275 310 477
2368 292 2374 298 .
2431 285 2438 292 -

684 712 1217 872 Q.TULL11
1271 786 1776 857 CICERONIS

458 904 595 978 DE
658 899 1245 973 PETITIONE
1309 898 2025 970 CONSULATUS

569 1015 712 1080 AD
750 1015 849 1082 M
885 1014 1384 1100 TULLIUM
1417 1014 1925 1084 FRATREM

1085 1149 1418 1204 LIBER.

918 1377 1648 1465 ARGUMENTUM2‘

322 1527 465 1586 eum
486 1533 709 1600 tempus
731 1527 992 1597 instaret,
1028 1543 1139 1600 quo
1172 1533 1423 1600 tempore
1447 1527 1524 1582 M.
1551 1527 1776 1583 'Pullius
1799 1530 1996 1586 Cicero
2021 1531 2278 1589 consula·

214 1613 336 1664 tum
361 1606 581 1678 exlege
616 1605 808 1664 annali
837 1609 1031 1676 petere
1062 1611 1283 1676 posset,
1328 1605 1552 1676 scripsit
1573 1605 1648 1661 ad
1679 1622 1810 1661 eum
1833 1606 1902 1672 Q.
1927 1607 2106 1662 frater
2128 1608 2280 1662 hunc

216 1685 489 1753 libellum,
518 1700 627 1756 quo
652 1683 857 1740 docere
879 1679 1113 1740 fratrem
1136 1685 1405 1754 suscepit,
1429 1699 1540 1754 quo
1563 1683 1734 1738 modo
1755 1690 1816 1738 et
1837 1683 2041 1756 quibus
2063 1685 2278 1742 artibus

215 1761 595 1830 consulatum,
632 1761 788 1816 cuius
810 1759 1142 1832 petitionem
1173 1760 1423 1832 proxime
1449 1765 1804 1832 suscepturus
1828 1767 1976 1832 erat,
2013 1763 2280 1834 consequi

218 1843 375 1895 certo
402 1843 612 1909 posset.
685 1835 813 1902 Qua
842 1854 905 1892 re
939 1853 1278 1908 quamquam
1312 1837 1385 1892 ad
1419 1837 1747 1894 Ciceronem
1775 1839 2002 1912 proprie
2031 1839 2280 1912 pertinet

214 1915 309 1972 hic
325 1914 569 1984 libellus,
588 1920 778 1970 tamen
796 1913 1042 1969 omnium
1064 1914 1336 1968 honorum
1359 1915 1728 1985 petendorum
1750 1916 1912 1988 ratio,
1935 1933 2079 1988 quae
2097 1917 2280 1972 libera

214 2011 279 2050 re
300 1991 533 2064 publica
546 1991 763 2048 Romae
784 1990 1009 2048 solebat
1030 2007 1173 2060 esse,-
1191 2008 1261 2046 ex
1278 2007 1346 2046 ee
1363 1991 1608 2062 perspici
1629 1997 1834 2063 potest.
1878 1993 2070 2050 Primo
2089 1998 2278 2050 autem

216 2071 407 2144 agitur
430 2069 501 2125 de
522 2085 782 2140 persona,
810 2085 955 2140 quae
978 2069 1151 2139 petit,
1175 2069 1383 2125 deinde
1407 2069 1478 2127 de
1501 2086 1756 2140 10,qu
1777 2070 2008 2142 petitur,
2034 2071 2278 2142 denique

218 2147 290 2203 de
314 2147 457 2218 loco,
482 2147 581 2202 ubi
604 2146 839 2217 petitur3
872 2145 931 2200 in
964 2145 1168 2216 quibus
1200 2145 1438 2218 singulis
1469 2147 1589 2204 fere
1620 2148 1763 2204 haec
1786 2148 1898 2204 duo
1923 2153 2276 2224 spectantur·

215 2224 459 2296 primum
482 2223 907 2294 impedimenta,
936 2239 1080 2295 quae
1104 2223 1331 2278 obstent
1355 2229 1413 2278 et
1434 2242 1553 2281 rem
1577 2223 1866 2281 difficilem
1887 2219 2152 2295 reddant,
2181 2225 2276 2281 de-

216 2301 367 2369 inde,
394 2317 537 2373 quae
561 2300 812 2356 subsidia
836 2299 1101 2357 adversus
1125 2317 1195 2356 ea
1218 2301 1620 2373 impedimenta
1643 2303 1755 2358 sint
1778 2305 2187 2376 comparanda,
2213 2308 2280 2358 ut

216 2341 441 2434 facilius
464 2394 551 2448 eo,
578 2393 689 2450 qno
710 2379 929 2448 tendas,
954 2379 1271 2451 pervenias.

658 2605 1001 2688 QUINTUS
1036 2626 1301 2698 MAnco
1336 2621 1634 2704 FRATm
1670 2625 1725 2682 s.
1760 2627 1835 2680 D.

346 2745 492 2812 Etsi
526 2745 644 2810 tibi
678 2745 895 2810 omnia
928 2757 1296 2832 suppetunt,
1332 2769 1500 2831 quae
1537 2747 1842 2831 consequi
1873 2747 2134 2832 ingenio
2161 2757 2274 2812 aut
2309 2742 2341 2796 l

216 2865 343 2908 usu
377 2840 667 2906 homines
702 2850 815 2904 aut
849 2839 1179 2925 diligentia
1210 2852 1511 2927 possunt,
1549 2853 1766 2906 tamen
1801 2863 2018 2907 amore
2053 2851 2274 2906 nostro
2319 2817 2344 2854 ²

216 2959 349 3002 non
386 2957 529 3001 sum
566 2935 845 3001 alienum
863 2951 869 2958 ‘
887 2934 1233 3000 arbitratus
1270 2934 1356 3000 ad
1399 2946 1464 3001 te
1507 2935 1901 3022 perscribere
1947 2959 2023 3002 ea
2035 2983 2054 3014 ,
2107 2957 2274 3021 quae

220 3031 377 3098 mihi
412 3031 755 3096 veniebant
788 3029 856 3094 in
888 3041 1169 3095 mentem
1200 3027 1339 3097 dies
1363 3052 1442 3096 ac
1473 3031 1680 3096 noetis
1708 3030 1788 3098 de
1823 3031 2128 3120 petitione
2161 3043 2278 3098 tua

220 3125 554 3213 cogitanti,
604 3147 736 3190 non
770 3136 846 3190 ut
878 3123 1120 3210 aliquid
1154 3147 1236 3190 ex
1278 3125 1361 3191 iis
1401 3125 1556 3191 novi
1599 3124 1989 3203 addisceres,
2046 3122 2160 3190 sed
2203 3137 2276 3192 ut

221 3244 328 3298 ea,
380 3243 545 3306 quae
587 3220 656 3286 in
698 3241 770 3286 re
814 3219 1103 3306 dispersa
1156 3231 1350 3304 atque
1395 3218 1644 3286 infinitas
1693 3219 2060 3287 viderentur
2113 3241 2276 3297 esse,

218 3315 465 3382 ratione
526 3325 591 3382 et
652 3313 1137 3380 distributione
1159 3314 1282 3379 sub
1345 3337 1475 3380 uno
1537 3326 1802 3402 aspectu
1863 3326 2272 3400 ponerentur.

226 3413 647 3504 [quamquam
700 3408 1046 3496 plurimum
1096 3419 1329 3476 natura
1380 3410 1580 3485 valet,
1636 3420 1851 3475 tamen
1902 3407 2157 3476 videtur
2207 3407 2276 3473 in

219 3525 573 3591 paucorum
608 3525 900 3570 mensum
934 3503 1203 3615 negotio·
1228 3525 1418 3590 posse
1454 3503 1772 3570 simulatio
1806 3514 2102 3570 naturam
2137 3501 2277 3567 vin-

221 3595 414 3684 cere.]
480 3598 705 3665 civitas
740 3620 906 3683 quae
942 3598 1027 3664 sit
1060 3599 1295 3685 cogita,
1329 3599 1487 3684 quid
1519 3614 1721 3685 petas,
1758 3599 1870 3684 qui
1905 3599 2012 3663 sis.
2075 3619 2274 3688 prope
2319 3610 2345 3649 2

220 3693 453 3759 cotidie
494 3693 614 3758 tibi
655 3694 791 3759 h'oc·
814 3693 902 3758 ad
940 3693 1155 3758 forum
1199 3693 1615 3760 descendenti
1660 3691 2100 3762 meditandum
2119 3776 2126 3782 .
2145 3703 2272 3758 est·
2253 3737 2272 3756 .

220 3793 456 3852 ‘novus
490 3809 632 3852 sum
644 3832 663 3864 ,
708 3787 1113 3855 consulatum
1145 3799 1296 3874 peto
1309 3837 1328 3866 ‚
1373 3785 1586 3854 Roma
1621 3787 1759 3854 est-‚⁹
1793 3813 1797 3820 ·
1847 3785 2124 3853 nominis
2158 3807 2280 3852 no-

216 3881 483 3948 vitatem
532 3881 787 3947 dicendi
836 3881 1045 3968 gloria
1094 3883 1372 3948 maxime
1421 3881 1806 3948 sublevabis.
1897 3899 2148 3969 semper
2199 3901 2278 3946 ea

216 3999 319 4042 res
354 3975 703 4062 plurimum
748 3975 1078 4064 dignitatis
1112 3977 1356 4042 habuit.
1444 3999 1574 4043 non
1610 3977 1822 4066 pbtest
1837 4025 1856 4057 ,
1891 3976 2004 4062 qui
2040 3974 2278 4062 dignus

214 4069 490 4138 habetur
520 4079 828 4156 patronus
854 4071 1304 4150 consularium,
1338 4069 1642 4158 indignus
1671 4074 2007 4142 consulatu
2041 4070 2276 4159 putari.
