2675 4559
442 1114 465 1151 1

498 298 582 365 38
1106 303 1182 357 M.
1221 298 1495 385 ‘runnu
1528 291 1929 353 mennoms

496 437 784 517 miroque
838 426 1150 496 desiderio
1197 447 1300 489 me
1346 422 1501 487 urbs
1546 419 1761 484 adficit
1804 428 1870 483 et
1908 441 2127 485 omnes
2172 419 2300 485 mei
2344 430 2573 501 tuque

497 532 565 596 in
597 527 837 615 primis.

1439 752 1597 807 XIV.

645 936 651 941 Ι
853 862 969 917 Ser.
990 858 1309 916 Laodiceae
1328 872 1518 911 mense
1535 854 1843 909 Februario
1866 870 1915 907 a.
1937 870 1991 906 u.
2010 869 2058 906 c.
2081 850 2198 906 704.

653 971 732 1023 Μ.
771 962 1045 1021 CICERO
1082 961 1238 1017 IMP.
1280 958 1336 1015 S.
1373 958 1446 1012 D.
1483 958 1559 1011 M.
1598 954 1879 1011 CAELIO
1915 952 2190 1009 AEDILI
2225 952 2398 1009 CUR.

629 1092 727 1157 M.
763 1088 992 1163 Fadio,
1027 1087 1164 1151 viro
1199 1084 1440 1169 optimo
1476 1091 1541 1149 et
1574 1079 1829 1146 homine
1856 1077 2241 1152 doctissimo,
2281 1074 2565 1139 familia-

433 1234 439 1238 ·
501 1187 748 1255 rissime
795 1194 940 1247 ntor
990 1179 1381 1261 mirificeque
1434 1198 1584 1243 eum
1626 1174 1823 1259 diligo
1869 1196 2017 1238 cnm
2067 1181 2329 1257 propter
2384 1192 2563 1235 sum-

501 1304 678 1346 mum
713 1276 1043 1361 ingenium
1071 1274 1208 1337 eius
1244 1290 1686 1353 summamque
1713 1268 2085 1341 doctrinam,
2122 1276 2261 1329 tum
2293 1274 2565 1349 propter

504 1373 890 1458 singularem
939 1366 1347 1433 modestiam:
1404 1364 1541 1429 eius
1592 1363 1924 1449 negotium
1974 1360 2067 1426 sic
2117 1358 2310 1424 velim
2356 1356 2563 1425 susci-

503 1468 671 1554 pias,
715 1473 790 1530 ut
833 1463 888 1527 si
931 1472 1099 1527 esset
1141 1483 1242 1525 res
1277 1482 1442 1541 mea.
1530 1458 1681 1523 novi
1716 1479 1839 1543 ego
1874 1477 1988 1521 vos
2024 1475 2295 1539 magnos
2340 1463 2565 1539 patro·

503 1584 648 1625 nos:
687 1558 1010 1623 hominem
1025 1570 1030 1574 ’
1044 1554 1293 1621 occidat
1327 1562 1595 1638 oportet,
1633 1551 1743 1635 qui
1780 1561 1993 1616 vestra
2020 1570 2215 1634 opera
2249 1547 2347 1613 nti
2382 1546 2561 1613 velit.

505 1655 620 1721 sed
651 1654 721 1719 in
764 1653 886 1717 hoc
930 1650 1184 1715 homine
1227 1649 1470 1713 nullam
1514 1647 1757 1731 accipio
1794 1643 2294 1710 excusationem:
2344 1641 2563 1709 omnia

503 1749 844 1831 relinques,
881 1746 936 1811 si
969 1767 1072 1809 me
1109 1742 1375 1817 amabis,
1410 1764 1560 1807 cum
1594 1752 1707 1807 tua
1732 1762 1928 1826 opera
1953 1738 2195 1803 Fadius
2232 1738 2329 1802 uti
2366 1737 2561 1800 volet.

505 1864 628 1929 ego
673 1864 776 1907 res
820 1840 1146 1908 Romanas
1191 1838 1599 1905 vehementer
1646 1845 1944 1919 exspecto
2000 1845 2063 1897 et
2116 1830 2439 1906 desidero,
2489 1830 2561 1893 in

504 1938 850 2023 primisque
895 1935 1052 2017 quid
1097 1956 1254 2017 agas
1297 1931 1461 1997 seire
1506 1930 1723 2016 cupi03
1776 1952 1928 1994 nam
1970 1927 2099 1993 iam
2142 1925 2255 1991 diu
2296 1934 2563 2011 propter

505 2031 729 2098 hiemis
763 2027 1272 2112 magnitudinem
1305 2025 1464 2089 nihil
1496 2024 1650 2088 novi
1685 2023 1767 2088 ad
1803 2046 1919 2089 nos
1956 2020 2387 2089 adserebatur.

1458 2260 1587 2316 XV.

814 2362 930 2419 Ser.
949 2365 1008 2417 in
1029 2362 1474 2419 Cilicia'ineunte
1494 2380 1681 2419 mense
1705 2362 1901 2419 Sextili
1920 2380 1971 2417 a.
1991 2381 2043 2417 u.
2066 2380 2113 2416 c.
2134 2362 2251 2416 704.
2308 2394 2312 2398 -

659 2468 735 2521 Μ.
773 2464 1046 2521 CICERO
1082 2464 1239 2519 IMP.
1280 2465 1335 2521 S.
1372 2466 1445 2520 D.
1484 2466 1557 2520 M.
1599 2464 1882 2521 CAELIO
1918 2464 2193 2519 AEDILI
2228 2464 2402 2521 CUR.

629 2591 781 2657 Non
825 2589 1036 2676 potuit
1078 2590 1436 2658 accuratius
1484 2590 1591 2674 agi
1634 2612 1755 2654 nec
1797 2589 2172 2674 prudentius
2218 2607 2421 2670 quam
2464 2600 2559 2651 est

503 2696 716 2751 actum
769 2708 808 2749 a
852 2694 916 2749 te
969 2706 1114 2749 cum
1161 2680 1444 2749 Curione
1500 2684 1581 2748 de
1635 2683 2127 2768 supplicatione,
2180 2695 2245 2746 et
2294 2680 2560 2747 hercule

501 2778 792 2845 confecta
833 2800 936 2843 res
981 2800 1062 2841 ex
1105 2778 1420 2843 sententia
1454 2799 1599 2843 mea
1646 2788 1770 2853 est,
1827 2798 1975 2841 cum
2010 2776 2362 2853 celeritate,
2418 2787 2553 2840 tum

499 2873 674 2957 quod
714 2872 798 2947 is,
852 2870 964 2953 qui
999 2881 1136 2935 erat
1175 2872 1405 2946 iratus,
1460 2871 1815 2955 conpetitor
1858 2882 2007 2935 tuus
2044 2882 2109 2935 et
2142 2870 2317 2935 idem
2350 2892 2556 2946 meus,

501 2964 806 3031 adsensus
843 2975 936 3029 est
975 2964 1061 3039 ei,
1099 2964 1211 3046 qui
1245 2963 1495 3029 ornavit
1529 2986 1631 3029 res
1668 2975 1917 3029 nostras
1954 2964 2183 3029 divinis
2218 2963 2555 3028 laudibust

501 3078 630 3141 qua
663 3080 732 3123 re
768 3058 926 3122 scito
962 3080 1065 3121 me
1101 3080 1357 3142 sperare
1392 3080 1497 3134 ea,
1538 3079 1705 3141 quae
1742 3070 2126 3142 sequuntur3
2161 3058 2243 3121 ad
2278 3079 2449 3140 quae
2485 3070 2553 3121 tu

499 3163 562 3217 te
597 3174 772 3237 para.
827 3150 1233 3217 Dolabellam
1261 3175 1300 3217 a
1325 3163 1391 3217 te
1424 3152 1678 3237 gaudeo
1705 3153 1981 3237 primum
2015 3150 2284 3228 laudari,
2322 3150 2555 3217 deinde

501 3247 693 3311 etiam
739 3247 966 3325 amari3
1019 3269 1171 3311 nam
1222 3270 1326 3325 ea,
1384 3270 1548 3331 quae
1600 3270 1819 3332 speras
1872 3247 2123 3312 Tulliae
2165 3268 2347 3313 meae
2402 3269 2553 3331 pru-

499 3340 714 3407 dentia
756 3342 1104 3426 temperari·
1136 3363 1354 3426 posse,
1402 3343 1533 3407 seio
1580 3341 1683 3409 cui
1727 3352 1876 3407 tuae
1938 3342 2241 3427 epistolae
2286 3363 2551 3425 respon-

499 3434 709 3501 deant.
798 3436 955 3516 quid
999 3434 1053 3499 si
1094 3458 1306 3499 'meam
1342 3436 1553 3520 legas,
1599 3456 1795 3518 quam
1830 3458 1951 3520 ego
1996 3447 2134 3501 tum
2170 3458 2251 3501 ex
2286 3435 2416 3499 tuis
2450 3435 2553 3497 lit-

496 3528 647 3591 teris
681 3527 826 3591 misi
861 3528 944 3590 ad
977 3529 1310 3611 Appium?
1346 3530 1461 3593 sed
1497 3530 1653 3612 quid
1689 3530 1887 3615 agas?
1922 3530 2017 3595 sic
2050 3530 2303 3596 vivitur.
2378 3530 2555 3613 quod

497 3631 713 3685 actum
747 3631 870 3695 est,
909 3620 974 3683 di
1009 3621 1382 3705 adprobent.
1458 3645 1643 3709 spero
1680 3624 1817 3690 fore
1854 3624 2205 3690 iucundum
2239 3646 2551 3708 generum

495 3713 709 3790 nobis,
761 3714 1163 3797 multumque
1215 3715 1282 3782 in
1327 3739 1404 3781 eo
1458 3728 1569 3783 tua
1614 3740 1732 3784 nos
1785 3719 2147 3784 humanitas
2202 3718 2551 3783 adiuvabit.

497 3832 598 3874 res
633 3809 891 3894 publiea.
923 3832 1028 3873 me
1063 3810 1248 3875 valde
1285 3812 1608 3877 sollicitat:
1647 3814 1834 3879 faveo
1868 3810 2163 3891 Curioni3
2203 3810 2551 3879 Caesarem

495 3901 830 3967 honestum
875 3924 1014 3969 esse
1059 3904 1278 3989 cupi03
1331 3928 1449 3991 pro
1482 3906 1799 3992 Pompeio
1844 3909 2041 3973 emori
2087 3928 2379 3993 possum:
2437 3906 2549 3971 sed

497 4005 709 4059 tamen
751 3997 892 4081 ipsa
933 4020 1002 4064 re
1047 3999 1304 4083 publica
1346 4001 1503 4065 nihil
1548 4002 1705 4067 mihi
1749 4014 1844 4067 est
1888 4003 2123 4079 carius,
2176 4003 2245 4067 in
2298 4022 2431 4085 qua
2482 4012 2553 4064 tu

493 4109 622 4155 non
666 4092 850 4157 valde
895 4104 960 4159 te
999 4094 1230 4172 iactas3
1287 4094 1609 4164 districtus
1663 4097 1833 4163 enim
1886 4096 2043 4162 mihi
2094 4096 2331 4163 videris
2386 4118 2553 4172 esse,

2646 2485 2662 2998 ἰ

2633 3092 2666 4535 f
