2675 4559
627 270 1175 345 EPmToLARUM
1207 288 1309 344 VI.
1344 289 1498 343 4-6.
1969 278 2095 344 125

131 438 272 501 quam
301 423 465 480 extra
492 411 771 478 ordinem
807 412 888 478 de
922 421 989 476 te
1020 411 1162 496 ipso
1190 410 1523 487 habemus,
1555 432 1685 475 non
1710 413 1921 476 solum
1945 434 2095 500 pro-

131 522 231 594 pter
268 507 613 593 dignitatem
664 517 729 571 et
778 505 1081 570 virtutem
1133 516 1311 569 tuam
1344 538 1433 552 --
1470 504 1632 570 haee
1680 505 1858 571 enim
1908 529 2096 572 orna-

129 613 287 667 ments
314 612 451 666 sunt
490 601 605 664 tibi
646 600 839 666 etiam
883 620 1033 665 eum
1066 598 1205 664 aliis
1242 600 1604 665 eommunia
1624 637 1713 648 -
1731 647 1754 675 ‚
1801 605 1908 666 sed
1947 622 2096 686 pro-

128 707 228 780 pter
273 694 552 761 eximium
611 693 940 780 ingenium
1000 710 1447 778 summamque
1496 697 1534 776 †
1592 695 1927 772 virtutem,
1987 694 2094 760 eui

128 788 442 855 mehereules
467 787 594 864 hie,
628 788 809 852 euius
834 787 905 851 in
929 797 1245 872 potestate
1274 807 1515 865 sumus,
1552 788 1827 853 multum
1850 787 2093 853 tribuit.

126 883 283 965 itaque
308 904 384 948 ne
414 892 717 966 puuctum
752 881 1014 964 quidem
1048 882 1353 966 temporis
1386 882 1454 946 in
1487 881 1613 946 ista
1644 881 1904 947 fortune
1934 882 2094 947 fuis-

128 997 218 1050 ses,
258 975 360 1040 nisi
387 997 465 1041 eo
498 974 641 1060 ipso
676 975 845 1039 bono
879 985 1021 1050 tue,
1073 995 1205 1058 quo
1239 974 1617 1052 delectatur,
1670 998 1746 1040 se
1785 975 2094 1040 violatum

128 1079 366 1150 putassem
407 1069 576 1151 quod
612 1067 823 1153 ipsum
864 1067 1100 1132 lenitur
1134 1067 1386 1146 eotidie,
1421 1068 1942 1154 signifioamque
1975 1084 2094 1132 no·-

130 1159 194 1224 bis
230 1160 296 1226 ab
339 1162 436 1237 iis,
486 1161 601 1245 qui
644 1161 835 1227 simul
878 1183 1027 1226 eum
1070 1182 1148 1226 eo
1193 1161 1446 1238 vivunt,
1501 1161 1619 1226 tibi
1669 1162 1838 1226 hane
1885 1161 2093 1246 ipsam

128 1254 411 1336 opinionem
474 1255 715 1341 ingemi
774 1255 952 1340 apud
1010 1255 1192 1322 illum
1258 1254 1604 1341 plurimum
1671 1255 2094 1342 profuturam.

126 1360 433 1433 quapropter
472 1349 753 1434 primum
795 1349 902 1413 fac
942 1349 1156 1413 animo
1190 1348 1342 1413 forti
1385 1360 1580 1442 atque
1612 1370 1851 1435 magno
1886 1349 1973 1414 sis
2005 1383 2094 1397 -
2123 1369 2155 1409 ι

125 1438 184 1503 ita
208 1441 345 1507 enim
374 1454 585 1520 natus,
621 1443 713 1508 its
746 1442 1073 1520 educatus,
1109 1443 1199 1507 ita
1235 1443 1461 1508 doetus
1496 1466 1598 1521 es,
1630 1444 1725 1508 ita
1756 1445 1950 1509 etiam
1984 1464 2094 1508 eo-

125 1533 305 1616 gnitus‚
336 1539 411 1601 ut'
432 1536 549 1601 tibi
579 1537 653 1600 id
685 1536 1053 1602 faciendum
1085 1536 1170 1602 sit
1201 1571 1316 1613 ——,
1352 1537 1585 1602 deinde
1619 1559 1800 1622 spem
1835 1557 2091 1621 quoque

124 1624 297 1693 habeas
340 1629 762 1696 firmissimam
822 1642 1083 1715 propter
1138 1652 1248 1695 eas
1308 1651 1568 1706 causas,
1632 1651 1792 1714 quas
1847 1630 2090 1714 scripsi.

127 1740 152 1780 a
182 1742 260 1786 me
303 1741 441 1788 vero
491 1724 611 1788 tibi
663 1724 877 1788 omnia.
926 1723 1272 1807 liberisque
1320 1723 1451 1787 tuis
1503 1723 1908 1807 paratissima
1949 1745 2092 1787 esse

126 1812 334 1880 confidas
364 1817 578 1894 velim;
614 1816 685 1881 id
719 1817 891 1884 enim
925 1828 990 1883 et
1024 1827 1309 1882 vetustas
1344 1816 1548 1880 nostri
1581 1816 1814 1880 amoris
1849 1826 1913 1881 et
1946 1835 2091 1879 mea

127 1908 435 2064 maudo
484 1909 554 1975 in
605 1930 785 1976 meos
838 1921 905 1974 et
954 1921 1069 1976 tua
1125 1910 1328 1974 multa
1371 1931 1528 1995 erga
1571 1929 1676 1974 me
1720 1907 1936 1974 officia
1975 1928 2094 1994 po-

126 2017 145 2057 S
273 2012 311 2064 t.

1014 2150 1115 2208 VI.

721 2253 837 2309 Ser.
855 2253 1068 2309 Romae
1090 2271 1140 2308 a.
1159 2272 1214 2308 u.
1235 2273 1283 2309 c.
1303 2255 1421 2309 708.

486 2355 565 2409 Μ.
606 2354 883 2415 CICERO
920 2355 979 2413 S.
1012 2356 1087 2409 D.
1124 2358 1194 2411 A.
1232 2356 1638 2413 CAECINAE.

210 2463 416 2533 Vereor
462 2492 544 2535 ne
597 2468 920 2534 desideres
966 2469 1250 2534 officium
1294 2492 1543 2547 meum,
1595 2470 1771 2555 quod
1813 2469 1930 2534 tibi
1973 2491 2089 2555 pro
2125 2492 2151 2531 1

126 2566 278 2621 nostra
303 2571 363 2624 et
387 2563 760 2627 meritorum
784 2563 1130 2626 multorum
1166 2575 1231 2627 et
1265 2563 1621 2628 studiorum
1656 2563 1906 2649 parium
1940 2582 2092 2627 eon-

126 2644 369 2720 iunctione
400 2655 621 2722 deesse
656 2677 788 2720 non
824 2656 1044 2733 debet,
1081 2657 1194 2721 sed
1228 2667 1446 2722 tamen
1480 2679 1704 2722 vereor
1734 2677 1818 2720 ne
1850 2656 2091 2720 littera-

127 2758 221 2804 rum
248 2767 281 2809 a
305 2769 399 2813 me
430 2748 718 2815 officium
752 2749 1070 2832 requires,
1120 2770 1283 2833 quas
1326 2750 1447 2814 tibi
1480 2759 1544 2815 et
1584 2751 1715 2815 iam
1746 2749 1996 2834 pridem
2029 2761 2094 2812 et

128 2851 259 2937 {aepe
293 2840 623 2919 misissem,
676 2842 798 2907 nisi
842 2842 1073 2908 eotidie
1117 2843 1344 2908 melius
1390 2854 1769 2928 exspectans
1809 2842 2092 2929 gratula-

127 2937 295 2994 tionem
330 2955 513 3016 quam
564 2936 1106 3002 confirmationem
1139 2937 1339 3002 animi
1374 2938 1470 3002 tui
1505 2938 1820 3022 conplecti
1863 2936 2090 3002 litteris

127 3020 427 3120 {ualuissem
511 3051 716 3105 nune,
751 3041 825 3096 ut
856 3052 1045 3117 spero
1058 3077 1076 3108 ,
1121 3031 1300 3098 brevi
1332 3031 1827 3118 gratulabimur3
1877 3032 2092 3114 itaque

126 3131 169 3172 111
198 3115 337 3184 aliud
374 3133 625 3210 tempus
668 3123 738 3187 id
789 3135 1240 3210 argumentum
1291 3125 1598 3210 epistolae
1651 3124 1899 3189 differo.
1986 3123 2088 3188 his
2123 3144 2152 3181 π

85 3240 89 3291 ι,
127 3216 279 3273 *utem
320 3213 531 3283 litteris
586 3217 874 3282 animum
914 3228 1129 3296 tuum,
1181 3239 1384 3302 quem
1417 3217 1679 3282 minime
1722 3217 2092 3281 inbeeillum

85 3306 87 3315 '
128 3314 222 3364 ²⁸⁸0
247 3314 301 3368 et
328 3309 508 3375 audin
541 3321 610 3376 et
644 3332 860 3396 spero,
906 3312 1027 3379 etsi
1057 3333 1189 3377 non
1223 3309 1671 3396 sapientissimi
1684 3355 1704 3386 ,
1740 3319 1809 3373 at
1841 3308 2093 3374 amieis-

130 3393 225 3456 suni
250 3395 495 3470 hominis
523 3404 901 3470 austeritate
931 3405 1437 3470 confirmandum
1461 3403 1654 3469 etiam
1679 3413 1874 3487 atque
1895 3401 2093 3466 etiam
2207 3402 2213 3406 ’

129 3494 257 3586 99ωὸ
293 3514 415 3565 nee.
436 3497 513 3562 iis
557 3498 817 3583 quidem
853 3499 1096 3576 verbis,
1137 3498 1377 3582 quibus
1422 3508 1487 3563 te
1532 3497 1820 3565 consoler
1863 3505 1937 3559 ut
1979 3495 2094 3559 ad-

130 3571 305 3681 fl¹<JtUm
334 3599 395 3652 et
424 3589 549 3655 inm
584 3590 760 3658 omni
789 3614 907 3677 spe
941 3591 1165 3656 salutis
1196 3592 1515 3668 orbatum,
1550 3589 1667 3656 sed
1697 3600 1773 3654 ut
1807 3611 1975 3666 eum,
2010 3589 2093 3653 de

131 3683 257 3779 0¹¹qu
297 3675 713 3750 incolumitate
764 3707 897 3750 non
944 3687 1092 3771 plus
1139 3685 1428 3750 dubitem
1480 3705 1675 3768 quem
1725 3695 1790 3748 te
1832 3680 2093 3748 memini

131 3756 352 3837 dubitare
392 3775 470 3841 de
512 3801 673 3844 mea.
760 3802 912 3844 nam
949 3801 1095 3844 eum
1140 3800 1245 3843 me
1279 3801 1364 3842 ex
1407 3800 1477 3843 re
1521 3777 1782 3863 publiea
1810 3775 2094 3860 expulis-

132 3868 228 3921 ΨΜ
252 3861 316 3939 fi,
360 3871 466 3952 qui
507 3872 678 3938 illam
724 3868 951 3939 eadere
996 3895 1186 3958 posse
1228 3882 1439 3938 stante
1472 3894 1577 3936 me
1610 3891 1739 3935 non
1773 3877 2092 3955 putarant,

133 3953 329 4022 m&mini
354 3983 449 4029 me
483 3987 560 4030 ex
590 3967 810 4034 :multis
844 3967 1235 4052 hospitibus,
1279 3966 1392 4050 qui
1428 3964 1513 4030 sd
1546 3986 1650 4028 me
1685 3985 1766 4028 ex
1798 3961 1989 4041 Asia,
2023 3961 2094 4026 in

134 4055 222 4117 (Μ
260 4060 321 4115 tu
367 4077 528 4136 eras,
574 4072 909 4137 venerant,
961 4059 1183 4126 audire
1236 4071 1300 4124 te
1353 4060 1434 4124 de
1477 4056 1753 4144 glorioso
1796 4066 1861 4122 et
1904 4055 2092 4121 eeleri
