2675 4559
695 854 1332 925 ADNOTATIO
1391 856 1861 929 CRITICA.

309 1119 388 1175 M.
417 1117 696 1177 TULLn
724 1117 1124 1177 CICERONIS
1298 1114 1465 1167 bunus
1476 1116 1588 1184 pL]
1614 1115 1854 1169 tirannus
1870 1114 2052 1183 publio
2078 1118 2271 1171 lentulo
2296 1116 2375 1169 M.

231 1202 793 1261 EPISTOLARUM
827 1204 938 1259 AD
973 1204 1194 1261 FAMI-
1297 1192 1653 1245 -intendere
1684 1189 1769 1245 M:
1807 1192 2113 1245 contendere
2159 1190 2274 1247 alii.
2306 1224 2377 1234 —

580 1288 864 1345 LIARES
1295 1268 1536 1321 consumi
1556 1284 1697 1323 corr.
1722 1284 1791 1322 ex
1822 1268 2111 1321 consummi
2130 1266 2206 1321 M.
2232 1298 2303 1311 -
2324 1270 2379 1322 icl

489 1394 674 1437 n...
701 1394 946 1437 mus-m
1293 1342 1973 1491 mmmm
1988 1348 2379 1492 mm:

239 1496 348 1567 Ep.
377 1502 424 1551 1.
461 1495 510 1566 ὃ.
542 1502 590 1549 1.
624 1496 750 1565 quia
782 1504 838 1549 tu
859 1493 925 1548 P.
951 1492 1260 1550 Victorius:
1296 1514 1442 1567 quae
1466 1502 1553 1553 est
1581 1497 1642 1553 in
1674 1514 1865 1552 versus
1896 1495 2037 1565 fine,
2074 1462 2375 1569 expuncta}

178 1575 264 1645 qui
284 1583 344 1626 tu
359 1572 438 1641 M,
464 1573 716 1643 quoniam
733 1580 788 1625 tu
805 1586 932 1625 eum
949 1569 1261 1627 Cratandro
1295 1572 1374 1626 M.
1400 1604 1469 1615 —
1494 1575 1789 1629 consulibus
1812 1594 1919 1628 non
1942 1575 2113 1627 invitis
2137 1572 2373 1629 Wesen-

175 1651 231 1703 k.
256 1648 343 1705 cf.
365 1666 456 1719 ep.
485 1656 532 1706 7.
558 1647 607 1719 §-
627 1648 678 1703 8.
695 1676 766 1688 ——
790 1649 913 1719 quia
937 1646 1113 1703 altero
1137 1648 1262 1703 loeo
1295 1648 1438 1721 berg
1466 1668 1521 1720 p.
1553 1656 1634 1703 13.
1668 1650 1866 1721 (inuitis
1901 1667 2041 1706 corr.
2076 1668 2143 1705 ex
2180 1652 2377 1705 inuitus

179 1726 286 1781 del.
340 1724 656 1781 Ernestius.
703 1754 774 1764 —
819 1725 1069 1793 ayebatur
1125 1726 1262 1795 regis
1297 1724 1400 1798 M.)
1424 1757 1492 1767 —
1525 1727 1799 1795 cupiebant
1839 1726 2159 1795 Ernestius,
2205 1730 2376 1797 cupie-

179 1820 342 1857 causa
364 1843 377 1858 .
404 1804 457 1855 si
482 1800 562 1855 M.
587 1832 649 1843 --
691 1801 985 1870 laryitionis
1019 1814 1160 1855 cort.
1197 1817 1265 1855 ex
1297 1812 1424 1855 rant
1455 1800 1813 1872 Wesenberg
1842 1801 1991 1854 Add.
2024 1818 2081 1870 p.
2121 1808 2236 1854 134.
2276 1805 2297 1871 ΙΙ
2327 1809 2375 1858 3.

177 1880 478 1949 laryttiones
494 1876 574 1931 M.
599 1880 621 1947 ΙΙ
647 1882 695 1931 8.
714 1878 936 1931 reducas
953 1876 1262 1931 Victorius:
1295 1880 1395 1932 bac
1428 1876 1767 1933 Cratander:
1798 1879 1925 1931 haec
1956 1875 2033 1931 M.
2081 1874 2167 1932 cf.
2202 1894 2288 1947 ep.
2324 1884 2375 1947 8,

177 1958 401 2011 deducas
424 1952 504 2009 Μ.
529 1985 600 1995 -
622 1956 889 2008 commodo
911 1954 1060 2023 reip.
1083 1953 1264 2021 facere
1300 1962 1347 2009 1.
1372 1962 1419 2023 9,
1441 1961 1491 2010 8.
1516 1953 1588 2023 V,
1612 1959 1695 2023 12,
1716 1953 1768 2007 6.
1791 1984 1860 1995 —
1884 1956 2124 2007 dimissus
2147 1963 2221 2007 est
2248 1996 2259 2008 .
2286 1972 2376 2023 eqo

179 2032 520 2089 Cratander:
556 2033 821 2085 commodo
845 2049 955 2085 rem
976 2029 1158 2098 facere
1181 2029 1259 2099 M,
1295 2048 1426 2086 nos:
1452 2032 1692 2085 dimissus
1716 2041 1764 2083 et
1788 2048 1879 2101 eqo
1903 2030 1981 2083 M.
2030 2029 2117 2085 cf.
2142 2030 2378 2087 Wesen-

179 2111 439 2165 commode
468 2108 652 2177 facere
684 2107 799 2161 alii.
833 2138 904 2148 —
933 2108 1030 2161 tris
1063 2136 1086 2147 -
1110 2137 1132 2147 -
1166 2108 1261 2161 tris
1296 2109 1439 2179 berg
1468 2126 1525 2179 p.
1562 2113 1625 2161 16
1653 2123 1773 2178 sqq.
1806 2138 1877 2148 —
1909 2126 1969 2160 eo
2012 2108 2093 2161 die
2134 2122 2271 2161 eorr.
2309 2125 2377 2163 ex

179 2186 262 2241 M:
287 2196 394 2241 tres
419 2215 474 2227 --
500 2194 606 2239 tres
629 2183 687 2236 k.
707 2212 776 2224 -—
799 2193 958 2237 cesset
980 2182 1082 2238 Ml.
1105 2214 1176 2224 —
1199 2201 1262 2237 ατ
1295 2189 1409 2241 odie
1430 2184 1508 2239 M.
1533 2216 1601 2227 --
1622 2194 1907 2255 nactusque
1939 2200 2077 2237 corr.
2104 2200 2173 2239 ex
2204 2195 2379 2238 actus-

178 2264 252 2317 lais
284 2293 307 2304 -
330 2292 353 2303 -
387 2280 455 2317 ex
483 2262 564 2315 his
596 2259 675 2313 M.
697 2290 768 2300 —
791 2261 1086 2329 uolqacium
1120 2277 1258 2315 corr.
1295 2280 1393 2333 que
1416 2261 1492 2315 Μ.
1520 2293 1588 2303 --
1602 2270 1848 2331 postuum
1873 2262 2151 2315 discessum
2174 2262 2251 2314 bis
2273 2261 2375 2316 Ml.

179 2340 236 2394 in
271 2340 571 2393 uolcacium
609 2334 689 2390 M.
719 2366 791 2377 —
825 2338 1108 2393 adsentitur
1147 2336 1259 2390 Ml:
1294 2336 1781 2393 -liberomniM1.
1801 2368 1868 2377 —
1889 2337 2281 2408 consutor-isque
2298 2336 2375 2392 M.

179 2418 484 2470 adsentatur
506 2411 612 2467 ΜΒ.
634 2444 703 2453 -
720 2414 936 2483 pompei
955 2443 977 2454 -
1003 2443 1026 2454 -
1050 2416 1267 2483 pompei
1303 2418 1323 2485 ss
1349 2422 1401 2469 4.
1427 2433 1478 2471 a.
1506 2416 1581 2483 d.]
1609 2418 1681 2469 ad
1702 2414 1790 2485 M,
1827 2419 1886 2469 et
1918 2414 1997 2467 sie
2028 2412 2374 2483 plerumque.

177 2492 254 2547 M.
271 2491 657 2560 —voluntatis,
680 2490 846 2555 (haec
863 2489 1000 2561 estz)
1023 2491 1259 2544 animad-
1295 2522 1365 2532 —
1386 2490 1685 2560 febroarias
1707 2491 1786 2545 M.
1809 2516 1880 2532 —
1903 2499 2081 2561 posset
2105 2489 2191 2544 M:
2214 2492 2379 2560 possit

181 2571 468 2624 vertebatur
530 2582 659 2622 nos:
722 2568 1019 2621 voluntatis.
1113 2567 1262 2621 Nam
1295 2569 1352 2622 k.
1413 2567 1501 2624 Cf.
1523 2568 1880 2639 Wesenberg
1910 2584 1964 2637 p.
1994 2572 2059 2621 18
2084 2584 2164 2637 sq.
2190 2599 2258 2609 —
2295 2569 2383 2621 cui

182 2646 550 2701 advertebatur
603 2641 692 2713 M,
753 2644 1065 2697 voluntatis:
1113 2661 1260 2701 ,nam
1297 2662 1413 2698 cum
1455 2660 1593 2699 corr.
1637 2662 1705 2700 ex
1746 2648 1989 2714 cuiquam
2028 2642 2105 2697 M.
2139 2674 2209 2686 -—
2241 2646 2383 2697 omni

182 2722 688 2779 madvertebctur
730 2736 857 2774 eum
889 2716 1169 2775 Lambino
1201 2719 1260 2773 k.
1295 2719 1606 2777 Victorius:
1633 2721 1809 2773 omnia
1830 2719 1909 2773 M.

181 2832 242 2841 —
302 2800 555 2854 assentiri
605 2796 941 2854 Cratander:
1005 2798 1262 2851 adsentire
1364 2794 1471 2866 Ep.
1516 2802 1565 2851 3.
1612 2794 2041 2865 Inscriptionem
2088 2800 2146 2848 et
2198 2810 2379 2851 novae

181 2876 344 2949 (M)k.
371 2906 439 2917 -
471 2876 656 2929 nolunt
687 2874 826 2946 (non
855 2873 1060 2946 uolunt)
1093 2873 1265 2929 etiam
1299 2873 1572 2944 epistolae
1606 2870 2077 2945 significationem
2111 2887 2217 2927 om.
2249 2871 2325 2925 M.
2354 2874 2375 2942 ΙΙ

181 2954 254 3007 Μ.
277 2955 298 3025 Ι]
326 2958 378 3007 4.
406 2969 574 3006 causa
596 2966 736 3007 corr.
762 2967 832 3006 ex
854 2967 1069 3005 causam
1083 2948 1164 3005 M.
1184 2950 1264 3022 (in
1297 2953 1348 3021 ξ.
1378 2956 1425 3004 1.
1460 2952 1507 3003 is
1540 2966 1680 3005 corr.
1707 2968 1775 3006 ex
1803 2951 1882 3004 bis
1904 2949 1982 3004 M.
2006 2979 2079 2991 -
2105 2951 2378 3019 qratiosis-

183 3032 274 3084 hac
321 3046 490 3083 causa
543 3026 810 3096 Orellins,
859 3029 915 3081 in
963 3036 1054 3080 tua
1100 3045 1264 3081 causa
1297 3030 1459 3081 simm
1491 3027 1825 3082 Lambinus:
1856 3027 2187 3097 ,aratis-simus
2209 3025 2287 3080 M.
2312 3056 2380 3066 —

183 3104 450 3177 Kayser.)
471 3136 544 3146 —
567 3104 754 3159 absens
777 3104 878 3159 Ml.
906 3134 969 3145 —
995 3104 1052 3157 in
1083 3104 1162 3157 his
1185 3102 1262 3157 M.
1291 3104 1537 3173 prouicia
1560 3102 1636 3156 M.
1666 3132 1727 3145 -—
1763 3121 1844 3157 me
1878 3121 2107 3159 amorem
2140 3119 2279 3158 corr.
2315 3120 2383 3158 ex

183 3214 248 3233 -.-
271 3184 572 3237 laboremus
595 3180 698 3235 Ml.
1299 3196 1575 3235 memorem
1598 3179 1675 3232 M.
1700 3210 1770 3219 —
1802 3180 2057 3251 confiditis
2088 3182 2214 3233 meis
2246 3179 2322 3232 M.
2346 3182 2367 3247 ΙΙ

246 3260 355 3329 Ep.
383 3265 434 3313 2.
459 3256 887 3326 Inscriptionem
912 3272 1018 3310 om.
1037 3256 1114 3309 M.
1151 3256 1263 3313 No·
1303 3264 1351 3311 2.
1384 3274 1451 3309 ne
1483 3271 1623 3310 corr.
1660 3273 1726 3310 ex
1758 3273 1853 3309 nec
1887 3256 1963 3311 M.
1990 3287 2055 3297 -
2082 3257 2270 3311 liberos
2301 3254 2381 3307 M.

183 3352 283 3391 vae
317 3334 594 3406 epistolae
636 3332 856 3388 initium
894 3332 986 3387 hic
1019 3339 1078 3388 et
1117 3333 1266 3389 infra
1303 3332 1392 3388 Cf.
1416 3331 1554 3401 XII,
1582 3339 1665 3402 29,
1695 3339 1742 3386 2.
1770 3363 1837 3373 -
1860 3351 1994 3403 quae
2018 3334 2240 3399 tampius
2263 3330 2340 3383 M.

185 3412 447 3467 librarius
487 3407 830 3483 significavit
868 3410 1038 3466 rubro
1080 3410 1265 3466 colore
1371 3408 1475 3479 Ep.
1497 3418 1546 3465 4.
1571 3408 2001 3478 Inscriptionem
2010 3406 2207 3460 om.M.
2226 3409 2244 3475 ΙΙ
2269 3410 2315 3475 ξ.
2333 3413 2381 3462 1.

188 3490 259 3544 ad
281 3488 465 3559 prima
489 3486 765 3558 epistolae
781 3487 954 3543 verba
971 3486 1268 3542 scribenda
1304 3487 1615 3541 commitiam
1640 3486 1945 3557 (poen-ema
1960 3482 2152 3539 littera
2170 3478 2381 3552 deleta)

188 3564 458 3620 adhibito.
491 3564 512 3637 ΙΙ
549 3564 598 3637 ξ.
629 3570 676 3618 1.
711 3565 907 3619 tribuni
918 3566 1028 3633 pL]
1053 3564 1272 3617 tirannii
1304 3563 1461 3617 M.—
1478 3564 1660 3617 haberi
1672 3579 1813 3617 corr.
1826 3578 1895 3617 ex
1914 3560 2065 3616 aberi
2077 3559 2153 3614 M.
2186 3565 2205 3632 ss
2228 3567 2274 3613 2.
2294 3580 2382 3615 ro-

175 3642 358 3713 pubh'o
380 3644 576 3696 lentulo
600 3638 679 3694 M.
697 3658 1080 3710 -permovere
1097 3639 1265 3695 Lam·
1303 3640 1452 3695 mani
1480 3656 1618 3695 corr.
1644 3656 1713 3695 ex
1743 3656 1963 3693 romano
1996 3637 2073 3691 M.
2098 3668 2167 3679 -
2191 3639 2383 3691 inuidis

183 3718 376 3774 binus:
408 3734 680 3773 remouere
701 3715 788 3787 M,
813 3734 1130 3772 commovere
1153 3716 1266 3771 alii.
1302 3718 1732 3774 eorr.exinuidiis
1742 3712 2265 3785 M.—impediretM:
2285 3716 2383 3766 im-

185 3798 499 3851 -secunda
521 3794 637 3849 Μὴ
660 3796 939 3848 secundum
962 3793 1265 3848 M1.—sen-
1297 3789 2142 3865 pedirentk.—alexandriamM.
2194 3788 2280 3844 Of.
2292 3806 2383 3859 ep.

185 3876 344 3927 tentia
373 3871 488 3927 M2:
522 3871 694 3924 sentia
723 3870 827 3924 Ml.
851 3901 920 3911 —
953 3873 1038 3925 cui
1067 3873 1276 3944 quidem¹
1305 3879 1353 3940 7,
1380 3878 1431 3925 4.
1458 3902 1523 3911 —
1557 3872 1651 3941 qui
1680 3870 1927 3923 existimet
1960 3866 2035 3920 M.
2072 3898 2138 3906 -
2173 3867 2266 3937 qui
2293 3884 2383 3919 ne-

185 3951 266 4003 rei
282 3948 625 4005 Lambinus:
658 3949 945 4019 cuiquerei
963 3946 1049 4019 M,
1086 3950 1173 4003 cuz·
1189 3949 1272 4003 rei
1299 3951 1435 4005 sciat
1467 3963 1609 4004 corr.
1643 3964 1713 4003 ex
1742 3948 1867 4017 quin
1897 3945 2029 3999 sciat
2053 3943 2129 3997 M.
2154 3972 2223 3982 —-
2255 3942 2383 3996 satis

185 4024 244 4079 k.
267 4056 336 4068 -
357 4025 660 4099 frequenter
692 4026 892 4080 siet-unt
921 4024 998 4081 M.
1035 4028 1054 4097 ss
1089 4032 1135 4079 2.
1173 4028 1265 4080 tri-
1300 4028 1426 4081 moa·
1442 4025 1707 4097 prova
1730 4020 2271 4094 Martyni-Laguna:
2296 4035 2383 4071 sa-
