2675 4559
470 210 602 276 448
1096 221 1174 274 Μ.
1208 219 1484 277 TULLII
1517 219 1920 279 CICERONIS

470 347 599 413 ris?
648 344 809 412 nihil
842 345 1156 411 festivius,
1210 343 1576 430 Pomponia
1607 355 1826 412 autem
1861 343 2056 410 etiam
2091 345 2174 412 de
2209 356 2277 414 te
2311 361 2546 433 questa

473 452 599 518 cst,
653 440 769 506 sed
814 440 976 506 haec
1019 461 1236 504 coram
1283 461 1571 526 agemus.
1669 462 1712 504 a
1752 461 1955 526 puero
1997 451 2073 505 ut
2125 440 2400 508 discessi
2413 491 2434 521 ,
2485 446 2550 509 in
2664 491 2665 528 3

472 557 689 602 aream
723 546 903 600 tuam
930 533 1109 600 veni:
1144 555 1247 599 res
1278 533 1593 618 agebatur
1617 533 1837 598 multis
1863 535 2307 600 structoribus.
2366 535 2549 602 Lon-
2664 539 2665 612 j

468 628 696 716 gilium
740 627 1211 714 redemptorem
1254 628 1621 693 cohortatus
1665 649 1842 692 sumt
1899 627 2096 693 fidem
2141 629 2303 694 mihi
2351 629 2549 698 facie-

470 725 611 800 bat,
664 745 735 790 se
769 724 935 792 velle
968 721 1157 788 nobis
1202 722 1478 808 placere.
1565 722 1797 787 domus
1832 723 1954 788 erit
1985 724 2280 810 egregia3
2339 727 2546 812 magis

470 818 643 885 enim
686 817 863 884 cerni
904 816 1037 882 iam
1080 827 1363 904 poterat,
1417 837 1614 900 quam
1649 827 1964 901 quantum
2001 839 2084 884 ex
2127 818 2344 884 forma
2379 821 2547 886 iudi-

470 913 809 992 cabamus3
850 914 1137 997 itemque
1169 922 1392 978 nostra
1425 911 1717 977 celeriter
1751 911 2230 978 aedificabatur.
2323 937 2408 980 eo
2445 915 2545 980 die

472 1008 699 1076 cenavi
752 1008 929 1096 apud
980 1004 1432 1093 Crassipedem
1444 1031 1464 1084 ;
1517 1016 1784 1072 cenatus
1833 1006 1904 1071 in
1946 1007 2166 1072 hortos
2211 1008 2299 1072 ad
2345 1009 2546 1074 Pom-

470 1105 689 1193 peium
723 1103 951 1170 lectica
980 1101 1151 1168 latus
1186 1124 1354 1167 sum.
1421 1101 1553 1166 luci
1587 1123 1736 1167 eum
1772 1102 2112 1168 convenire
2146 1123 2280 1168 non
2315 1115 2543 1189 potue-

471 1221 640 1277 ram,
686 1199 859 1283 quod
892 1197 1165 1262 afuerat.
1253 1195 1486 1272 videre,
1515 1207 1732 1262 autem
1767 1195 2094 1272 volebam,
2141 1196 2321 1280 quod
2367 1219 2542 1264 eram

470 1293 777 1382 postridie
810 1291 1023 1358 Roma
1066 1291 1356 1357 exiturus
1399 1301 1465 1356 et
1507 1290 1686 1376 quod
1733 1289 1842 1356 ille
1886 1291 1956 1355 in
1999 1289 2378 1358 Sardiniam
2423 1293 2539 1358 iter

469 1387 770 1454 habebat.
858 1385 1185 1454 hominem
1236 1386 1512 1454 conveni
1563 1397 1630 1452 et
1680 1385 1766 1451 ab
1809 1407 1889 1452 eo
1931 1385 2162 1474 petivi,
2219 1398 2297 1452 ut
2333 1409 2539 1474 quam

470 1484 751 1572 primum
802 1494 867 1549 te
917 1482 1104 1549 nobis
1156 1483 1474 1550 redderet.
1563 1482 1808 1560 statim,
1863 1481 2044 1548 dixit.
2133 1496 2274 1550 erat
2317 1497 2538 1552 autem

470 1581 699 1658 iturus,
733 1590 809 1644 ut
842 1577 1075 1656 aiebat,
1114 1601 1173 1644 a.
1209 1576 1273 1643 d.
1310 1601 1402 1642 111.
1429 1577 1530 1642 Id.
1559 1578 1792 1664 April„
1827 1588 1904 1643 ut
1937 1588 2050 1643 aut
2080 1577 2396 1646 Labrone
2429 1592 2539 1646 aut

472 1673 645 1740 Pisis
690 1673 1163 1740 conscenderet.
1250 1683 1354 1750 tu,
1399 1671 1490 1736 mi
1523 1671 1752 1750 frater,
1791 1671 1981 1738 simul
2017 1683 2092 1737 ut
2121 1671 2232 1739 ille
2268 1676 2536 1752 venerit,

343 1849 351 1854 ι
470 1767 745 1855 primam
773 1767 1252 1855 navigationem
1268 1803 1356 1814 ——
1373 1766 1720 1832 dummodo
1737 1766 1970 1832 idonea
1985 1778 2334 1854 tempestas
2353 1771 2440 1835 sit
2455 1807 2540 1817 ——

472 1886 557 1929 ne
590 1863 899 1928 omiseris.
958 1860 1177 1950 [VIL]
1226 1886 1283 1928 a.
1314 1862 1378 1926 d.
1405 1885 1490 1928 vr.
1518 1861 1678 1928 Idus
1704 1861 1914 1947 April.
1941 1874 2090 1928 ante
2123 1863 2336 1929 lucem
2373 1865 2541 1930 hanc
2664 1899 2665 1912 2

473 1957 809 2044 epistolam
844 1957 1223 2043 conscripsi,
1269 1977 1574 2041 eramque
1608 1956 1676 2020 in
1709 1955 1934 2022 itinere
1949 2003 1968 2034 ,
2004 1966 2078 2021 ut
2111 1979 2190 2022 eo
2225 1958 2330 2024 die
2369 1960 2541 2045 apud

474 2051 553 2116 Τ.
574 2050 819 2117 Titium
846 2053 915 2116 in
933 2052 1285 2138 Anagnino
1309 2073 1655 2117 manerem.
1710 2049 2024 2136 postridie
2059 2062 2277 2117 autem
2311 2054 2380 2117 in
2409 2053 2541 2118 La-

473 2145 633 2212 terio
662 2147 1044 2234 cogitabam,
1078 2147 1250 2225 inde,
1288 2147 1438 2213 cum
1469 2146 1538 2210 in
1557 2145 1860 2231 Arpinati
1891 2145 2178 2230 quinque
2206 2146 2343 2212 dies
2383 2148 2541 2214 fuis-

474 2265 632 2318 sem,
666 2241 761 2306 ire
795 2242 863 2305 in
888 2241 1382 2327 Pompeianum,
1419 2242 1672 2308 rediens
1709 2241 1994 2327 aspicere
2015 2237 2410 2321 Cumanum,
2446 2257 2538 2322 ut,

472 2336 777 2418 quoniam
811 2336 880 2400 in
914 2335 980 2400 N
981 2358 1136 2401 onas
1165 2336 1382 2402 Maias
1409 2335 1642 2402 Miloni
1679 2336 1813 2402 dies
1848 2335 2141 2423 prodicta
2177 2350 2294 2414 est,
2330 2339 2535 2423 pridie

470 2429 695 2496 Nonas
728 2427 976 2496 Romae
1022 2453 1231 2495 essem
1274 2441 1495 2516 teque,
1549 2429 1640 2494 mi
1684 2429 2006 2496 carissime
2043 2441 2108 2496 et
2153 2432 2532 2498 suavissime

470 2525 690 2603 frater,
729 2526 811 2590 ad
850 2547 991 2591 eam
1000 2525 1218 2605 gdiem,
1254 2536 1329 2591 ut
1364 2525 1700 2612 sperabam
1713 2573 1732 2602 ,
1769 2525 2073 2591 viderem.
2145 2527 2538 2594 aedificatio·

470 2643 621 2686 nem
657 2619 900 2687 Arcani
937 2619 1020 2684 ad
1056 2630 1240 2684 tuum
1276 2619 1626 2684 adventum
1661 2621 2005 2685 sustentari
2035 2620 2353 2706 placebat.
2411 2622 2534 2699 fac,

356 2727 363 2733 ·
471 2715 562 2778 mi
596 2714 815 2793 frater,
851 2725 924 2780 ut
959 2713 1175 2780 valeas
1212 2714 1816 2800 quamprimumque
1851 2715 2092 2780 venias.

1268 3030 1272 3035 .
1312 2947 1416 3004 VI.
1473 2947 1689 3018 [V111.]

963 3051 1079 3108 Ser.
1104 3051 1312 3106 Romae
1330 3069 1520 3106 mense
1539 3047 1691 3106 Maio
1711 3069 1837 3118 a.,u.
1859 3071 1907 3108 c.
1930 3053 2049 3108 698.

771 3152 1109 3230 ‚MARCUS
1148 3152 1446 3220 QUINTO
1481 3155 1776 3210 FRATRI
1813 3155 2201 3213 SALUTEM.

600 3273 665 3341 Ο
708 3276 953 3342 litteras
997 3275 1152 3341 mihi
1207 3289 1351 3342 tuas
1395 3277 1915 3356 iucundissimas,
1969 3291 2407 3365 exspectatas,
2461 3305 2532 3347 ac

466 3371 673 3457 primo
718 3371 980 3455 quidem
1022 3391 1169 3436 cum
1214 3371 1558 3451 desideriO,
1611 3394 1784 3438 nunc
1829 3394 1980 3437 vero
2005 3373 2228 3439 'etiam
2263 3397 2416 3440 cum
2458 3378 2534 3441 ti-

466 3463 675 3532 morel
740 3477 933 3550 atque
978 3464 1095 3530 has
1140 3465 1301 3530 scito
1346 3466 1588 3532 litteras
1634 3489 1736 3532 me
1793 3467 1961 3532 solas
2007 3468 2340 3554 accepisse
2389 3483 2535 3556 post

464 3558 638 3635 illas,
691 3580 854 3643 quas
888 3571 1040 3624 tuus
1075 3571 1274 3625 nauta
1308 3561 1549 3638 attulit,
1598 3557 1796 3626 Olbia
1844 3561 2047 3626 datas.
2137 3563 2256 3628 sed
2301 3575 2534 3640 cetera,

465 3664 541 3720 ut
574 3653 819 3730 scribis,
853 3655 1175 3740 praesenti
1209 3657 1487 3720 sermoni
1520 3666 1952 3734 reserventur3
1988 3655 2113 3722 hoc
2147 3667 2369 3724 tamen
2403 3680 2532 3724 non

464 3770 635 3833 queo
670 3748 958 3815 differre:
996 3750 1222 3816 Idibus
1256 3751 1454 3816 Maiis
1493 3763 1750 3816 senatus
1787 3752 2089 3837 frequens
2125 3751 2386 3819 divinus
2409 3754 2536 3820 fuit

464 3845 534 3909 in
580 3843 1043 3929 supplicatione
1090 3843 1372 3915 Gabinio
1421 3846 1818 3932 deneganda.
1908 3845 2160 3912 adiurat
2210 3847 2531 3914 Procilius

464 3935 588 4002 hoe
623 3937 862 4002 nemini
906 3939 1232 4006 accidisse.
1321 3940 1478 4006 foris
1523 3941 1708 4032 valde
1753 3941 2099 4030 plauditur.
2187 3942 2352 4008 mihi
2385 3965 2529 4007 cum

464 4049 582 4092 sua
616 4043 842 4114 sponte
867 4033 1267 4122 iucundum,
1302 4048 1443 4101 tum
1475 4034 1846 4116 iucundius,
1881 4036 2056 4120 quod
2091 4059 2194 4102 me
2231 4037 2527 4114 absente3
