2675 4559
567 212 569 214 ’
642 214 1202 276 EPISTOLARUM
1235 217 1340 274 IX.
1378 219 1608 276 24—26.
2022 211 2151 280 219

105 338 490 404 culanensem
523 359 564 402 a
597 334 683 420 Q.
709 335 918 402 Fadio
953 337 1148 405 fratre
1185 342 1613 428 proscriptum
1648 367 1814 423 esse,
1845 347 1961 432 qui
1996 347 2147 415 fun-

103 433 206 498 dus
237 453 383 498 cum
425 453 506 500 eo
540 432 896 498 communis
933 446 1121 500 esset.
1220 433 1288 498 id
1331 435 1433 500 M.
1468 437 1714 505 Fadius
1750 442 2149 528 pergraviter

103 528 224 592 tulit
256 525 771 612 existimavitque
803 525 1070 597 fratrem
1105 551 1318 606 suum,
1363 529 1690 598 hominem
1726 555 1857 600 non
1892 535 2147 622 sapien-

101 633 237 697 tem,
297 620 560 730 inpulsu
611 620 1016 690 inimicorum
1067 643 1331 690 suorum
1386 645 1463 690 eo
1515 647 1929 712 progressum
1980 651 2141 698 esse.

46 713 48 718 ’
101 737 276 792 nunc,
329 713 386 780 si
417 737 526 780 me
560 737 736 782 amas
750 763 770 794 ,
823 716 914 782 mi
947 715 1182 796 Paete,
1231 718 1566 804 negotium
1609 731 1818 788 totum
1862 723 2143 810 suscipe3

101 807 366 874 molestia
397 809 679 875 Fadium
718 810 944 876 libera.
1031 813 1415 880 auctoritate
1460 825 1573 880 tua
1616 815 1803 882 nobis
1838 837 2001 903 opus
2049 826 2147 884 est

102 915 152 968 et
187 902 446 969 oonsilio
490 914 556 969 et
598 903 792 970 etiam
835 904 1064 992 gratia.
1152 907 1284 974 noli
1327 907 1463 994 pati
1508 908 1763 996 litigare
1803 909 2035 977 fratres
2081 922 2147 976 et

101 997 320 1063 iudiciis
358 997 654 1085 turpibus
691 999 1060 1066 conflictari.
1161 1000 1501 1072 Matonem
1536 1014 1601 1071 et
1633 1003 2045 1072 Pollionem
2024 1005 2147 1072 ιιιι-

103 1092 267 1156 micos
307 1091 514 1161 habet
554 1091 819 1158 Fadius.
839 1135 842 1138 -
908 1092 1064 1178 quid
1121 1095 1365 1162 multa?
1417 1118 1546 1163 ιιοιι
1597 1097 1961 1166 mehercule
2012 1108 2145 1168 tam

101 1186 466 1270 perscribere
494 1208 781 1272 possum,
807 1209 1005 1272 quam
1031 1189 1188 1256 mihi
1211 1201 1473 1276 gratum
1498 1191 1747 1270 feceris,
1784 1193 1841 1261 si
1868 1193 2144 1260 otiosum

101 1277 350 1345 Fadium
381 1279 764 1348 reddideris:
799 1282 869 1348 id
903 1282 1064 1348 ille
1045 1303 1113 1348 m
1149 1294 1212 1351 te
1247 1285 1533 1370 positum
1558 1307 1701 1356 esse
1734 1296 1923 1406 putat
1953 1286 2145 1356 mihi-

103 1395 198 1456 que
228 1374 598 1462 persuadet.
791 1403 794 1407 ·
1890 1441 1895 1446 .

993 1612 1216 1668 XXVI.

515 1712 635 1770 Scr.
653 1715 868 1770 Romae
893 1731 1086 1770 mense
1109 1713 1345 1770 Octobri
1366 1733 1415 1771 a.
1436 1733 1491 1771 u.
1512 1734 1560 1771 c.
1580 1716 1704 1772 708.

721 1816 997 1874 CICERO
1033 1816 1295 1873 PAETO
1335 1817 1393 1874 S.
1430 1819 1503 1873 D.
1750 1811 1787 1836 ⁸

199 1940 656 2008 Accubueram
691 1940 850 2006 hora
883 1961 1085 2018 nona,
1131 1963 1278 2006 cum
1315 1940 1400 2005 ad
1433 1952 1499 2008 te
1533 1934 1766 2006 harum
1802 1944 2139 2008 litterarum
2176 1973 2199 2010 ι

95 2034 499 2121 exemplum
480 2057 549 2100 ιιι
595 2033 902 2100 codicillis
951 2035 1230 2100 exaravi.
1321 2034 1527 2114 dices,
1578 2035 1735 2101 ubi?
1787 2036 1959 2122 apud
2004 2037 2141 2104 Vo-

46 2163 48 2170 ·
95 2126 382 2196 lumniam
412 2127 862 2215 Eutrapelum,
899 2140 964 2195 et
999 2129 1260 2240 quidem
1295 2152 1493 2216 supra
1524 2151 1629 2196 me
1655 2130 1936 2209 Atticus,
1971 2130 2141 2198 infra

95 2217 366 2300 Verrius,
423 2222 772 2289 familiares
827 2222 940 2288 tui.
1035 2223 1286 2288 miraris
1339 2236 1474 2290 tam
1528 2221 1947 2290 exhilaratam
2000 2248 2139 2292 esse

46 2313 49 2382 ζ
98 2317 442 2382 servitutem
481 2317 808 2384 nostram?
860 2317 1019 2402 quid
1063 2340 1218 2405 ergo
1253 2317 1530 2384 faciam?
1580 2330 1645 2384 te
1681 2319 1973 2398 consu10,
2026 2320 2141 2405 qui

96 2408 524 2498 philosophum
559 2411 765 2478 audis.
829 2413 1068 2499 angar?
1103 2414 1549 2480 excruciemne
1584 2414 1727 2480 me?
1761 2414 1921 2498 quid
1955 2416 2141 2482 adse-

98 2505 265 2584 quar?
319 2505 552 2572 deinde
587 2529 783 2592 quem
817 2507 903 2572 ad
946 2507 1181 2575 finem?
1233 2509 1447 2586 vivas,
1490 2509 1733 2594 inquis,
1778 2509 1847 2574 ιιι
1889 2509 2137 2574 litteris.

98 2617 162 2660 an
190 2601 535 2686 quicquam
577 2618 681 2668 me
717 2601 892 2668 aliud
929 2624 1121 2688 agere
1157 2603 1422 2668 censes?
1462 2613 1575 2668 aut
1608 2624 1866 2689 possem
1900 2603 2140 2680 vivere,

96 2691 194 2756 nisi
223 2694 290 2760 ιιι
323 2694 552 2761 litteris
579 2695 902 2763 viverem?
937 2696 1051 2762 sed
1087 2708 1186 2763 est
1219 2719 1442 2762 earum
1473 2696 1669 2762 etiam
1700 2717 1833 2760 ιιοιι
1860 2694 2139 2773 satietas,

97 2786 188 2850 sed
217 2789 484 2873 quidam
511 2790 772 2868 modus3
810 2815 851 2856 a
884 2791 1120 2876 quibus
1150 2813 1299 2857 cum
1327 2790 1615 2868 discessi,
1651 2789 1769 2855 etsi
1804 2788 2139 2854 minimum

97 2881 224 2947 mihi
266 2895 368 2950 est
409 2885 479 2950 ιιι
515 2907 677 2952 cena
709 2921 798 2932 —-
833 2887 1008 2971 quod
1052 2897 1124 2950 tu
1167 2907 1371 2951 unum
1410 2883 1663 2970 ζήτημα
1696 2883 1898 2950 Dioni
1931 2882 2139 2971 philo-

99 2977 268 3060 sopho
300 2979 576 3064 posuisti
603 3015 710 3058 —-,
745 2991 962 3048 tamen
990 2979 1148 3064 quid
1185 2979 1400 3066 potius
1436 2979 1693 3058 faciam,
1728 2981 1906 3066 prius
1942 3002 2137 3066 quam

99 3088 181 3133 me
208 3071 556 3140 dormitum
591 3075 938 3152 conferam,
973 3095 1104 3139 non
1140 3073 1413 3160 reperi0.
1468 3073 1622 3139 audi
1655 3075 1932 3159 reliqua.
1968 3074 2137 3140 insta
2170 3092 2197 3132 2

99 3157 494 3252 Eutrapelum
531 3166 833 3254 Cytheris
869 3166 1190 3235 accubuit.
1245 3167 1313 3231 ιιι
1351 3187 1427 3232 eo
1463 3167 1683 3252 igitur,
1716 3167 1950 3251 inquis,
1988 3188 2140 3235 con-

100 3255 242 3324 vivio
276 3257 512 3328 Cicero
547 3263 682 3340 ille,

243 3419 438 3482 quem
491 3399 938 3486 aspectabant,
1004 3400 1186 3466 cuius
1241 3398 1325 3464 ob
1379 3419 1451 3462 os
1507 3395 1694 3463 Graii
1746 3417 1861 3462 ora
1914 3397 2143 3462 obver-
2266 3486 2269 3487 γ

849 3494 1071 3560 tebant
1107 3493 1263 3558 sua?
1298 3531 1302 3536 ·
1358 3526 1362 3530 -
1586 3523 1591 3527 ·
1756 3535 1777 3572 Ι

103 3653 234 3713 ιιοιι,
267 3639 660 3717 mehercule,
697 3641 1056 3727 suspicatus
1091 3662 1238 3706 sum
1271 3639 1449 3709 illam
1484 3637 1737 3717 adfore3
1774 3636 1891 3704 sed
1924 3648 2143 3703 tamen

103 3749 163 3791 ne
190 3732 556 3822 Aristippus
601 3734 864 3819 quidem
909 3735 1018 3801 ille
1057 3733 1427 3802 Socraticus
1464 3733 1750 3838 erubuit,
1788 3753 1937 3798 cum
1972 3743 2140 3798 esset

103 3820 424 3908 obiectum,
470 3829 710 3896 habere
747 3851 896 3896 eum
929 3829 1162 3895 Laida.
1253 3829 1551 3906 ‘'habeo,
1587 3827 1852 3911 inquit‘
1861 3847 1993 3890 ιιοιι
2025 3825 2147 3890 ha·-

46 4003 48 4010 Ι
101 3911 234 3983 beor
265 3919 336 4010 [a
369 3921 670 4010 Laide]'.
744 3923 996 3991 Graece
1033 3925 1156 3990 hoc
1191 3925 1449 3990 melius·
1430 3971 1450 4002 ,
1486 3934 1579 4001 tu,
1615 3922 1670 3987 si
1704 3921 1912 3998 voles,
1948 3921 2143 3986 inter-

46 4077 48 4084 .
103 4017 427 4094 pretabere.
519 4043 622 4086 me
679 4042 832 4086 vero
878 4020 1038 4088 nihil
1085 4021 1356 4087 istorum
1398 4041 1481 4086 ne
1532 4017 1831 4086 iuvenem
1877 4017 2141 4102 quidem
