2675 4559
712 253 1267 312 EPISTOLARUM
1299 255 1464 310 xm.
1501 255 1586 310 28.
1606 255 1693 309 29.
1811 293 1814 296 .
2107 240 2238 308 335

173 381 504 466 antiquius
542 401 737 465 quam
772 377 855 443 ad
874 374 1276 464 Capitonem,
1310 398 1504 461 quem
1537 388 1612 442 ut
1643 388 1974 464 parentem
2007 377 2238 465 dilige-

176 477 316 553 bat,
371 471 637 550 reverti,
682 471 1056 557 praesertim
1090 495 1226 536 eum
1260 472 1481 549 sciret,
1535 472 1761 555 quanti
1793 472 1849 537 is
1887 468 2236 538 Caesarem
2349 502 2377 522 -

175 568 422 634 faceret
456 586 834 653 semperque
868 565 1143 632 fecisset.
1208 565 1323 631 sed
1358 586 1700 652 oppressus
1735 576 1986 631 tantum
2022 564 2237 653 attigit

174 661 451 748 negotii,
499 669 812 744 quantum
854 681 1151 727 recusare
1196 681 1325 725 non
1366 660 1593 746 potuit.
1682 681 1831 726 cum
1874 661 2236 746 signaretur

178 764 521 842 argentum
555 752 961 839 Apolloniae,
995 774 1127 819 non
1159 774 1424 839 possum
1449 752 1661 821 dicere
1697 776 1847 819 eum
1879 754 2234 839 praefuisse

177 869 389 932 neque
423 868 687 934 possum
733 852 974 933 negare
1007 846 1321 925 adfuisse,
1368 846 1482 913 sed
1516 869 1646 912 non
1680 848 1825 933 plus
1861 846 2114 913 duobus
2149 870 2236 912 an

178 941 385 1007 tribus
420 940 770 1007 mensibus.
859 940 1090 1007 deinde
1125 940 1294 1010 afuit
1323 964 1365 1006 a
1399 941 1651 1019 castris3
1695 941 1866 1028 fugit
1897 963 2086 1007 omne
2120 964 2235 1006 ne-

175 1033 449 1122 gotium.
521 1033 644 1100 hoc
677 1033 836 1099 mihi
868 1045 943 1098 ut
974 1035 1123 1100 testi
1157 1035 1352 1100 velim
1387 1034 1642 1112 credas3
1678 1057 1890 1100 meam
1923 1035 2094 1101 enim
2127 1034 2233 1100 ille

175 1128 566 1210 maestitiam
606 1128 677 1193 in
716 1127 827 1192 illo
864 1129 1032 1194 bello
1067 1128 1360 1206 videbat,
1403 1151 1656 1195 mecum
1689 1129 1904 1194 omnia
1948 1149 2233 1195 commu-

176 1223 458 1288 nicabat.
530 1221 746 1307 itaque
782 1222 1031 1288 abdidit
1060 1228 1128 1289 se
1162 1223 1231 1288 in
1264 1223 1555 1288 intimam
1589 1222 2070 1298 Macedoniam,
2106 1243 2233 1307 quo

177 1317 388 1404 potuit
430 1314 798 1402 longissime
830 1340 873 1380 a
907 1316 1159 1395 castris,
1210 1339 1343 1383 non
1387 1317 1578 1382 modo
1623 1328 1699 1382 ut
1737 1339 1867 1383 non
1909 1325 2234 1403 praeesset

176 1410 293 1475 ulli
327 1409 621 1495 negotiO,
656 1409 771 1474 sed
806 1410 1000 1475 etiam
1035 1420 1110 1475 ut
1142 1433 1225 1476 ne
1260 1410 1593 1477 interesset
1628 1410 1909 1495 quidem.
1996 1408 2054 1475 is
2089 1419 2235 1496 post

177 1504 495 1590 proelium
530 1525 599 1569 se
634 1503 718 1569 ad
760 1503 1085 1570 hominem
1132 1505 1561 1570 necessarium
1574 1551 1593 1582 ,
1629 1504 1716 1568 A.
1752 1503 2112 1582 Plautium,
2166 1503 2235 1568 in

177 1595 557 1682 Bithyniam
591 1597 887 1662 contulit:
940 1597 1033 1661 ibi
1068 1619 1216 1663 eum
1253 1594 1500 1662 Caesar
1543 1618 1692 1661 cum
1734 1597 2026 1674 vidisset,
2076 1595 2235 1662 nihil

177 1713 434 1776 aspere,
478 1688 638 1754 nihil
673 1690 899 1756 acerbe
935 1690 1126 1768 dixit3
1171 1690 1449 1756 Romam
1483 1689 1668 1755 iussit
1701 1689 1937 1755 venire.
2023 1689 2132 1756 ille
2165 1690 2234 1755 in

174 1785 479 1850 morbum
523 1784 823 1849 continuo
866 1785 1117 1859 incidit,
1174 1807 1255 1850 ex
1299 1805 1427 1869 quo
1462 1805 1593 1849 non
1637 1783 1986 1849 convaluit:
2041 1780 2234 1870 aeger

177 1876 537 1964 Corcyram
571 1876 773 1955 venit3
817 1878 910 1942 ibi
944 1890 1043 1944 est
1075 1889 1386 1943 mortuus.
1456 1888 1857 1955 testamentO,
1894 1877 2068 1963 quod
2100 1877 2235 1944 Ro-

175 1993 323 2036 mae
340 1970 552 2036 Paulo
580 1982 645 2037 et
670 1971 983 2038 Marcello
1020 1972 1388 2063 consulibus
1421 1971 1681 2049 fecerat,
1716 1969 1900 2037 heres
1935 1994 2018 2037 ex
2049 1981 2232 2057 parte

176 2064 447 2129 dimidia
478 2076 546 2131 et
577 2065 763 2131 tertia
798 2077 897 2131 est
931 2063 1193 2151 Capito;
1236 2066 1304 2131 in
1340 2075 1630 2132 sextante
1666 2076 1816 2131 sunt
1847 2067 1922 2143 ii,
1958 2085 2233 2150 quorum

178 2180 329 2244 pars
364 2159 501 2224 sine
535 2159 676 2224 ulla
704 2158 1081 2243 cuiusquam
1115 2159 1376 2244 querela
1408 2159 1667 2245 publica
1701 2169 1913 2244 potest
1949 2181 2119 2225 esse:
2155 2181 2234 2225 ea

175 2262 277 2318 est
303 2252 403 2317 'ad
448 2250 594 2319 HS.
637 2276 781 2318 xxx.
867 2254 1009 2320 sed
1038 2254 1118 2319 de
1170 2253 1294 2318 hoc
1350 2250 1593 2320 Caesar
1646 2253 1896 2320 viderit.
1993 2263 2087 2332 te,
2142 2253 2232 2318 mi

172 2346 476 2424 Plance,
512 2369 630 2433 pro
678 2359 946 2434 paterna
994 2347 1495 2424 necessitudine,
1549 2368 1666 2433 pro
1716 2358 1936 2412 nostro
1993 2369 2230 2424 amore,

172 2460 295 2525 pro
337 2439 565 2505 studiis
609 2452 675 2506 et
723 2441 900 2506 omni
943 2462 1135 2508 cursu
1177 2451 1397 2507 nostro
1449 2441 1642 2507 totius
1664 2441 1863 2507 'vitae
1915 2440 2233 2508 simillimo

170 2555 337 2620 rogo
389 2544 457 2599 et
506 2556 548 2599 a
596 2545 662 2600 te
712 2534 804 2600 ita
852 2545 1029 2621 pete,
1081 2546 1155 2601 ut
1206 2535 1447 2601 maiore
1501 2557 1684 2613 cura,
1729 2536 1970 2603 maiore
2022 2535 2232 2601 studio

171 2629 424 2692 nullam
457 2629 717 2714 possim,
752 2639 826 2694 ut
858 2627 1024 2695 hanc
1056 2650 1195 2696 rem
1227 2629 1570 2716 suscipias,
1607 2651 1817 2696 meam
1850 2638 2037 2714 putes
2073 2651 2233 2706 esse,

171 2723 453 2801 enitare,
524 2723 898 2800 contendas,
969 2723 1210 2790 efficias
1223 2735 1257 2801 ,'
1312 2735 1385 2789 ut
1455 2745 1600 2789 mea
1663 2722 2230 2800 commendatione,

172 2828 291 2882 tuo
357 2815 600 2894 studio,
662 2813 961 2883 Caesaris
1020 2816 1331 2884 beneficio
1405 2816 1822 2883 hereditatem
1890 2815 2232 2902 propinqui

174 2910 279 2975 sui
342 2907 422 2976 C.
484 2907 719 2997 Capito
771 2911 1073 2977 obtineat.
1179 2911 1423 2988 omnia,
1493 2932 1660 2994 quae
1729 2910 1912 2996 potui
1971 2909 2040 2976 in
2109 2909 2231 2976 hac

173 3026 432 3069 summa
464 3015 577 3071 tua
609 3005 816 3091 gratia
841 3026 919 3070 ac
950 3004 1236 3091 potentia
1262 3028 1301 3069 a
1334 3016 1400 3070 te
1425 3004 1785 3090 impetrare,
1821 3003 1876 3068 si
1908 3005 2230 3091 petissem,

174 3099 347 3165 ultro
398 3109 462 3164 te
509 3099 592 3164 ad
633 3121 737 3165 me
780 3099 1082 3165 detulisse
1123 3099 1397 3187 putabo,
1449 3099 1506 3163 si
1547 3098 1714 3164 hanc
1754 3119 1891 3164 rem
1933 3098 2235 3185 impetra-

175 3213 353 3257 vero.
428 3192 591 3258 illud
625 3192 761 3259 fore
796 3193 914 3258 tibi
950 3193 1314 3261 adiumento
1351 3213 1560 3279 spero,
1596 3192 1778 3258 cuius
1813 3193 1952 3279 ipse
1989 3191 2234 3259 Caesar

176 3286 459 3372 optimus
520 3308 661 3354 esse
720 3287 916 3353 iudex
977 3298 1216 3374 potest:
1288 3309 1542 3373 semper
1594 3284 1943 3353 Caesarem
1999 3283 2232 3373 Capito

177 3378 377 3444 coluit
412 3389 478 3446 et
512 3378 752 3446 dilexit.
840 3380 955 3448 sed
988 3381 1126 3467 ipse
1171 3381 1360 3447 huius
1403 3379 1497 3447 rei
1542 3380 1720 3446 testis
1755 3390 1854 3446 est
1862 3404 1880 3458 ς
1932 3380 2084 3445 novi
2119 3380 2234 3446 ho-

175 3473 367 3539 minis
418 3475 811 3539 memoriam.
914 3475 1133 3560 itaque
1182 3475 1344 3540 nihil
1405 3484 1468 3540 te
1520 3474 1750 3552 doce03
1813 3485 2064 3540 tantum
2115 3473 2233 3538 tibi

178 3567 415 3634 sumito
467 3589 585 3654 pro
630 3566 947 3655 Capitone
1000 3570 1174 3657 apud
1227 3568 1604 3648 Caesarem,
1658 3579 1970 3653 quantum
2020 3568 2234 3655 ipsum

180 3660 547 3749 meminisse
582 3663 835 3729 senties.
911 3685 1064 3749 ego,
1101 3663 1276 3748 quod
1308 3663 1379 3730 in
1413 3685 1516 3730 me
1550 3663 1690 3748 ipso
1726 3660 2000 3748 experiri
2031 3662 2232 3748 potui,

181 3751 264 3819 ad
298 3765 363 3819 te
407 3752 724 3835 deferam3
773 3757 843 3822 in
878 3778 955 3823 eo
990 3767 1302 3842 quantum
1346 3757 1427 3821 sit
1471 3756 1800 3842 ponderis,
1850 3766 1924 3821 tu
1967 3754 2233 3820 videbis.

182 3868 377 3931 quam
412 3861 663 3934 partem
704 3850 773 3915 in
806 3873 877 3916 re
911 3851 1173 3937 publica
1206 3869 1595 3934 causamque
1642 3849 2066 3927 defenderim,
2119 3871 2236 3935 per

182 3961 345 4023 quos
407 3939 697 4010 homines
750 3944 1131 4029 ordinesque
1196 3944 1477 4010 steterim
1526 3943 1890 4028 quibusque
1951 3941 2234 4009 munitus

185 4033 447 4113 fuerim,
498 4057 629 4102 non
679 4037 957 4125 ignoras.
1044 4038 1167 4105 hoc
1217 4037 1375 4127 nqihi
1424 4038 1617 4105 velim
1668 4037 1922 4113 credas,
1975 4035 2031 4103 si
2081 4037 2233 4124 quid
