<?xml version="1.0" encoding="UTF-8"?>
<!DOCTYPE html PUBLIC "-//W3C//DTD XHTML 1.0 Transitional//EN"
    "http://www.w3.org/TR/xhtml1/DTD/xhtml1-transitional.dtd">
<html xmlns="http://www.w3.org/1999/xhtml" xml:lang="en" lang="en">
 <head>
  <title>
</title>
<meta http-equiv="Content-Type" content="text/html;charset=utf-8" />
  <meta name='ocr-system' content='tesseract 3.04.00' />
  <meta name='ocr-capabilities' content='ocr_page ocr_carea ocr_par ocr_line ocrx_word'/>
</head>
<body>
  <div class='ocr_page' id='page_1' title='image "./mtulliiciceroni12unkngoog/mtulliiciceroni12unkngoog_0156.png"; bbox 0 0 2675 4559; ppageno 0'>
   <div class='ocr_carea' id='block_1_1' title="bbox 2085 1 2495 102">
    <p class='ocr_par' dir='ltr' id='par_1_1' title="bbox 2085 1 2495 102">
     <span class='ocr_line' id='line_1_1' title="bbox 2085 1 2495 102; baseline 0 4457"><span class='ocrx_word' id='word_1_1' title='bbox 2085 1 2495 102; x_wconf 95' lang='lat' dir='ltr'> </span> 
     </span>
    </p>
   </div>
   <div class='ocr_carea' id='block_1_2' title="bbox 418 219 1860 313">
    <p class='ocr_par' dir='ltr' id='par_1_2' title="bbox 418 219 1860 313">
     <span class='ocr_line' id='line_1_2' title="bbox 418 219 1860 313; baseline -0.003 0"><span class='ocrx_word' id='word_1_2' title='bbox 418 248 502 313; x_wconf 82' lang='lat'>72</span> <span class='ocrx_word' id='word_1_3' title='bbox 1036 256 1113 311; x_wconf 74' lang='lat' dir='ltr'>M.</span> <span class='ocrx_word' id='word_1_4' title='bbox 1150 253 1425 312; x_wconf 67' lang='lat' dir='ltr'>&#39;runnu</span> <span class='ocrx_word' id='word_1_5' title='bbox 1460 219 1860 310; x_wconf 77' lang='lat' dir='ltr'>c1cERoms</span> 
     </span>
    </p>
   </div>
   <div class='ocr_carea' id='block_1_3' title="bbox 338 376 2477 4130">
    <p class='ocr_par' dir='ltr' id='par_1_3' title="bbox 338 376 2477 4130">
     <span class='ocr_line' id='line_1_3' title="bbox 414 376 2468 462; baseline -0.005 -12"><span class='ocrx_word' id='word_1_6' title='bbox 414 396 480 450; x_wconf 92' lang='lat' dir='ltr'>et</span> <span class='ocrx_word' id='word_1_7' title='bbox 523 382 938 449; x_wconf 80' lang='lat' dir='ltr'>denuntiante</span> <span class='ocrx_word' id='word_1_8' title='bbox 983 389 1066 445; x_wconf 90' lang='lat' dir='ltr'>te.</span> <span class='ocrx_word' id='word_1_9' title='bbox 1155 377 1277 445; x_wconf 90' lang='lat' dir='ltr'>etsi</span> <span class='ocrx_word' id='word_1_10' title='bbox 1311 377 1483 443; x_wconf 91' lang='lat' dir='ltr'>enim</span> <span class='ocrx_word' id='word_1_11' title='bbox 1519 376 1653 442; x_wconf 86' lang='lat' dir='ltr'>afui</span> <span class='ocrx_word' id='word_1_12' title='bbox 1696 398 1999 461; x_wconf 85' lang='lat' dir='ltr'>magnam</span> <span class='ocrx_word' id='word_1_13' title='bbox 2034 386 2282 462; x_wconf 90' lang='lat' dir='ltr'>partem</span> <span class='ocrx_word' id='word_1_14' title='bbox 2317 396 2468 440; x_wconf 90' lang='lat' dir='ltr'>con-</span> 
     </span>
     <span class='ocr_line' id='line_1_4' title="bbox 415 470 2472 557; baseline -0.005 -14"><span class='ocrx_word' id='word_1_15' title='bbox 415 480 658 545; x_wconf 86' lang='lat' dir='ltr'>sulatus</span> <span class='ocrx_word' id='word_1_16' title='bbox 692 476 809 552; x_wconf 89' lang='lat' dir='ltr'>tui,</span> <span class='ocrx_word' id='word_1_17' title='bbox 844 485 1061 539; x_wconf 83' lang='lat' dir='ltr'>tamen</span> <span class='ocrx_word' id='word_1_18' title='bbox 1090 483 1155 537; x_wconf 92' lang='lat' dir='ltr'>et</span> <span class='ocrx_word' id='word_1_19' title='bbox 1180 472 1411 537; x_wconf 77' lang='lat' dir='ltr'>absens</span> <span class='ocrx_word' id='word_1_20' title='bbox 1442 470 1927 557; x_wconf 71' lang='lat' dir='ltr'>cognoscebam,</span> <span class='ocrx_word' id='word_1_21' title='bbox 1963 490 2128 553; x_wconf 90' lang='lat' dir='ltr'>quae</span> <span class='ocrx_word' id='word_1_22' title='bbox 2155 479 2325 535; x_wconf 88' lang='lat' dir='ltr'>esset</span> <span class='ocrx_word' id='word_1_23' title='bbox 2359 480 2472 533; x_wconf 84' lang='lat' dir='ltr'>tua</span> 
     </span>
     <span class='ocr_line' id='line_1_5' title="bbox 414 563 2469 655; baseline -0.005 -19"><span class='ocrx_word' id='word_1_24' title='bbox 414 572 483 636; x_wconf 93' lang='lat' dir='ltr'>in</span> <span class='ocrx_word' id='word_1_25' title='bbox 520 570 643 635; x_wconf 91' lang='lat' dir='ltr'>hoc</span> <span class='ocrx_word' id='word_1_26' title='bbox 676 568 981 655; x_wconf 85' lang='lat' dir='ltr'>pestifero</span> <span class='ocrx_word' id='word_1_27' title='bbox 1025 566 1195 631; x_wconf 91' lang='lat' dir='ltr'>bello</span> <span class='ocrx_word' id='word_1_28' title='bbox 1233 565 1520 631; x_wconf 86' lang='lat' dir='ltr'>cavendo</span> <span class='ocrx_word' id='word_1_29' title='bbox 1555 576 1621 631; x_wconf 90' lang='lat' dir='ltr'>et</span> <span class='ocrx_word' id='word_1_30' title='bbox 1661 563 2087 649; x_wconf 86' lang='lat' dir='ltr'>praedicendo</span> <span class='ocrx_word' id='word_1_31' title='bbox 2133 563 2469 639; x_wconf 81' lang='lat' dir='ltr'>sententia,</span> 
     </span>
     <span class='ocr_line' id='line_1_6' title="bbox 415 656 2472 750; baseline -0.004 -20"><span class='ocrx_word' id='word_1_32' title='bbox 415 675 479 730; x_wconf 89' lang='lat' dir='ltr'>et</span> <span class='ocrx_word' id='word_1_33' title='bbox 512 664 651 750; x_wconf 88' lang='lat' dir='ltr'>ipse</span> <span class='ocrx_word' id='word_1_34' title='bbox 687 662 867 728; x_wconf 88' lang='lat' dir='ltr'>adfui</span> <span class='ocrx_word' id='word_1_35' title='bbox 909 660 1131 747; x_wconf 87' lang='lat' dir='ltr'>primis</span> <span class='ocrx_word' id='word_1_36' title='bbox 1179 658 1573 745; x_wconf 80' lang='lat' dir='ltr'>temporibus</span> <span class='ocrx_word' id='word_1_37' title='bbox 1618 658 1712 724; x_wconf 90' lang='lat' dir='ltr'>tui</span> <span class='ocrx_word' id='word_1_38' title='bbox 1748 656 2143 735; x_wconf 88' lang='lat' dir='ltr'>consulatus,</span> <span class='ocrx_word' id='word_1_39' title='bbox 2180 678 2329 722; x_wconf 89' lang='lat' dir='ltr'>cum</span> <span class='ocrx_word' id='word_1_40' title='bbox 2367 680 2472 722; x_wconf 89' lang='lat' dir='ltr'>ac-</span> 
     </span>
     <span class='ocr_line' id='line_1_7' title="bbox 414 751 2471 829; baseline -0.004 -6"><span class='ocrx_word' id='word_1_41' title='bbox 414 758 814 824; x_wconf 84' lang='lat' dir='ltr'>curatissime</span> <span class='ocrx_word' id='word_1_42' title='bbox 858 754 1159 820; x_wconf 85' lang='lat' dir='ltr'>monuisti</span> <span class='ocrx_word' id='word_1_43' title='bbox 1204 765 1526 829; x_wconf 87' lang='lat' dir='ltr'>senatum,</span> <span class='ocrx_word' id='word_1_44' title='bbox 1583 752 1883 817; x_wconf 89' lang='lat' dir='ltr'>conlectis</span> <span class='ocrx_word' id='word_1_45' title='bbox 1938 751 2233 816; x_wconf 87' lang='lat' dir='ltr'>omnibus</span> <span class='ocrx_word' id='word_1_46' title='bbox 2286 751 2471 816; x_wconf 89' lang='lat' dir='ltr'>bellis</span> 
     </span>
     <span class='ocr_line' id='line_1_8' title="bbox 416 845 2474 931; baseline -0.004 -14"><span class='ocrx_word' id='word_1_47' title='bbox 416 850 739 929; x_wconf 87' lang='lat' dir='ltr'>civilibus,</span> <span class='ocrx_word' id='word_1_48' title='bbox 793 862 866 915; x_wconf 90' lang='lat' dir='ltr'>ut</span> <span class='ocrx_word' id='word_1_49' title='bbox 901 861 966 916; x_wconf 90' lang='lat' dir='ltr'>et</span> <span class='ocrx_word' id='word_1_50' title='bbox 998 849 1108 913; x_wconf 88' lang='lat' dir='ltr'>illa</span> <span class='ocrx_word' id='word_1_51' title='bbox 1143 848 1466 924; x_wconf 78' lang='lat' dir='ltr'>timerent,</span> <span class='ocrx_word' id='word_1_52' title='bbox 1519 868 1686 931; x_wconf 91' lang='lat' dir='ltr'>quae</span> <span class='ocrx_word' id='word_1_53' title='bbox 1728 845 2193 922; x_wconf 86' lang='lat' dir='ltr'>meminissent,</span> <span class='ocrx_word' id='word_1_54' title='bbox 2250 857 2315 909; x_wconf 91' lang='lat' dir='ltr'>et</span> <span class='ocrx_word' id='word_1_55' title='bbox 2352 846 2474 910; x_wconf 91' lang='lat' dir='ltr'>sci-</span> 
     </span>
     <span class='ocr_line' id='line_1_9' title="bbox 415 939 2474 1030; baseline -0.003 -20"><span class='ocrx_word' id='word_1_56' title='bbox 415 958 586 1022; x_wconf 87' lang='lat' dir='ltr'>rent,</span> <span class='ocrx_word' id='word_1_57' title='bbox 633 967 781 1010; x_wconf 87' lang='lat' dir='ltr'>cum</span> <span class='ocrx_word' id='word_1_58' title='bbox 828 942 1188 1030; x_wconf 84' lang='lat' dir='ltr'>superiores</span> <span class='ocrx_word' id='word_1_59' title='bbox 1219 942 1399 1007; x_wconf 87' lang='lat' dir='ltr'>nullo</span> <span class='ocrx_word' id='word_1_60' title='bbox 1445 941 1557 1006; x_wconf 86' lang='lat' dir='ltr'>tali</span> <span class='ocrx_word' id='word_1_61' title='bbox 1593 939 1884 1025; x_wconf 84' lang='lat' dir='ltr'>exemplo</span> <span class='ocrx_word' id='word_1_62' title='bbox 1919 950 2108 1004; x_wconf 87' lang='lat' dir='ltr'>antea</span> <span class='ocrx_word' id='word_1_63' title='bbox 2140 939 2209 1003; x_wconf 88' lang='lat' dir='ltr'>in</span> <span class='ocrx_word' id='word_1_64' title='bbox 2243 959 2315 1004; x_wconf 88' lang='lat' dir='ltr'>re</span> <span class='ocrx_word' id='word_1_65' title='bbox 2352 961 2474 1025; x_wconf 86' lang='lat' dir='ltr'>pu-</span> 
     </span>
     <span class='ocr_line' id='line_1_10' title="bbox 415 1034 2475 1125; baseline -0.003 -22"><span class='ocrx_word' id='word_1_66' title='bbox 415 1039 585 1105; x_wconf 87' lang='lat' dir='ltr'>blica</span> <span class='ocrx_word' id='word_1_67' title='bbox 629 1038 886 1125; x_wconf 83' lang='lat' dir='ltr'>cognito</span> <span class='ocrx_word' id='word_1_68' title='bbox 930 1048 1060 1101; x_wconf 89' lang='lat' dir='ltr'>tam</span> <span class='ocrx_word' id='word_1_69' title='bbox 1107 1035 1397 1101; x_wconf 83' lang='lat' dir='ltr'>crudeles</span> <span class='ocrx_word' id='word_1_70' title='bbox 1451 1034 1749 1110; x_wconf 86' lang='lat' dir='ltr'>fuissent,</span> <span class='ocrx_word' id='word_1_71' title='bbox 1804 1034 2195 1117; x_wconf 84' lang='lat' dir='ltr'>quicumque</span> <span class='ocrx_word' id='word_1_72' title='bbox 2246 1044 2475 1117; x_wconf 87' lang='lat' dir='ltr'>postea</span> 
     </span>
     <span class='ocr_line' id='line_1_11' title="bbox 415 1126 2473 1223; baseline -0.004 -24"><span class='ocrx_word' id='word_1_73' title='bbox 415 1155 552 1199; x_wconf 86' lang='lat' dir='ltr'>rem</span> <span class='ocrx_word' id='word_1_74' title='bbox 588 1133 910 1219; x_wconf 86' lang='lat' dir='ltr'>publicam</span> <span class='ocrx_word' id='word_1_75' title='bbox 949 1129 1367 1223; x_wconf 84' lang='lat' dir='ltr'>oppressisset</span> <span class='ocrx_word' id='word_1_76' title='bbox 1402 1128 1624 1204; x_wconf 87' lang='lat' dir='ltr'>armis,</span> <span class='ocrx_word' id='word_1_77' title='bbox 1668 1128 1871 1193; x_wconf 87' lang='lat' dir='ltr'>multo</span> <span class='ocrx_word' id='word_1_78' title='bbox 1909 1126 2473 1193; x_wconf 78' lang='lat' dir='ltr'>intolerabiliorem</span> 
     </span>
     <span class='ocr_line' id='line_1_12' title="bbox 416 1221 2475 1308; baseline -0.003 -15"><span class='ocrx_word' id='word_1_79' title='bbox 416 1228 723 1293; x_wconf 86' lang='lat' dir='ltr'>futurum.</span> <span class='ocrx_word' id='word_1_80' title='bbox 810 1249 991 1303; x_wconf 83' lang='lat' dir='ltr'>nam,</span> <span class='ocrx_word' id='word_1_81' title='bbox 1045 1224 1218 1308; x_wconf 90' lang='lat' dir='ltr'>quod</span> <span class='ocrx_word' id='word_1_82' title='bbox 1271 1223 1565 1307; x_wconf 88' lang='lat' dir='ltr'>exemplo</span> <span class='ocrx_word' id='word_1_83' title='bbox 1617 1222 1716 1299; x_wconf 85' lang='lat' dir='ltr'>fit,</span> <span class='ocrx_word' id='word_1_84' title='bbox 1781 1223 1849 1286; x_wconf 91' lang='lat' dir='ltr'>id</span> <span class='ocrx_word' id='word_1_85' title='bbox 1901 1222 2093 1287; x_wconf 85' lang='lat' dir='ltr'>etiam</span> <span class='ocrx_word' id='word_1_86' title='bbox 2142 1221 2282 1287; x_wconf 84' lang='lat' dir='ltr'>iure</span> <span class='ocrx_word' id='word_1_87' title='bbox 2332 1222 2475 1287; x_wconf 88' lang='lat' dir='ltr'>fieri</span> 
     </span>
     <span class='ocr_line' id='line_1_13' title="bbox 415 1315 2475 1426; baseline -0.003 -40"><span class='ocrx_word' id='word_1_88' title='bbox 415 1332 673 1407; x_wconf 84' lang='lat' dir='ltr'>putant3</span> <span class='ocrx_word' id='word_1_89' title='bbox 711 1320 823 1385; x_wconf 89' lang='lat' dir='ltr'>sed</span> <span class='ocrx_word' id='word_1_90' title='bbox 859 1317 1100 1402; x_wconf 90' lang='lat' dir='ltr'>aliquid</span> <span class='ocrx_word' id='word_1_91' title='bbox 1137 1327 1330 1426; x_wconf 85' lang='lat' dir='ltr'>atque</span> <span class='ocrx_word' id='word_1_92' title='bbox 1366 1316 1527 1381; x_wconf 84' lang='lat' dir='ltr'>adeo</span> <span class='ocrx_word' id='word_1_93' title='bbox 1558 1316 1760 1381; x_wconf 88' lang='lat' dir='ltr'>multa</span> <span class='ocrx_word' id='word_1_94' title='bbox 1794 1316 2039 1381; x_wconf 82' lang='lat' dir='ltr'>addunt</span> <span class='ocrx_word' id='word_1_95' title='bbox 2075 1325 2139 1381; x_wconf 85' lang='lat' dir='ltr'>et</span> <span class='ocrx_word' id='word_1_96' title='bbox 2171 1315 2475 1380; x_wconf 87' lang='lat' dir='ltr'>adferunt</span> 
     </span>
     <span class='ocr_line' id='line_1_14' title="bbox 416 1408 2476 1497; baseline -0.002 -19"><span class='ocrx_word' id='word_1_97' title='bbox 416 1414 497 1479; x_wconf 92' lang='lat' dir='ltr'>de</span> <span class='ocrx_word' id='word_1_98' title='bbox 541 1434 678 1478; x_wconf 90' lang='lat' dir='ltr'>suo.</span> <span class='ocrx_word' id='word_1_99' title='bbox 767 1434 898 1497; x_wconf 84' lang='lat' dir='ltr'>qua</span> <span class='ocrx_word' id='word_1_100' title='bbox 939 1433 1007 1477; x_wconf 92' lang='lat' dir='ltr'>re</span> <span class='ocrx_word' id='word_1_101' title='bbox 1051 1409 1417 1475; x_wconf 87' lang='lat' dir='ltr'>meminisse</span> <span class='ocrx_word' id='word_1_102' title='bbox 1460 1410 1658 1476; x_wconf 90' lang='lat' dir='ltr'>debes</span> <span class='ocrx_word' id='word_1_103' title='bbox 1694 1431 1835 1486; x_wconf 92' lang='lat' dir='ltr'>eos,</span> <span class='ocrx_word' id='word_1_104' title='bbox 1881 1409 1992 1493; x_wconf 89' lang='lat' dir='ltr'>qui</span> <span class='ocrx_word' id='word_1_105' title='bbox 2028 1408 2476 1474; x_wconf 84' lang='lat' dir='ltr'>auctoritatem</span> 
     </span>
     <span class='ocr_line' id='line_1_15' title="bbox 416 1503 2474 1581; baseline -0.001 -9"><span class='ocrx_word' id='word_1_106' title='bbox 416 1519 481 1573; x_wconf 89' lang='lat' dir='ltr'>et</span> <span class='ocrx_word' id='word_1_107' title='bbox 515 1505 850 1572; x_wconf 86' lang='lat' dir='ltr'>consilium</span> <span class='ocrx_word' id='word_1_108' title='bbox 885 1516 1067 1570; x_wconf 88' lang='lat' dir='ltr'>tuum</span> <span class='ocrx_word' id='word_1_109' title='bbox 1101 1526 1231 1570; x_wconf 88' lang='lat' dir='ltr'>non</span> <span class='ocrx_word' id='word_1_110' title='bbox 1266 1505 1394 1570; x_wconf 88' lang='lat' dir='ltr'>sint</span> <span class='ocrx_word' id='word_1_111' title='bbox 1430 1504 1650 1581; x_wconf 88' lang='lat' dir='ltr'>secuti,</span> <span class='ocrx_word' id='word_1_112' title='bbox 1688 1526 1805 1569; x_wconf 84' lang='lat' dir='ltr'>sua</span> <span class='ocrx_word' id='word_1_113' title='bbox 1839 1503 2106 1568; x_wconf 86' lang='lat' dir='ltr'>stultitia</span> <span class='ocrx_word' id='word_1_114' title='bbox 2140 1503 2474 1578; x_wconf 89' lang='lat' dir='ltr'>occidisse,</span> 
     </span>
     <span class='ocr_line' id='line_1_16' title="bbox 417 1596 2475 1685; baseline -0.001 -19"><span class='ocrx_word' id='word_1_115' title='bbox 417 1622 563 1666; x_wconf 91' lang='lat' dir='ltr'>cum</span> <span class='ocrx_word' id='word_1_116' title='bbox 600 1611 712 1665; x_wconf 86' lang='lat' dir='ltr'>tua</span> <span class='ocrx_word' id='word_1_117' title='bbox 745 1598 1085 1685; x_wconf 88' lang='lat' dir='ltr'>prudentia</span> <span class='ocrx_word' id='word_1_118' title='bbox 1118 1598 1279 1664; x_wconf 86' lang='lat' dir='ltr'>salvi</span> <span class='ocrx_word' id='word_1_119' title='bbox 1307 1620 1449 1664; x_wconf 88' lang='lat' dir='ltr'>esse</span> <span class='ocrx_word' id='word_1_120' title='bbox 1482 1598 1855 1684; x_wconf 86' lang='lat' dir='ltr'>potuissent.</span> <span class='ocrx_word' id='word_1_121' title='bbox 1911 1598 2111 1663; x_wconf 86' lang='lat' dir='ltr'>dices:</span> <span class='ocrx_word' id='word_1_122' title='bbox 2150 1596 2339 1682; x_wconf 89' lang='lat' dir='ltr'>‘quid</span> <span class='ocrx_word' id='word_1_123' title='bbox 2369 1620 2475 1663; x_wconf 90' lang='lat' dir='ltr'>me</span> 
     </span>
     <span class='ocr_line' id='line_1_17' title="bbox 414 1690 2475 1776; baseline -0.002 -17"><span class='ocrx_word' id='word_1_124' title='bbox 414 1696 539 1761; x_wconf 88' lang='lat' dir='ltr'>ista</span> <span class='ocrx_word' id='word_1_125' title='bbox 589 1716 691 1760; x_wconf 89' lang='lat' dir='ltr'>res</span> <span class='ocrx_word' id='word_1_126' title='bbox 737 1695 1100 1759; x_wconf 88' lang='lat' dir='ltr'>consolatur</span> <span class='ocrx_word' id='word_1_127' title='bbox 1143 1693 1208 1757; x_wconf 93' lang='lat' dir='ltr'>in</span> <span class='ocrx_word' id='word_1_128' title='bbox 1253 1693 1445 1758; x_wconf 89' lang='lat' dir='ltr'>tantis</span> <span class='ocrx_word' id='word_1_129' title='bbox 1490 1691 1765 1758; x_wconf 87' lang='lat' dir='ltr'>tenebris</span> <span class='ocrx_word' id='word_1_130' title='bbox 1811 1703 1875 1756; x_wconf 94' lang='lat' dir='ltr'>et</span> <span class='ocrx_word' id='word_1_131' title='bbox 1918 1691 2103 1775; x_wconf 86' lang='lat' dir='ltr'>quasi</span> <span class='ocrx_word' id='word_1_132' title='bbox 2144 1690 2475 1776; x_wconf 86' lang='lat' dir='ltr'>parietinis</span> 
     </span>
     <span class='ocr_line' id='line_1_18' title="bbox 414 1784 2477 1876; baseline -0.003 -20"><span class='ocrx_word' id='word_1_133' title='bbox 414 1788 508 1856; x_wconf 92' lang='lat' dir='ltr'>rei</span> <span class='ocrx_word' id='word_1_134' title='bbox 550 1788 884 1876; x_wconf 83' lang='lat' dir='ltr'>publicae?</span> <span class='ocrx_word' id='word_1_135' title='bbox 897 1789 912 1817; x_wconf 92' lang='lat'>&#39;</span> <span class='ocrx_word' id='word_1_136' title='bbox 967 1799 1066 1854; x_wconf 88' lang='lat' dir='ltr'>est</span> <span class='ocrx_word' id='word_1_137' title='bbox 1108 1788 1368 1852; x_wconf 88' lang='lat' dir='ltr'>omnino</span> <span class='ocrx_word' id='word_1_138' title='bbox 1418 1786 1529 1851; x_wconf 86' lang='lat' dir='ltr'>vix</span> <span class='ocrx_word' id='word_1_139' title='bbox 1584 1785 1986 1851; x_wconf 87' lang='lat' dir='ltr'>consolabilis</span> <span class='ocrx_word' id='word_1_140' title='bbox 2030 1784 2237 1849; x_wconf 84' lang='lat' dir='ltr'>dolor:</span> <span class='ocrx_word' id='word_1_141' title='bbox 2296 1794 2477 1850; x_wconf 87' lang='lat' dir='ltr'>tanta</span> 
     </span>
     <span class='ocr_line' id='line_1_19' title="bbox 417 1878 2475 1966; baseline -0.002 -17"><span class='ocrx_word' id='word_1_142' title='bbox 417 1894 512 1949; x_wconf 90' lang='lat' dir='ltr'>est</span> <span class='ocrx_word' id='word_1_143' title='bbox 539 1884 826 1948; x_wconf 89' lang='lat' dir='ltr'>omnium</span> <span class='ocrx_word' id='word_1_144' title='bbox 859 1905 1071 1950; x_wconf 88' lang='lat' dir='ltr'>rerum</span> <span class='ocrx_word' id='word_1_145' title='bbox 1100 1881 1357 1946; x_wconf 85' lang='lat' dir='ltr'>amissio</span> <span class='ocrx_word' id='word_1_146' title='bbox 1386 1891 1448 1945; x_wconf 90' lang='lat' dir='ltr'>et</span> <span class='ocrx_word' id='word_1_147' title='bbox 1474 1880 1831 1966; x_wconf 83' lang='lat' dir='ltr'>desperatio</span> <span class='ocrx_word' id='word_1_148' title='bbox 1868 1878 2318 1965; x_wconf 82' lang='lat' dir='ltr'>recuperandi3</span> <span class='ocrx_word' id='word_1_149' title='bbox 2355 1878 2475 1944; x_wconf 91' lang='lat' dir='ltr'>sed</span> 
     </span>
     <span class='ocr_line' id='line_1_20' title="bbox 415 1973 2475 2059; baseline -0.002 -18"><span class='ocrx_word' id='word_1_150' title='bbox 415 1988 631 2043; x_wconf 85' lang='lat' dir='ltr'>tamen</span> <span class='ocrx_word' id='word_1_151' title='bbox 667 1987 730 2041; x_wconf 89' lang='lat' dir='ltr'>et</span> <span class='ocrx_word' id='word_1_152' title='bbox 757 1974 1000 2041; x_wconf 87' lang='lat' dir='ltr'>Caesar</span> <span class='ocrx_word' id='word_1_153' title='bbox 1034 1975 1171 2059; x_wconf 90' lang='lat' dir='ltr'>ipse</span> <span class='ocrx_word' id='word_1_154' title='bbox 1204 1973 1298 2038; x_wconf 82' lang='lat' dir='ltr'>ita</span> <span class='ocrx_word' id='word_1_155' title='bbox 1331 1974 1411 2039; x_wconf 90' lang='lat' dir='ltr'>de</span> <span class='ocrx_word' id='word_1_156' title='bbox 1447 1984 1510 2039; x_wconf 91' lang='lat' dir='ltr'>te</span> <span class='ocrx_word' id='word_1_157' title='bbox 1545 1974 1785 2038; x_wconf 89' lang='lat' dir='ltr'>iudicat</span> <span class='ocrx_word' id='word_1_158' title='bbox 1820 1984 1885 2039; x_wconf 91' lang='lat' dir='ltr'>et</span> <span class='ocrx_word' id='word_1_159' title='bbox 1920 1995 2141 2038; x_wconf 88' lang='lat' dir='ltr'>omnes</span> <span class='ocrx_word' id='word_1_160' title='bbox 2169 1973 2343 2039; x_wconf 83' lang='lat' dir='ltr'>cives</span> <span class='ocrx_word' id='word_1_161' title='bbox 2380 1974 2475 2039; x_wconf 90' lang='lat' dir='ltr'>sic</span> 
     </span>
     <span class='ocr_line' id='line_1_21' title="bbox 415 2066 2475 2151; baseline -0.001 -15"><span class='ocrx_word' id='word_1_162' title='bbox 415 2071 796 2145; x_wconf 87' lang='lat' dir='ltr'>existimant,</span> <span class='ocrx_word' id='word_1_163' title='bbox 833 2067 1017 2151; x_wconf 87' lang='lat' dir='ltr'>quasi</span> <span class='ocrx_word' id='word_1_164' title='bbox 1049 2068 1268 2131; x_wconf 88' lang='lat' dir='ltr'>lumen</span> <span class='ocrx_word' id='word_1_165' title='bbox 1299 2067 1557 2151; x_wconf 88' lang='lat' dir='ltr'>aliquod</span> <span class='ocrx_word' id='word_1_166' title='bbox 1592 2068 1919 2133; x_wconf 84' lang='lat' dir='ltr'>exstinctis</span> <span class='ocrx_word' id='word_1_167' title='bbox 1956 2066 2182 2133; x_wconf 90' lang='lat' dir='ltr'>ceteris</span> <span class='ocrx_word' id='word_1_168' title='bbox 2218 2068 2475 2133; x_wconf 83' lang='lat' dir='ltr'>elucere</span> 
     </span>
     <span class='ocr_line' id='line_1_22' title="bbox 415 2159 2476 2248; baseline -0 -21"><span class='ocrx_word' id='word_1_169' title='bbox 415 2162 815 2228; x_wconf 86' lang='lat' dir='ltr'>sanctitatem</span> <span class='ocrx_word' id='word_1_170' title='bbox 851 2173 914 2228; x_wconf 91' lang='lat' dir='ltr'>et</span> <span class='ocrx_word' id='word_1_171' title='bbox 949 2159 1357 2247; x_wconf 88' lang='lat' dir='ltr'>prudentiam</span> <span class='ocrx_word' id='word_1_172' title='bbox 1392 2173 1452 2227; x_wconf 90' lang='lat' dir='ltr'>et</span> <span class='ocrx_word' id='word_1_173' title='bbox 1492 2162 1867 2248; x_wconf 85' lang='lat' dir='ltr'>dignitatem</span> <span class='ocrx_word' id='word_1_174' title='bbox 1904 2173 2106 2227; x_wconf 87' lang='lat' dir='ltr'>tuam:</span> <span class='ocrx_word' id='word_1_175' title='bbox 2154 2162 2315 2227; x_wconf 87' lang='lat' dir='ltr'>haec</span> <span class='ocrx_word' id='word_1_176' title='bbox 2355 2161 2476 2234; x_wconf 88' lang='lat' dir='ltr'>tibi</span> 
     </span>
     <span class='ocr_line' id='line_1_23' title="bbox 414 2254 2476 2341; baseline 0 -20"><span class='ocrx_word' id='word_1_177' title='bbox 414 2256 499 2321; x_wconf 87' lang='lat' dir='ltr'>ad</span> <span class='ocrx_word' id='word_1_178' title='bbox 532 2255 835 2321; x_wconf 87' lang='lat' dir='ltr'>levandas</span> <span class='ocrx_word' id='word_1_179' title='bbox 880 2254 1200 2321; x_wconf 86' lang='lat' dir='ltr'>molestias</span> <span class='ocrx_word' id='word_1_180' title='bbox 1246 2278 1484 2341; x_wconf 86' lang='lat' dir='ltr'>magna</span> <span class='ocrx_word' id='word_1_181' title='bbox 1527 2279 1666 2323; x_wconf 90' lang='lat' dir='ltr'>esse</span> <span class='ocrx_word' id='word_1_182' title='bbox 1702 2257 1957 2322; x_wconf 86' lang='lat' dir='ltr'>debent.</span> <span class='ocrx_word' id='word_1_183' title='bbox 2043 2256 2219 2341; x_wconf 90' lang='lat' dir='ltr'>quod</span> <span class='ocrx_word' id='word_1_184' title='bbox 2254 2268 2476 2323; x_wconf 85' lang='lat' dir='ltr'>autem</span> 
     </span>
     <span class='ocr_line' id='line_1_24' title="bbox 414 2349 2474 2434; baseline 0.002 -21"><span class='ocrx_word' id='word_1_185' title='bbox 414 2372 454 2413; x_wconf 90' lang='lat' dir='ltr'>a</span> <span class='ocrx_word' id='word_1_186' title='bbox 488 2349 615 2414; x_wconf 90' lang='lat' dir='ltr'>tuis</span> <span class='ocrx_word' id='word_1_187' title='bbox 651 2349 825 2425; x_wconf 86' lang='lat' dir='ltr'>abes,</span> <span class='ocrx_word' id='word_1_188' title='bbox 862 2349 929 2414; x_wconf 90' lang='lat' dir='ltr'>id</span> <span class='ocrx_word' id='word_1_189' title='bbox 966 2370 1042 2414; x_wconf 94' lang='lat' dir='ltr'>eo</span> <span class='ocrx_word' id='word_1_190' title='bbox 1077 2349 1282 2415; x_wconf 88' lang='lat' dir='ltr'>levius</span> <span class='ocrx_word' id='word_1_191' title='bbox 1318 2350 1655 2416; x_wconf 86' lang='lat' dir='ltr'>ferendum</span> <span class='ocrx_word' id='word_1_192' title='bbox 1685 2360 1801 2427; x_wconf 90' lang='lat' dir='ltr'>est,</span> <span class='ocrx_word' id='word_1_193' title='bbox 1838 2350 2013 2434; x_wconf 88' lang='lat' dir='ltr'>quod</span> <span class='ocrx_word' id='word_1_194' title='bbox 2047 2350 2275 2415; x_wconf 90' lang='lat' dir='ltr'>eodem</span> <span class='ocrx_word' id='word_1_195' title='bbox 2312 2361 2474 2417; x_wconf 91' lang='lat' dir='ltr'>tem-</span> 
     </span>
     <span class='ocr_line' id='line_1_25' title="bbox 412 2442 2474 2529; baseline 0.001 -22"><span class='ocrx_word' id='word_1_196' title='bbox 412 2463 568 2529; x_wconf 88' lang='lat' dir='ltr'>pore</span> <span class='ocrx_word' id='word_1_197' title='bbox 604 2466 644 2507; x_wconf 91' lang='lat' dir='ltr'>a</span> <span class='ocrx_word' id='word_1_198' title='bbox 677 2442 895 2507; x_wconf 89' lang='lat' dir='ltr'>multis</span> <span class='ocrx_word' id='word_1_199' title='bbox 922 2454 984 2508; x_wconf 89' lang='lat' dir='ltr'>et</span> <span class='ocrx_word' id='word_1_200' title='bbox 1018 2443 1270 2529; x_wconf 84' lang='lat' dir='ltr'>magnis</span> <span class='ocrx_word' id='word_1_201' title='bbox 1298 2445 1604 2509; x_wconf 91' lang='lat' dir='ltr'>molestiis</span> <span class='ocrx_word' id='word_1_202' title='bbox 1634 2443 1816 2521; x_wconf 86' lang='lat' dir='ltr'>abes;</span> <span class='ocrx_word' id='word_1_203' title='bbox 1854 2466 2015 2527; x_wconf 90' lang='lat' dir='ltr'>quas</span> <span class='ocrx_word' id='word_1_204' title='bbox 2051 2444 2134 2509; x_wconf 88' lang='lat' dir='ltr'>ad</span> <span class='ocrx_word' id='word_1_205' title='bbox 2169 2455 2233 2510; x_wconf 89' lang='lat' dir='ltr'>te</span> <span class='ocrx_word' id='word_1_206' title='bbox 2262 2445 2474 2510; x_wconf 88' lang='lat' dir='ltr'>omnis</span> 
     </span>
     <span class='ocr_line' id='line_1_26' title="bbox 413 2535 2472 2624; baseline 0.001 -23"><span class='ocrx_word' id='word_1_207' title='bbox 413 2535 901 2620; x_wconf 88' lang='lat' dir='ltr'>perscriberem,</span> <span class='ocrx_word' id='word_1_208' title='bbox 962 2537 1086 2602; x_wconf 88' lang='lat' dir='ltr'>nisi</span> <span class='ocrx_word' id='word_1_209' title='bbox 1146 2560 1401 2603; x_wconf 83' lang='lat' dir='ltr'>vererer</span> <span class='ocrx_word' id='word_1_210' title='bbox 1461 2562 1545 2603; x_wconf 90' lang='lat' dir='ltr'>ne</span> <span class='ocrx_word' id='word_1_211' title='bbox 1608 2560 1685 2603; x_wconf 85' lang='lat' dir='ltr'>ea</span> <span class='ocrx_word' id='word_1_212' title='bbox 1737 2560 2155 2624; x_wconf 86' lang='lat' dir='ltr'>cognosceres</span> <span class='ocrx_word' id='word_1_213' title='bbox 2216 2539 2472 2615; x_wconf 87' lang='lat' dir='ltr'>absens,</span> 
     </span>
     <span class='ocr_line' id='line_1_27' title="bbox 413 2632 2475 2715; baseline 0.003 -21"><span class='ocrx_word' id='word_1_214' title='bbox 413 2651 578 2714; x_wconf 90' lang='lat' dir='ltr'>quae</span> <span class='ocrx_word' id='word_1_215' title='bbox 606 2632 758 2715; x_wconf 91' lang='lat' dir='ltr'>quia</span> <span class='ocrx_word' id='word_1_216' title='bbox 783 2655 913 2697; x_wconf 90' lang='lat' dir='ltr'>non</span> <span class='ocrx_word' id='word_1_217' title='bbox 941 2632 1142 2707; x_wconf 83' lang='lat' dir='ltr'>vides,</span> <span class='ocrx_word' id='word_1_218' title='bbox 1167 2632 1325 2696; x_wconf 89' lang='lat' dir='ltr'>mihi</span> <span class='ocrx_word' id='word_1_219' title='bbox 1352 2632 1607 2710; x_wconf 85' lang='lat' dir='ltr'>videris,</span> <span class='ocrx_word' id='word_1_220' title='bbox 1643 2632 1903 2698; x_wconf 89' lang='lat' dir='ltr'>meliore</span> <span class='ocrx_word' id='word_1_221' title='bbox 1931 2655 2069 2699; x_wconf 88' lang='lat' dir='ltr'>esse</span> <span class='ocrx_word' id='word_1_222' title='bbox 2096 2634 2475 2699; x_wconf 89' lang='lat' dir='ltr'>condicione</span> 
     </span>
     <span class='ocr_line' id='line_1_28' title="bbox 413 2725 2474 2809; baseline 0.001 -18"><span class='ocrx_word' id='word_1_223' title='bbox 413 2747 608 2809; x_wconf 88' lang='lat' dir='ltr'>quam</span> <span class='ocrx_word' id='word_1_224' title='bbox 641 2747 779 2803; x_wconf 85' lang='lat' dir='ltr'>nos,</span> <span class='ocrx_word' id='word_1_225' title='bbox 815 2725 928 2809; x_wconf 90' lang='lat' dir='ltr'>qui</span> <span class='ocrx_word' id='word_1_226' title='bbox 962 2726 1272 2792; x_wconf 87' lang='lat' dir='ltr'>videmus.</span> <span class='ocrx_word' id='word_1_227' title='bbox 1329 2726 1636 2792; x_wconf 86' lang='lat' dir='ltr'>hactenus</span> <span class='ocrx_word' id='word_1_228' title='bbox 1674 2726 1963 2792; x_wconf 84' lang='lat' dir='ltr'>existimo</span> <span class='ocrx_word' id='word_1_229' title='bbox 1998 2737 2283 2793; x_wconf 88' lang='lat' dir='ltr'>nostram</span> <span class='ocrx_word' id='word_1_230' title='bbox 2322 2751 2474 2794; x_wconf 94' lang='lat' dir='ltr'>con-</span> 
     </span>
     <span class='ocr_line' id='line_1_29' title="bbox 413 2818 2472 2904; baseline 0.001 -21"><span class='ocrx_word' id='word_1_231' title='bbox 413 2819 786 2885; x_wconf 87' lang='lat' dir='ltr'>solationem</span> <span class='ocrx_word' id='word_1_232' title='bbox 821 2830 993 2885; x_wconf 91' lang='lat' dir='ltr'>recte</span> <span class='ocrx_word' id='word_1_233' title='bbox 1019 2818 1373 2884; x_wconf 86' lang='lat' dir='ltr'>adhibitam</span> <span class='ocrx_word' id='word_1_234' title='bbox 1401 2842 1560 2897; x_wconf 89' lang='lat' dir='ltr'>esse,</span> <span class='ocrx_word' id='word_1_235' title='bbox 1596 2820 1811 2904; x_wconf 88' lang='lat' dir='ltr'>quoad</span> <span class='ocrx_word' id='word_1_236' title='bbox 1837 2820 2068 2887; x_wconf 81' lang='lat' dir='ltr'>certior</span> <span class='ocrx_word' id='word_1_237' title='bbox 2092 2821 2177 2884; x_wconf 90' lang='lat' dir='ltr'>ab</span> <span class='ocrx_word' id='word_1_238' title='bbox 2212 2820 2472 2886; x_wconf 89' lang='lat' dir='ltr'>homine</span> 
     </span>
     <span class='ocr_line' id='line_1_30' title="bbox 413 2911 2474 3000; baseline 0.002 -26"><span class='ocrx_word' id='word_1_239' title='bbox 413 2911 794 2976; x_wconf 86' lang='lat' dir='ltr'>amicissimo</span> <span class='ocrx_word' id='word_1_240' title='bbox 829 2912 1014 2977; x_wconf 88' lang='lat' dir='ltr'>fieres</span> <span class='ocrx_word' id='word_1_241' title='bbox 1049 2911 1126 2982; x_wconf 82' lang='lat' dir='ltr'>iis</span> <span class='ocrx_word' id='word_1_242' title='bbox 1163 2912 1243 2977; x_wconf 92' lang='lat' dir='ltr'>de</span> <span class='ocrx_word' id='word_1_243' title='bbox 1279 2912 1494 2989; x_wconf 89' lang='lat' dir='ltr'>rebus,</span> <span class='ocrx_word' id='word_1_244' title='bbox 1532 2912 1765 2996; x_wconf 86' lang='lat' dir='ltr'>quibus</span> <span class='ocrx_word' id='word_1_245' title='bbox 1800 2914 2000 2979; x_wconf 88' lang='lat' dir='ltr'>levari</span> <span class='ocrx_word' id='word_1_246' title='bbox 2033 2924 2299 3000; x_wconf 88' lang='lat' dir='ltr'>possent</span> <span class='ocrx_word' id='word_1_247' title='bbox 2335 2936 2474 2979; x_wconf 90' lang='lat' dir='ltr'>mo·-</span> 
     </span>
     <span class='ocr_line' id='line_1_31' title="bbox 410 3004 2473 3094; baseline 0.003 -27"><span class='ocrx_word' id='word_1_248' title='bbox 410 3004 631 3092; x_wconf 75' lang='lat' dir='ltr'>lestiae</span> <span class='ocrx_word' id='word_1_249' title='bbox 666 3015 835 3069; x_wconf 86' lang='lat' dir='ltr'>tuae.</span> <span class='ocrx_word' id='word_1_250' title='bbox 924 3005 1171 3089; x_wconf 90' lang='lat' dir='ltr'>reliqua</span> <span class='ocrx_word' id='word_1_251' title='bbox 1215 3015 1365 3069; x_wconf 89' lang='lat' dir='ltr'>sunt</span> <span class='ocrx_word' id='word_1_252' title='bbox 1406 3005 1475 3069; x_wconf 89' lang='lat' dir='ltr'>in</span> <span class='ocrx_word' id='word_1_253' title='bbox 1518 3016 1584 3070; x_wconf 89' lang='lat' dir='ltr'>te</span> <span class='ocrx_word' id='word_1_254' title='bbox 1625 3006 1767 3092; x_wconf 86' lang='lat' dir='ltr'>ipso</span> <span class='ocrx_word' id='word_1_255' title='bbox 1802 3027 2011 3089; x_wconf 89' lang='lat' dir='ltr'>neque</span> <span class='ocrx_word' id='word_1_256' title='bbox 2054 3007 2213 3071; x_wconf 80' lang='lat' dir='ltr'>mihi</span> <span class='ocrx_word' id='word_1_257' title='bbox 2248 3009 2473 3094; x_wconf 85' lang='lat' dir='ltr'>ignota</span> 
     </span>
     <span class='ocr_line' id='line_1_32' title="bbox 410 3095 2471 3186; baseline 0.002 -24"><span class='ocrx_word' id='word_1_258' title='bbox 410 3119 532 3163; x_wconf 89' lang='lat' dir='ltr'>nec</span> <span class='ocrx_word' id='word_1_259' title='bbox 582 3097 845 3163; x_wconf 89' lang='lat' dir='ltr'>minima</span> <span class='ocrx_word' id='word_1_260' title='bbox 891 3099 1154 3176; x_wconf 90' lang='lat' dir='ltr'>solacia,</span> <span class='ocrx_word' id='word_1_261' title='bbox 1206 3110 1280 3163; x_wconf 92' lang='lat' dir='ltr'>ut</span> <span class='ocrx_word' id='word_1_262' title='bbox 1335 3099 1595 3183; x_wconf 89' lang='lat' dir='ltr'>quidem</span> <span class='ocrx_word' id='word_1_263' title='bbox 1644 3122 1765 3186; x_wconf 82' lang='lat' dir='ltr'>ego</span> <span class='ocrx_word' id='word_1_264' title='bbox 1820 3095 2055 3178; x_wconf 60' lang='lat' dir='ltr'>sentim</span> <span class='ocrx_word' id='word_1_265' title='bbox 2108 3105 2217 3169; x_wconf 78' lang='lat' dir='ltr'>sed</span> <span class='ocrx_word' id='word_1_266' title='bbox 2268 3104 2471 3168; x_wconf 91' lang='lat' dir='ltr'>multo</span> 
     </span>
     <span class='ocr_line' id='line_1_33' title="bbox 410 3191 2476 3280; baseline 0.002 -24"><span class='ocrx_word' id='word_1_267' title='bbox 410 3191 720 3269; x_wconf 81' lang='lat' dir='ltr'>maxima3</span> <span class='ocrx_word' id='word_1_268' title='bbox 773 3213 941 3276; x_wconf 89' lang='lat' dir='ltr'>quae</span> <span class='ocrx_word' id='word_1_269' title='bbox 994 3214 1115 3279; x_wconf 87' lang='lat' dir='ltr'>ego</span> <span class='ocrx_word' id='word_1_270' title='bbox 1170 3192 1504 3279; x_wconf 87' lang='lat' dir='ltr'>experiens</span> <span class='ocrx_word' id='word_1_271' title='bbox 1559 3194 1789 3259; x_wconf 89' lang='lat' dir='ltr'>cotidie</span> <span class='ocrx_word' id='word_1_272' title='bbox 1834 3194 1926 3259; x_wconf 89' lang='lat' dir='ltr'>sic</span> <span class='ocrx_word' id='word_1_273' title='bbox 1977 3195 2212 3280; x_wconf 77' lang='lat' dir='ltr'>probe,</span> <span class='ocrx_word' id='word_1_274' title='bbox 2267 3207 2344 3260; x_wconf 93' lang='lat' dir='ltr'>ut</span> <span class='ocrx_word' id='word_1_275' title='bbox 2398 3220 2476 3262; x_wconf 89' lang='lat' dir='ltr'>ea</span> 
     </span>
     <span class='ocr_line' id='line_1_34' title="bbox 410 3287 2474 3368; baseline 0.003 -17"><span class='ocrx_word' id='word_1_276' title='bbox 410 3287 568 3368; x_wconf 72' lang='lat' dir='ltr'>mihi</span> <span class='ocrx_word' id='word_1_277' title='bbox 603 3288 876 3353; x_wconf 91' lang='lat' dir='ltr'>salutem</span> <span class='ocrx_word' id='word_1_278' title='bbox 919 3287 1172 3354; x_wconf 87' lang='lat' dir='ltr'>adferre</span> <span class='ocrx_word' id='word_1_279' title='bbox 1216 3288 1573 3354; x_wconf 85' lang='lat' dir='ltr'>videantur.</span> <span class='ocrx_word' id='word_1_280' title='bbox 1667 3299 1731 3355; x_wconf 88' lang='lat' dir='ltr'>te</span> <span class='ocrx_word' id='word_1_281' title='bbox 1767 3298 1983 3354; x_wconf 88' lang='lat' dir='ltr'>autem</span> <span class='ocrx_word' id='word_1_282' title='bbox 2018 3290 2101 3354; x_wconf 87' lang='lat' dir='ltr'>ab</span> <span class='ocrx_word' id='word_1_283' title='bbox 2144 3290 2329 3355; x_wconf 88' lang='lat' dir='ltr'>initio</span> <span class='ocrx_word' id='word_1_284' title='bbox 2367 3314 2474 3357; x_wconf 88' lang='lat' dir='ltr'>ae-</span> 
     </span>
     <span class='ocr_line' id='line_1_35' title="bbox 372 3381 2472 3450; baseline 0.003 -6"><span class='ocrx_word' id='word_1_285' title='bbox 372 3396 376 3401; x_wconf 83' lang='lat'>&#39;</span> <span class='ocrx_word' id='word_1_286' title='bbox 410 3381 557 3445; x_wconf 82' lang='lat' dir='ltr'>tatis</span> <span class='ocrx_word' id='word_1_287' title='bbox 593 3382 901 3447; x_wconf 85' lang='lat' dir='ltr'>memoria</span> <span class='ocrx_word' id='word_1_288' title='bbox 933 3393 1122 3448; x_wconf 86' lang='lat' dir='ltr'>teneo</span> <span class='ocrx_word' id='word_1_289' title='bbox 1158 3405 1408 3448; x_wconf 89' lang='lat' dir='ltr'>summe</span> <span class='ocrx_word' id='word_1_290' title='bbox 1443 3382 1727 3447; x_wconf 89' lang='lat' dir='ltr'>omnium</span> <span class='ocrx_word' id='word_1_291' title='bbox 1756 3382 2190 3448; x_wconf 90' lang='lat' dir='ltr'>doctrinarum</span> <span class='ocrx_word' id='word_1_292' title='bbox 2225 3384 2472 3450; x_wconf 88' lang='lat' dir='ltr'>studio-</span> 
     </span>
     <span class='ocr_line' id='line_1_36' title="bbox 410 3474 2471 3561; baseline 0.004 -25"><span class='ocrx_word' id='word_1_293' title='bbox 410 3495 554 3536; x_wconf 90' lang='lat' dir='ltr'>sum</span> <span class='ocrx_word' id='word_1_294' title='bbox 587 3474 785 3539; x_wconf 86' lang='lat' dir='ltr'>fuisse</span> <span class='ocrx_word' id='word_1_295' title='bbox 814 3476 1172 3559; x_wconf 86' lang='lat' dir='ltr'>omniaque,</span> <span class='ocrx_word' id='word_1_296' title='bbox 1210 3497 1379 3560; x_wconf 90' lang='lat' dir='ltr'>quae</span> <span class='ocrx_word' id='word_1_297' title='bbox 1414 3500 1453 3541; x_wconf 81' lang='lat' dir='ltr'>a</span> <span class='ocrx_word' id='word_1_298' title='bbox 1487 3476 1967 3561; x_wconf 87' lang='lat' dir='ltr'>sapientissimis</span> <span class='ocrx_word' id='word_1_299' title='bbox 1999 3480 2150 3542; x_wconf 74' lang='lat' dir='ltr'>viris</span> <span class='ocrx_word' id='word_1_300' title='bbox 2185 3478 2271 3542; x_wconf 88' lang='lat' dir='ltr'>ad</span> <span class='ocrx_word' id='word_1_301' title='bbox 2305 3478 2471 3545; x_wconf 89' lang='lat' dir='ltr'>bene</span> 
     </span>
     <span class='ocr_line' id='line_1_37' title="bbox 338 3565 2473 3657; baseline 0.004 -28"><span class='ocrx_word' id='word_1_302' title='bbox 338 3647 343 3652; x_wconf 15' lang='lat'>⁷.</span> <span class='ocrx_word' id='word_1_303' title='bbox 409 3565 757 3634; x_wconf 83' lang='lat' dir='ltr'>vivendum</span> <span class='ocrx_word' id='word_1_304' title='bbox 811 3568 1042 3633; x_wconf 86' lang='lat' dir='ltr'>tradita</span> <span class='ocrx_word' id='word_1_305' title='bbox 1094 3582 1334 3647; x_wconf 88' lang='lat' dir='ltr'>essent,</span> <span class='ocrx_word' id='word_1_306' title='bbox 1397 3593 1646 3637; x_wconf 89' lang='lat' dir='ltr'>summo</span> <span class='ocrx_word' id='word_1_307' title='bbox 1702 3571 1914 3637; x_wconf 86' lang='lat' dir='ltr'>studio</span> <span class='ocrx_word' id='word_1_308' title='bbox 1968 3593 2251 3657; x_wconf 87' lang='lat' dir='ltr'>curaque</span> <span class='ocrx_word' id='word_1_309' title='bbox 2306 3573 2473 3638; x_wconf 90' lang='lat' dir='ltr'>didi-</span> 
     </span>
     <span class='ocr_line' id='line_1_38' title="bbox 410 3660 2472 3750; baseline 0.004 -25"><span class='ocrx_word' id='word_1_310' title='bbox 410 3660 600 3726; x_wconf 85' lang='lat' dir='ltr'>cisse:</span> <span class='ocrx_word' id='word_1_311' title='bbox 647 3660 814 3745; x_wconf 88' lang='lat' dir='ltr'>quae</span> <span class='ocrx_word' id='word_1_312' title='bbox 849 3662 1110 3745; x_wconf 89' lang='lat' dir='ltr'>quidem</span> <span class='ocrx_word' id='word_1_313' title='bbox 1145 3666 1248 3730; x_wconf 89' lang='lat' dir='ltr'>vel</span> <span class='ocrx_word' id='word_1_314' title='bbox 1283 3665 1542 3750; x_wconf 87' lang='lat' dir='ltr'>optimis</span> <span class='ocrx_word' id='word_1_315' title='bbox 1578 3666 1772 3731; x_wconf 92' lang='lat' dir='ltr'>rebus</span> <span class='ocrx_word' id='word_1_316' title='bbox 1810 3676 1875 3731; x_wconf 88' lang='lat' dir='ltr'>et</span> <span class='ocrx_word' id='word_1_317' title='bbox 1908 3666 2056 3731; x_wconf 87' lang='lat' dir='ltr'>usui</span> <span class='ocrx_word' id='word_1_318' title='bbox 2090 3677 2154 3732; x_wconf 90' lang='lat' dir='ltr'>et</span> <span class='ocrx_word' id='word_1_319' title='bbox 2189 3666 2472 3733; x_wconf 88' lang='lat' dir='ltr'>delecta-</span> 
     </span>
     <span class='ocr_line' id='line_1_39' title="bbox 409 3755 2472 3847; baseline 0.002 -27"><span class='ocrx_word' id='word_1_320' title='bbox 409 3755 568 3821; x_wconf 85' lang='lat' dir='ltr'>tioni</span> <span class='ocrx_word' id='word_1_321' title='bbox 611 3779 749 3822; x_wconf 88' lang='lat' dir='ltr'>esse</span> <span class='ocrx_word' id='word_1_322' title='bbox 795 3769 1085 3843; x_wconf 90' lang='lat' dir='ltr'>possent;</span> <span class='ocrx_word' id='word_1_323' title='bbox 1138 3757 1237 3840; x_wconf 80' lang='lat' dir='ltr'>his</span> <span class='ocrx_word' id='word_1_324' title='bbox 1285 3780 1437 3824; x_wconf 86' lang='lat' dir='ltr'>vero</span> <span class='ocrx_word' id='word_1_325' title='bbox 1491 3759 1885 3847; x_wconf 87' lang='lat' dir='ltr'>temporibus</span> <span class='ocrx_word' id='word_1_326' title='bbox 1931 3760 2245 3826; x_wconf 90' lang='lat' dir='ltr'>habemus</span> <span class='ocrx_word' id='word_1_327' title='bbox 2292 3761 2472 3827; x_wconf 90' lang='lat' dir='ltr'>aliud</span> 
     </span>
     <span class='ocr_line' id='line_1_40' title="bbox 408 3848 2471 3936; baseline 0.003 -23"><span class='ocrx_word' id='word_1_328' title='bbox 408 3848 594 3927; x_wconf 91' lang='lat' dir='ltr'>nihil,</span> <span class='ocrx_word' id='word_1_329' title='bbox 628 3850 699 3915; x_wconf 89' lang='lat' dir='ltr'>in</span> <span class='ocrx_word' id='word_1_330' title='bbox 733 3872 860 3935; x_wconf 90' lang='lat' dir='ltr'>quo</span> <span class='ocrx_word' id='word_1_331' title='bbox 897 3850 1403 3936; x_wconf 85' lang='lat' dir='ltr'>adquiescamus.</span> <span class='ocrx_word' id='word_1_332' title='bbox 1493 3853 1652 3922; x_wconf 91' lang='lat' dir='ltr'>nihil</span> <span class='ocrx_word' id='word_1_333' title='bbox 1686 3852 1921 3918; x_wconf 87' lang='lat' dir='ltr'>faciam</span> <span class='ocrx_word' id='word_1_334' title='bbox 1955 3853 2319 3932; x_wconf 86' lang='lat' dir='ltr'>insolenter,</span> <span class='ocrx_word' id='word_1_335' title='bbox 2357 3856 2471 3921; x_wconf 87' lang='lat' dir='ltr'>ne-</span> 
     </span>
     <span class='ocr_line' id='line_1_41' title="bbox 410 3944 2467 4033; baseline 0.004 -30"><span class='ocrx_word' id='word_1_336' title='bbox 410 3960 536 4021; x_wconf 91' lang='lat' dir='ltr'>que</span> <span class='ocrx_word' id='word_1_337' title='bbox 582 3953 645 4007; x_wconf 90' lang='lat' dir='ltr'>te</span> <span class='ocrx_word' id='word_1_338' title='bbox 690 3944 802 4008; x_wconf 91' lang='lat' dir='ltr'>tali</span> <span class='ocrx_word' id='word_1_339' title='bbox 848 3946 949 4010; x_wconf 82' lang='lat' dir='ltr'>vel</span> <span class='ocrx_word' id='word_1_340' title='bbox 995 3946 1260 4013; x_wconf 82' lang='lat' dir='ltr'>scientia</span> <span class='ocrx_word' id='word_1_341' title='bbox 1303 3948 1408 4013; x_wconf 86' lang='lat' dir='ltr'>vel</span> <span class='ocrx_word' id='word_1_342' title='bbox 1460 3958 1693 4013; x_wconf 85' lang='lat' dir='ltr'>natura</span> <span class='ocrx_word' id='word_1_343' title='bbox 1736 3948 2097 4033; x_wconf 88' lang='lat' dir='ltr'>praeditum</span> <span class='ocrx_word' id='word_1_344' title='bbox 2141 3948 2467 4023; x_wconf 88' lang='lat' dir='ltr'>hortabor,</span> 
     </span>
     <span class='ocr_line' id='line_1_42' title="bbox 408 4033 2466 4130; baseline 0.005 -34"><span class='ocrx_word' id='word_1_345' title='bbox 408 4041 482 4096; x_wconf 92' lang='lat' dir='ltr'>ut</span> <span class='ocrx_word' id='word_1_346' title='bbox 526 4033 610 4099; x_wconf 89' lang='lat' dir='ltr'>ad</span> <span class='ocrx_word' id='word_1_347' title='bbox 653 4058 759 4103; x_wconf 85' lang='lat' dir='ltr'>eas</span> <span class='ocrx_word' id='word_1_348' title='bbox 803 4050 867 4105; x_wconf 89' lang='lat' dir='ltr'>te</span> <span class='ocrx_word' id='word_1_349' title='bbox 911 4040 1148 4109; x_wconf 88' lang='lat' dir='ltr'>referas</span> <span class='ocrx_word' id='word_1_350' title='bbox 1194 4042 1376 4121; x_wconf 88' lang='lat' dir='ltr'>artis,</span> <span class='ocrx_word' id='word_1_351' title='bbox 1432 4042 1665 4128; x_wconf 88' lang='lat' dir='ltr'>quibus</span> <span class='ocrx_word' id='word_1_352' title='bbox 1711 4065 1751 4107; x_wconf 88' lang='lat' dir='ltr'>a</span> <span class='ocrx_word' id='word_1_353' title='bbox 1792 4043 2013 4129; x_wconf 84' lang='lat' dir='ltr'>primis</span> <span class='ocrx_word' id='word_1_354' title='bbox 2068 4042 2466 4130; x_wconf 89' lang='lat' dir='ltr'>temporibus</span> 
     </span>
    </p>
   </div>
   <div class='ocr_carea' id='block_1_4' title="bbox 2611 2975 2633 4093">
    <p class='ocr_par' dir='ltr' id='par_1_4' title="bbox 2611 2975 2633 4138">
     <span class='ocr_line' id='line_1_43' title="bbox 2630 2975 2633 3175; baseline 0 0"><span class='ocrx_word' id='word_1_355' title='bbox 2630 2975 2633 3175; x_wconf 74' lang='lat' dir='ltr'>l</span> 
     </span>
     <span class='ocr_line' id='line_1_44' title="bbox 2611 3448 2629 4093; baseline 0 -217"><span class='ocrx_word' id='word_1_356' title='bbox 2611 3448 2629 4093; x_wconf 57' lang='lat'><em>{</em></span> 
     </span>
    </p>
   </div>
  </div>
 </body>
</html>
