2675 4559
428 147 557 216 280
1034 157 1111 211 Μ.
1146 155 1426 214 'runnu
1459 137 1864 212 CICERONIS
1909 239 1916 247 .

430 283 652 372 gnari?
705 303 853 348 cum
895 278 1269 366 praesertim
1311 277 1486 346 idem
1527 277 1816 344 homines
1860 276 1951 342 illi
1996 287 2066 344 et
2111 277 2378 343 invidiae
2409 291 2460 344 et

430 369 625 438 exitio
652 367 906 434 fuerint.
962 365 1286 453 ‘plecteris
1314 363 1512 450 ergo,'
1546 363 1846 448 inquiunt
1881 363 2224 447 ‘quoniam
2247 363 2463 429 factum

426 467 719 524 nostrum
750 451 1092 538 inprobare
1127 445 1368 514 audes!
1439 471 1478 514 o
1513 449 1879 534 superbiam
1913 446 2298 526 inauditam,
2329 449 2466 513 alios

426 543 496 608 in
523 539 805 606 facinore
832 535 1114 623 gloriari,
1142 533 1281 600 aliis
1304 557 1389 602 ne
1417 535 1633 600 dolere
1659 533 1918 618 quidem
1942 534 2248 621 inpunite
2272 534 2465 601 licere!

428 638 499 694 at
530 625 691 691 haec
725 621 919 690 etiam
962 621 1164 687 servis
1206 642 1460 706 semper
1489 619 1693 687 libera
1725 619 2019 696 fuerunt,
2063 634 2138 685 ut
2180 621 2468 696 timerent,

428 710 815 800 gauderent,
870 707 1159 773 dolerent
1208 727 1324 770 suo
1376 705 1590 791 potius
1643 727 1838 790 quam
1887 705 2158 772 alterius
2206 705 2466 782 arbitri0;

432 819 599 882 quae
650 815 851 872 nunc,
904 804 979 858 ut
1020 791 1281 877 quidem
1324 789 1432 855 isti
1477 791 1770 856 dictitant
1814 790 2136 856 libertatis
2181 803 2466 866 auctores,

366 903 397 943 ι
433 893 611 947 metu
636 879 823 946 nobis
850 889 1226 962 extorquere
1252 887 1581 942 conantur.
1633 877 1750 941 sed
1783 876 1944 940 nihil
1978 887 2211 963 agunt.
2262 876 2469 940 nullius

433 988 741 1052 umquam
775 964 1043 1052 periculi
1075 961 1422 1030 terroribus
1457 961 1542 1028 ab
1577 961 1790 1028 officio
1825 973 1939 1027 aut
1973 963 2064 1027 ab
2101 961 2470 1026 humanitate

434 1052 812 1130 desciscam;
848 1071 1199 1133 numquam
1226 1047 1396 1114 enim
1430 1047 1764 1113 honestam
1789 1057 2066 1114 mortem
2101 1047 2470 1133 fugiendam,

435 1160 627 1223 saepe
662 1137 855 1203 etiam
890 1133 1317 1221 oppetendam
1358 1133 1600 1234 putavi.
1688 1133 1802 1198 sed
1836 1133 1996 1216 quid
2033 1132 2198 1198 mihi
2240 1153 2469 1198 suscen-

436 1234 605 1293 sent.
660 1222 715 1286 si
748 1220 817 1285 id
850 1229 1031 1306 opt0,
1085 1229 1159 1284 ut
1191 1227 1516 1304 paeniteat
1549 1239 1658 1284 eos
1703 1218 1803 1282 sui
1844 1219 2046 1284 facti?
2101 1219 2292 1310 cupio
2326 1217 2470 1284 enim

436 1307 734 1374 Caesaris
768 1315 1039 1370 mortem
1074 1303 1372 1370 omnibus
1408 1325 1548 1370 esse
1595 1304 1910 1370 acerbam.
2003 1312 2110 1369 ‘at
2146 1304 2344 1370 debeo
2375 1323 2470 1390 pro

436 1393 607 1458 civili
651 1401 834 1477 parte
876 1408 1013 1455 rem
1046 1389 1371 1475 publicam
1405 1389 1572 1456 velle
1607 1390 1892 1455 salvam?
1980 1389 2054 1454 id
2089 1389 2348 1476 quidem
2385 1411 2472 1452 me

436 1499 690 1566 cupere,
724 1476 851 1542 nisi
884 1485 952 1541 et
985 1485 1133 1542 ante
1169 1486 1314 1540 acta
1340 1476 1476 1540 vita
1499 1485 1566 1540 et
1597 1473 1845 1558 reliqua
1877 1497 2030 1542 mea
2065 1499 2218 1564 spes
2251 1483 2470 1541 tacente

376 1581 404 1622 5
437 1585 541 1630 me
575 1561 825 1649 probat,
861 1560 1133 1628 dicendo
1158 1561 1412 1628 vincere
1435 1581 1568 1626 non
1599 1561 1876 1646 postule.
1929 1583 2069 1645 qua
2093 1584 2168 1628 re
2193 1561 2470 1626 maiorem

436 1650 506 1716 in
536 1647 803 1714 modum
836 1658 903 1714 te
936 1665 1115 1733 rogo,
1148 1658 1225 1714 ut
1254 1669 1391 1714 rem
1427 1647 1738 1732 potiorem
1765 1647 2062 1714 oratione
2089 1648 2290 1712 ducas
2314 1643 2470 1710 mihi-

438 1757 587 1819 que,
624 1734 681 1800 si
714 1733 909 1800 sentis
945 1732 1248 1818 expedire
1280 1744 1452 1800 recte
1485 1732 1642 1809 fieri,
1680 1732 1902 1798 credas
1937 1733 2192 1800 nullam
2217 1752 2468 1798 commu-

438 1820 699 1886 nionem
742 1840 891 1884 cum
933 1817 1217 1904 inprobis
1252 1841 1393 1884 esse
1437 1839 1643 1904 posse.
1733 1841 1846 1895 an,
1899 1819 2082 1903 quod
2123 1818 2469 1893 adulescens

436 1903 755 2008 praestiti,
820 1927 965 1970 cum
1026 1904 1218 1969 etiam
1278 1926 1490 1970 errare
1542 1925 1688 1968 cum
1751 1905 2172 1972 excusatione
2225 1923 2465 2004 possem·

439 1990 508 2056 1d
540 2012 742 2068 nunc,
779 2000 987 2055 aetate
1030 1987 1476 2090 praecipitata,
1521 1999 1906 2054 commutem
1950 2012 2032 2056 ac
2077 2012 2184 2056 me
2225 2010 2357 2075 1pse
2387 2007 2467 2050 rc-

442 2075 693 2142 texam?
745 2096 875 2138 non
926 2073 1189 2151 famam,
1233 2095 1444 2159 neque
1488 2073 1663 2158 quod
1709 2073 2048 2175 displiceat
2085 2071 2464 2144 committam,

438 2169 885 2246 praeterquam
930 2158 1107 2242 quod
1148 2159 1426 2224 hominis
1477 2159 1636 2224 mihi
1690 2159 2200 2226 conlunctissimi
2251 2180 2322 2224 ac
2368 2154 2464 2220 viri

442 2243 814 2330 amplissimi
858 2243 1044 2308 doleo
1087 2266 1354 2330 gravem
1401 2267 1639 2310 casum.
1737 2246 1912 2328 quod
1957 2247 2014 2310 si
2061 2247 2248 2312 aliter
2291 2263 2464 2309 essem

442 2329 791 2405 animatus,
844 2349 1200 2412 numquam
1252 2331 1428 2413 quod
1471 2329 1752 2395 facerem
1803 2351 2143 2416 negarem,
2189 2353 2269 2396 ne
2311 2337 2369 2395 et
2409 2326 2466 2389 in

438 2413 766 2503 peccando
808 2413 1117 2500 inprobus
1152 2424 1219 2481 et
1262 2416 1331 2480 in
1367 2415 1828 2483 dissimulando
1873 2417 2142 2482 timidus
2182 2437 2258 2480 ac
2290 2432 2464 2478 vanus

380 2517 407 2559 ⁶
441 2499 855 2569 existimarer.
942 2506 1041 2564 ‘at
1080 2500 1267 2566 ludos
1280 2548 1299 2577 ,
1351 2522 1514 2584 quos
1559 2499 1858 2567 Caesaris
1903 2503 2209 2568 victoriae
2253 2497 2463 2566 Caesar

438 2587 815 2652 adulescens
850 2583 1022 2662 fecit,
1058 2585 1317 2652 curavi?
1373 2597 1440 2654 at
1471 2586 1541 2652 id
1565 2587 1652 2652 ad
1673 2588 1997 2673 privatum
2025 2587 2324 2661 officium,
2356 2603 2465 2647 non

438 2673 522 2738 ad
558 2682 797 2738 statum
838 2671 932 2738 rei
976 2671 1273 2759 publicae
1315 2672 1592 2758 pertinet
1599 2697 1620 2750 3
1674 2673 1848 2756 quod
1891 2684 2111 2740 tamen
2153 2691 2373 2738 munus
2410 2677 2462 2731 et

437 2756 713 2824 hominis
749 2757 1115 2824 amicissimi
1158 2759 1502 2824 memoriae
1537 2769 1729 2842 atque
1773 2757 2128 2826 honoribus
2169 2765 2461 2846 praestare

439 2843 633 2908 etiam
660 2842 896 2906 mortui
922 2842 1137 2922 debui,
1165 2855 1230 2909 et
1254 2843 1534 2931 optimae
1561 2842 1698 2930 spei
1725 2844 2121 2912 adulescenti
2149 2866 2226 2910 ac
2251 2837 2459 2928 dignis·

378 2941 403 2982 ⁷
438 2926 599 2992 simo
638 2923 915 2993 Caesare
950 2929 1190 3014 petenti
1224 2951 1461 3015 negare
1496 2952 1625 2995 non
1661 2930 1860 3015 potui.
1931 2931 2082 2998 veni
2117 2929 2304 2997 etiam
2333 2945 2458 2992 con·

439 3011 594 3076 sulis
614 3011 885 3076 Antonii
912 3012 1175 3078 domum
1210 3037 1401 3102 saepe
1435 3015 1754 3081 salutandi
1790 3039 2012 3094 causa3
2051 3017 2136 3082 ad
2161 3035 2343 3100 quem
2367 3006 2457 3106 qni

436 3117 540 3162 me
574 3119 802 3183 parum
884 3097 1080 3165 atriae
1117 3112 1440 3171 amantem
1475 3123 1614 3167 esse
1650 3101 2012 3167 existimant
2045 3098 2309 3188 rogandi
2339 3116 2453 3180 qul-

438 3183 587 3248 dem
623 3182 751 3268 aliq
796 3183 814 3200 ⁹
909 3195 1018 3249 aut
1052 3185 1385 3252 auferendi
1429 3207 1624 3252 causa
1657 3186 2010 3271 frequentis
2047 3185 2343 3253 ventitare
2373 3199 2454 3242 re·

436 3269 664 3354 peries.
720 3269 838 3336 sed
863 3291 1029 3354 quae
1063 3271 1222 3337 haec
1256 3283 1355 3337 est
1389 3271 1784 3358 adrogantia,
1821 3272 1996 3356 quod
2025 3271 2266 3338 Caesar
2293 3285 2450 3332 num-

438 3375 633 3436 quam
666 3352 799 3420 inte
877 3355 1114 3434 ellavit,
1151 3357 1328 3440 quin,
1367 3358 1600 3442 quibus
1627 3358 1859 3423 vellem
1886 3368 2078 3460 atque
2106 3357 2290 3424 etiam
2314 3369 2449 3437 ‘1110S

434 3438 574 3523 ipse
600 3460 731 3504 non
756 3377 1083 3526 dffigebat,
1118 3452 1333 3508 tamen
1358 3443 1436 3508 iis
1463 3454 1693 3520 uterer,
1731 3463 1862 3521 eos,
1891 3465 2005 3528 qur
2029 3443 2184 3508 mihi
2208 3439 2447 3506 amicum

436 3524 838 3623 eripuerunt,
872 3527 1193 3612 carpendo
1225 3551 1330 3594 me
1366 3529 1621 3594 efficere
1655 3529 1902 3608 conari,
1937 3553 2042 3608 ne,
2075 3549 2232 3614 quos
2265 3521 2446 3592 velim,

378 3621 405 3662 8
440 3608 742 3695 dihgam?
776 3611 890 3678 sed
923 3633 1055 3677 non
1090 3634 1314 3680 vereor
1346 3637 1430 3680 ne
1465 3625 1577 3680 aut
1609 3635 1793 3682 meae
1829 3615 1999 3682 vitae
2031 3610 2328 3680 modestia
2352 3626 2448 3690 pa·

434 3716 579 3760 rum
614 3695 887 3764 valitura
920 3699 1002 3763 sit
1044 3697 1113 3764 in
1153 3710 1480 3786 posterum
1525 3710 1746 3766 contra
1787 3701 1983 3768 falsos
2017 3718 2314 3771 rumores,
2355 3695 2444 3754 aut

434 3798 517 3846 ne
553 3780 744 3847 etiam
776 3780 851 3860 ii,
894 3784 1006 3870 qui
1040 3805 1143 3850 me
1186 3807 1316 3852 non
1352 3797 1569 3851 amant
1597 3798 1858 3888 propter
1891 3811 2100 3854 meam
2139 3785 2208 3850 in
2239 3778 2443 3877 Caesa·

432 3886 570 3928 rem
596 3870 1035 3946 constantiam,
1070 3892 1199 3936 non
1234 3870 1458 3938 malint
1491 3895 1617 3938 me1
1645 3894 1841 3957 quam
1868 3873 1969 3939 sui
2002 3871 2212 3938 similis
2237 3877 2436 3932 am10⁰⁸

434 3946 689 4016 habere.
742 3953 901 4020 mihi
926 3954 1187 4041 quidem
1213 3957 1267 4022 si
1294 3967 1512 4044 optata
1541 3957 1932 4046 contingent,
1969 3957 2138 4045 quod
2162 3952 2434 4036 reliquum
