2675 4559
1851 1 2541 101 ,’*.*'“'‘''12','5*”W-—'''
2588 6 2593 9 “

2178 48 2317 115 *tq*
2356 74 2425 115 ,⁸¹³

507 247 638 314 248
1122 257 1196 312 Μ.
1235 255 1513 314 TULLII
1546 255 1951 315 CICERONIS

507 407 649 450 rem
689 383 1013 470 publicam
1057 379 1441 447 beneficium
1485 403 1617 446 uon
1658 380 1903 449 nullam
1938 379 2175 446 habeat
2217 380 2523 463 querelam.

379 479 384 484 ’
509 478 688 564 quod
718 498 874 544 vero
906 499 946 540 a
979 487 1076 553 te,
1117 475 1254 540 viro
1291 475 1563 561 optimo,
1612 474 1918 540 seductus⁴
1964 483 2063 540 est
2098 485 2335 558 tuoque
2363 472 2524 538 bene·

505 573 652 638 ficio
699 571 912 637 adhuc
945 569 1106 636 vivit
1145 569 1308 636 haec
1352 569 1577 656 pestis,
1630 568 1981 645 interdum,
2033 568 2213 652 quod
2256 566 2403 632 mihi
2440 566 2526 630 vix

507 667 607 732 fas
643 676 760 744 est,
793 664 914 732 tibi
947 663 1338 734 subirascor:
1382 662 1547 728 mihi
1586 662 1757 730 enim
1787 662 2031 749 negotii
2077 662 2227 749 plus
2258 658 2526 745 reliquisti

507 761 620 826 uni
671 783 872 846 quam
909 771 1166 848 praeter.
1205 781 1310 826 me
1356 755 1674 824 omnibus.
1762 769 1836 824 ut
1878 759 2051 824 enim
2102 757 2378 845 prinum
2412 767 2526 842 post

506 856 778 922 Antonii
839 855 1284 922 foedissimum
1346 854 1703 922 discessum
1763 865 2023 920 senatus
2086 852 2310 918 haberi
2362 850 2525 918 libere

506 951 746 1036 potuit,
792 950 878 1016 ad
909 950 1092 1016 illrum
1125 949 1413 1015 animum
1444 971 1663 1016 mem
1695 948 1931 1014 reverti
1963 947 2331 1034 pristinum,
2370 967 2527 1030 quem

507 1057 580 1110 tu
615 1067 766 1110 cum
801 1045 926 1111 civi
959 1046 1268 1112 acerrimo
1283 1094 1302 1122 ‚
1336 1055 1520 1131 patre
1553 1054 1689 1123 tue,
1722 1044 1791 1109 in
1822 1065 1933 1110 ore
1969 1055 2035 1110 et
2068 1067 2287 1110 amore
2318 1063 2527 1126 semper

508 1140 807 1206 habuisti.
897 1163 1047 1205 nam
1079 1161 1232 1206 cum
1279 1149 1573 1204 senatum
1608 1161 1667 1203 a.
1704 1138 1769 1204 d.
1800 1161 1931 1204 xm.
1967 1138 2308 1205 Kalendas
2334 1136 2527 1202 Ianua-

506 1234 636 1298 rias
669 1233 910 1300 tribuni
943 1234 1031 1318 pl.
1059 1233 1465 1300 vocavissent
1500 1233 1711 1318 deque
1745 1232 1871 1298 alia
1896 1255 1967 1298 re
2000 1233 2333 1309 referrent,
2366 1239 2525 1294 totam

505 1350 642 1393 rem
685 1327 1016 1414 publicam
1049 1349 1196 1392 sum
1229 1327 1587 1412 conplexus
1634 1326 1867 1414 egique
1902 1327 2217 1394 acerrime
2250 1335 2524 1392 senatum·

505 1441 632 1505 que
673 1421 804 1485 iam
845 1421 1262 1508 languentem
1297 1433 1365 1487 et
1408 1420 1735 1488 defessum
1769 1422 1857 1488 ad
1898 1422 2237 1508 pristinam
2270 1420 2523 1486 virtutem

505 1513 1166 1600 consuetudinemque
1215 1515 1517 1582 revocavi
1562 1515 1773 1602 magis
1827 1515 2028 1582 enimi
2081 1538 2277 1602 quam
2324 1508 2523 1600 ingenii

503 1609 768 1675 viribus.
820 1608 927 1676 hic
961 1609 1097 1675 dies
1131 1632 1404 1696 meaque
1440 1611 1761 1689 contentio
1789 1623 1981 1696 atque
2020 1612 2189 1678 actio
2224 1629 2394 1696 spem
2421 1603 2521 1692 pri·

501 1726 682 1769 mum
715 1704 956 1790 populo
984 1703 1278 1772 Romano
1315 1706 1527 1772 attulit
1560 1704 1868 1770 libertatis
1904 1704 2399 1793 recuperandae3
2428 1717 2518 1764 nec

503 1819 660 1865 vero
699 1798 838 1883 ipse
889 1809 1113 1886 postea
1163 1811 1420 1886 tempus
1436 1877 1443 1886 ἱ
1462 1800 1667 1864 ullum
1710 1799 2024 1872 intermisi
2070 1801 2152 1866 de
2193 1823 2265 1865 re
2306 1792 2519 1884 publiea

435 1948 441 1954 .
503 1913 635 1958 non
679 1892 1004 1979 cogitandi
1051 1895 1286 1970 solum,
1342 1891 1456 1960 sed
1502 1893 1695 1959 etiam
1741 1893 1994 1980 agendi.
2090 1892 2264 1978 quod
2305 1887 2413 1956 nisi
2441 1905 2517 1950 res

502 1987 784 2054 urbanas
839 1991 1110 2072 actaque
1163 1988 1379 2053 omnia
1432 1988 1515 2054 ad
1567 1999 1631 2054 te
1680 1987 1950 2073 perferri
2004 1989 2367 2061 arbitrarer,
2412 1981 2517 2065 ipse

500 2081 994 2166 perscriberem,
1043 2102 1439 2165 quamquam
1485 2105 1659 2147 eram
1702 2082 1997 2148 maximis
2044 2075 2516 2169 occupationibus

499 2175 843 2260 inpeditus.
927 2175 1050 2241 sed
1088 2175 1198 2241 illa
1243 2197 1595 2262 cognosces
1640 2199 1722 2242 ex
1767 2177 1907 2242 aliis
1916 2202 1936 2256 ;
1990 2201 2031 2242 a
2066 2199 2175 2244 me
2215 2193 2427 2262 pauca,
2470 2174 2515 2229 θῐ
2608 2209 2611 2254 ι

500 2289 579 2332 ea
611 2269 980 2334 summatim
993 2294 1014 2332 z
1055 2268 1375 2336 habemus
1404 2270 1639 2338 fortem
1673 2284 1988 2350 senatum,
2028 2267 2367 2339 consularis
2397 2279 2510 2350 par·

500 2362 618 2428 tim
652 2361 940 2440 timidos,
983 2363 1221 2448 partim
1261 2364 1433 2430 male
1476 2366 1827 2432 sentientis.
1914 2389 2226 2454 magnum
2260 2364 2513 2428 damnum

498 2456 744 2522 factum
779 2465 876 2521 est
909 2456 978 2521 in
1007 2454 1258 2523 Servio.
1312 2457 1395 2522 L.
1418 2455 1665 2524 Caesar
1688 2461 1927 2547 optime
1964 2463 2181 2539 sentit,
2216 2457 2343 2533 sed,
2374 2445 2511 2537 (1¹10d

497 2549 854 2617 avunculus
891 2562 1018 2629 est,
1063 2573 1196 2616 non
1231 2553 1575 2618 acerrimas
1609 2553 1761 2619 dicit
1808 2557 2179 2624 sententias.
2264 2543 2510 2616 consules

497 2645 742 2731 egregii
751 2671 770 2724 3
805 2647 1170 2733 praeclarus
1205 2645 1296 2712 D.
1329 2647 1605 2726 Brutus3
1642 2650 1941 2736 egregius
1975 2673 2144 2737 puer
2180 2645 2421 2715 Caesar,
2448 2634 2509 2700 (10
2604 2647 2606 2718 ἶ

496 2762 626 2824 quo
679 2761 866 2826 spero
917 2740 1216 2825 equidem
1258 2741 1526 2826 reliqua.
1623 2742 1747 2809 hoc
1793 2766 1947 2810 vero
2001 2756 2249 2813 certum
2296 2735 2507 2804 habet&
2604 2721 2607 2864 l

494 2834 620 2899 nisi
679 2835 786 2899 ille
849 2846 1186 2900 veteranos
1247 2836 1536 2902 celeriter
1595 2838 2079 2926 conscripsisset
2144 2835 2507 2924 legionesque
2602 2921 2604 2926 .

495 2926 664 2991 duae
697 2926 778 2992 de
815 2928 1102 2994 exercitu
1138 2929 1411 2996 Antonii
1444 2930 1529 2995 ad
1574 2931 1711 2996 eius
1748 2955 1817 2998 se
1853 2935 2294 3000 auctoritatem
2326 2931 2507 2990 contu-
2602 2935 2604 3004 ζ

491 3019 714 3084 lissent
744 3031 940 3104 atque
975 3022 1032 3086 is
1066 3024 1397 3108 oppositus
1432 3036 1598 3090 esset
1632 3037 1835 3092 terror
1868 3025 2187 3104 Antonio,
2220 3019 2367 3089 nihil
2394 3015 2504 3080 An·
2602 3011 2604 3030 ³

491 3111 740 3178 tonium
791 3115 1077 3192 sceleris,
1130 3117 1290 3182 nihil
1345 3119 1735 3186 crudelitatis
1788 3123 2277 3206 praeteriturum
2323 3110 2501 3179 fuisse·
2602 3045 2605 3169 l

491 3206 654 3273 haec
687 3208 828 3286 tibi,
859 3210 980 3274 etsi
1013 3210 1236 3276 audita
1261 3235 1403 3278 esse
1430 3212 1804 3291 arbitrabar,
1841 3216 2017 3280 volui
2055 3229 2265 3282 tamen
2296 3203 2499 3273 notiora
2600 3207 2602 3254 Ξ

491 3323 649 3368 esse.
737 3303 924 3389 plura
959 3306 1254 3384 scribam,
1291 3307 1345 3371 si
1380 3306 1527 3392 plus
1561 3307 1673 3372 otii
1708 3308 2013 3375 habuero.

1400 3540 1627 3597 XXIX.

1239 3641 1358 3697 Scr.
1381 3660 1528 3698 anno
1547 3643 1779 3702 incerto.

1133 3742 1411 3800 CICERO
1446 3746 1682 3803 APPIO
1720 3747 1884 3804 SAL.

611 3861 719 3928 De
763 3885 908 3928 meo
951 3863 1164 3931 studio
1207 3889 1367 3954 erga
1408 3869 1685 3936 salutem
1718 3881 1783 3936 et
1824 3870 2315 3938 incolumitatem
2345 3869 2488 3924 tuam

482 3953 672 4060 cretio
707 3969 770 4020 te
807 3979 1117 4044 cognosse
1153 3983 1235 4026 ex
1267 3963 1495 4028 litteris
1532 3975 1809 4044 tuorum,
1844 3967 2083 4051 quibus
2114 3985 2215 4030 me
2246 3945 2487 4024 cumula-

481 4055 720 4112 t1ss1me
737 4050 900 4115 satis
925 4051 1156 4120 fecisse
1183 4066 1357 4122 certo
1386 4057 1538 4134 scic,
1568 4080 1689 4125 nec
1713 4059 1791 4126 iis
1817 4062 2120 4140 conced0,
2148 4051 2484 4144 quamquam
