2675 4559
711 296 1268 353 EPISTOLARUM
1299 298 1371 354 V.
1410 300 1459 353 7.
1479 301 1531 353 8.
2068 290 2152 354 97

143 420 412 504 quaedam
453 428 668 505 pestes
711 418 1046 485 hominum
1087 420 1278 486 laude
1325 420 1534 487 aliena
1582 422 1935 489 dolentium
1978 436 2043 491 et
2090 438 2155 492 te

143 538 241 580 uon
270 535 616 598 numquam
648 536 688 578 a
721 536 826 580 me
863 514 1222 581 alienarunt
1255 527 1321 581 et
1354 538 1461 591 me
1500 516 1843 600 aliquando
1875 518 2157 585 inmuta-

140 620 256 675 runt
285 609 413 675 tibi.
483 608 604 675 sed
638 610 878 675 exstitit
909 620 1162 695 tempus
1197 620 1491 695 optatum
1526 611 1683 677 mihi
1714 613 1923 699 magis
1959 636 2154 698 quam

141 716 438 790 speratum,
474 714 550 768 ut
583 703 1050 771 florentissimis
1084 704 1214 769 tuis
1239 706 1435 771 rebus
1459 728 1607 771 mea
1638 708 1913 793 perspici
1938 721 2153 794 posset

142 810 188 863 et
207 798 490 864 memoria
515 808 776 863 nostrae
795 798 1138 864 voluntatis
1157 810 1222 865 et
1249 799 1569 865 amicitiae
1592 800 1784 867 fides:
1813 824 1959 867 sum
1980 802 2150 867 enim

141 902 472 957 consecutus
515 912 654 956 non
685 891 880 956 modo
913 902 989 956 ut
1032 891 1260 958 domus
1295 905 1411 959 tua
1444 905 1609 972 tota,
1655 894 1770 960 sed
1802 905 1876 959 ut
1922 906 2151 961 cuncta

141 986 318 1050 civitas
350 1007 453 1050 me
487 986 614 1049 tibi
648 985 1103 1051 amicissimum
1135 1009 1278 1055 esse
1311 999 1745 1074 cognosceret.
1832 988 2049 1072 itaque
2088 1001 2151 1053 et

141 1080 638 1162 praestantissima
674 1080 960 1144 omnium
997 1080 1413 1159 feminarum,
1448 1103 1615 1147 uxor
1646 1090 1781 1159 tua,
1818 1092 1884 1147 et
1918 1081 2152 1145 eximia

141 1171 354 1256 pietate,
385 1172 626 1237 virtute
639 1219 660 1249 ,
695 1174 904 1259 grafia
938 1174 1033 1239 tui
1071 1170 1291 1239 Crassi
1325 1175 1507 1239 meis.
1522 1174 1831 1251 consiliis,
1874 1174 2149 1249 monitis,

143 1265 320 1329 studiis
346 1266 834 1349 actionibusque
859 1267 1172 1344 nituntur,
1207 1279 1273 1333 et
1298 1279 1559 1334 senatus
1594 1268 2001 1353 populusque
2016 1266 2152 1333 Ro-

141 1379 320 1423 manus
349 1358 670 1446 intellegit
696 1361 816 1425 tibi
843 1361 1092 1426 absenti
1117 1361 1274 1426 nihil
1303 1385 1443 1427 esse
1478 1372 1612 1426 tam
1645 1372 2013 1447 promptum
2040 1370 2152 1427 aut

142 1462 240 1515 tam
275 1465 563 1537 paratum
609 1476 809 1538 quam
841 1456 909 1519 in
945 1455 1240 1520 omnibus
1274 1456 1468 1521 rebus
1481 1502 1501 1533 ,
1536 1477 1701 1539 quae
1738 1455 1823 1520 ad
1856 1466 1922 1523 te
1954 1455 2151 1541 perti-

139 1557 311 1622 neant,
343 1568 610 1635 operam
623 1596 644 1625 ,
683 1570 930 1627 curam,
968 1548 1395 1635 diligentiam,
1440 1550 1883 1614 auctoritatem
1917 1571 2147 1615 meam.

142 1659 266 1720 quae
293 1640 411 1705 sint
443 1654 596 1707 acta
633 1664 928 1727 quaeque
963 1654 1269 1729 agantur,
1303 1641 1797 1707 domesticorum
1830 1642 1947 1706 tibi
1980 1642 2149 1707 litte-
2184 1667 2211 1705 3

141 1732 204 1795 ris
229 1733 516 1800 declarari
551 1748 746 1821 puto:
784 1735 864 1801 de
897 1759 1004 1801 me
1031 1736 1125 1801 sic
1151 1735 1475 1801 existimes
1504 1756 1581 1800 ac
1613 1735 1729 1798 tibi
1764 1736 2150 1819 persuadeas

142 1826 494 1894 vehementer
545 1830 776 1907 velim,
833 1851 966 1895 non
1016 1852 1120 1895 me
1173 1828 1507 1915 repentina
1558 1828 1773 1912 aliqua
1823 1828 2150 1893 voluntate

143 1932 222 1984 aut
253 1921 500 1988 fot-mito
547 1924 640 1987 ad
688 1935 868 1989 tuam
911 1924 1403 2009 amplitudinem
1444 1923 1605 1988 meis
1638 1921 1867 1988 officiis
1910 1922 2152 2008 ample-

141 2015 381 2081 ctendam
412 2018 744 2095 incidisse,
779 2018 924 2093 sed,
959 2029 1035 2082 ut
1067 2018 1349 2103 primum
1381 2017 1593 2081 forum
1628 2015 1969 2103 attigerim,
2006 2038 2151 2101 spe-

139 2118 297 2175 ctasse
335 2134 624 2198 semper,
677 2122 750 2178 ut
792 2112 910 2178 tibi
952 2133 1208 2197 possem
1254 2134 1450 2196 quam
1497 2111 1775 2176 maxime
1822 2132 1963 2179 esse
1999 2131 2150 2175 con-

62 2286 64 2293 Ι
137 2200 339 2269 iunctus
347 2230 366 2283 3
408 2227 539 2289 quo
597 2205 859 2288 quidem
905 2227 987 2271 ex
1029 2216 1316 2292 tempore
1363 2204 1671 2273 memoria
1714 2214 1902 2270 teneo
1936 2225 2149 2287 neque

62 2314 66 2383 Ἰ
139 2315 302 2361 meam
331 2298 442 2363 tibi
468 2298 955 2365 observantiam
980 2320 1189 2383 neque
1219 2298 1377 2363 mihi
1406 2310 1584 2363 tuam
1610 2302 1927 2365 summam
1956 2298 2150 2363 bene-

141 2390 425 2457 volentiam
453 2414 532 2459 ac
573 2393 1019 2460 liberalitatem
1059 2394 1359 2459 defuisse.
1413 2394 1468 2459 si
1495 2416 1660 2478 quae
1694 2391 2151 2459 interciderunt

141 2503 233 2546 uon
264 2494 384 2550 tam
425 2510 496 2553 re
535 2508 740 2571 quam
784 2487 1134 2573 suspitione
1167 2488 1433 2565 violata,
1482 2510 1589 2563 ea,
1632 2508 1783 2551 cum
1814 2486 2054 2551 fuerint
2087 2497 2151 2551 et

141 2574 264 2641 falsa
292 2591 350 2644 et
380 2581 625 2657 inania,
665 2580 790 2646 sint
823 2582 1042 2646 evolsa
1076 2603 1158 2647 ex
1193 2580 1369 2645 omni
1400 2581 1712 2647 memoria
1743 2579 2002 2663 vitaque
2034 2598 2151 2643 no-

144 2680 260 2748 stra3
289 2672 340 2737 is
373 2674 546 2739 enim
584 2685 656 2738 tu
683 2675 783 2739 vir
809 2696 878 2741 es
906 2685 972 2741 et
995 2697 1147 2739 eum
1169 2698 1275 2740 me
1303 2696 1445 2740 esse
1472 2673 1685 2759 cupio,
1719 2683 1811 2749 ut,
1848 2671 2150 2755 quoniam

143 2761 190 2825 in
216 2766 414 2833 eadem
448 2770 546 2834 rei
583 2767 884 2853 publicae
917 2778 1212 2854 tempora
1242 2768 1607 2844 incidimus,
1643 2765 2151 2833 coniunctionem

146 2857 566 2946 amicitiamque
593 2873 879 2926 nostram
905 2862 1160 2946 utrique
1183 2872 1476 2927 nostrum
1508 2860 1687 2925 laudi
1714 2881 1965 2945 sperem
1990 2856 2148 2923 fore.

145 2968 294 3030 quam
323 2955 405 3019 ob
436 2977 584 3020 rem
626 2964 730 3033 tu,
781 2967 1094 3040 quantum
1137 2967 1250 3021 tuo
1283 2954 1523 3021 iudicio
1563 2953 1976 3021 tribuendum
2010 2974 2149 3018 esse
2184 2973 2210 3013 4

145 3042 286 3111 nobis
315 3059 526 3133 putes,
582 3059 823 3115 statues
857 3050 994 3135 ipse
1031 3060 1127 3126 et,
1170 3061 1245 3115 ut
1277 3070 1498 3135 spero,
1542 3059 1781 3115 statues
1818 3070 1899 3113 ex
1932 3058 2151 3111 nostra

145 3134 432 3222 dignitate3
468 3164 596 3230 ego
624 3164 778 3209 vero
801 3143 919 3208 tibi
952 3143 1254 3228 profiteor
1285 3154 1482 3225 atque
1515 3142 1819 3227 polliceor
1846 3140 2152 3205 eximium

145 3241 190 3291 et
215 3232 511 3319 singulare
547 3258 766 3303 meum
799 3237 1084 3302 studium
1128 3238 1197 3303 in
1232 3236 1409 3302 omni
1441 3256 1677 3320 genere
1710 3232 1935 3308 officii,
1978 3232 2153 3314 quod

147 3322 206 3385 ad
231 3325 616 3396 honestatem
649 3342 714 3397 ct
746 3331 1017 3417 gloriam
1051 3342 1228 3396 tuam
1263 3340 1529 3416 spectet.
1616 3327 1686 3392 in
1719 3346 1867 3410 quc,
1903 3325 2151 3390 etiamsi

147 3418 288 3483 multi
325 3445 578 3489 mecum
623 3424 1038 3502 contendent,
1082 3435 1300 3491 tamen
1334 3445 1485 3490 eum
1527 3421 1788 3507 reliquis
1833 3418 2149 3493 omnibus,

148 3518 250 3575 tum
279 3512 520 3583 Crassis
559 3518 688 3583 tuis
720 3518 1074 3594 iudicibus,
1119 3517 1328 3583 omnis
1373 3516 1561 3582 facile
1598 3514 1913 3600 superabo
1924 3538 1943 3591 3
1990 3533 2151 3599 quos

149 3603 360 3680 quidem
394 3632 516 3697 ego
553 3612 746 3677 ambo
779 3611 968 3677 unice
1003 3610 1224 3697 diligo,
1260 3609 1402 3687 sed,
1436 3610 1507 3675 in
1539 3608 1841 3675 Marcum
1875 3607 2153 3672 benevo-

149 3690 302 3765 lentia
345 3706 511 3789 pari,
562 3705 686 3771 hoc
733 3705 942 3793 magis
995 3726 1139 3771 sum
1181 3704 1421 3771 Publio
1468 3704 1751 3780 deditus,
1802 3701 1976 3786 quod
2026 3721 2151 3775 me,

151 3805 490 3879 quamquam
533 3822 572 3864 a
613 3799 887 3885 pueritia
929 3821 1067 3865 sua·
1091 3820 1373 3885 semper,
1426 3808 1643 3865 tamen
1692 3796 1817 3861 hoc
1866 3806 2151 3877 tempore

151 3886 380 3955 maxime
428 3892 592 3959 sieut
642 3894 914 3959 alterum
959 3903 1292 3979 parentem
1347 3902 1413 3957 et
1458 3891 1755 3956 observat
1808 3898 1873 3953 et
1924 3885 2150 3971 diligit.

155 3968 240 4039 ¹1⁸⁸
268 3979 492 4051 litteras
526 3988 716 4053 velim
759 3986 1084 4053 existimes
1129 3986 1407 4052 foederis
1449 3983 1779 4049 habituras
1812 4002 1955 4046 esse
1998 3980 2149 4057 vim,
2186 4000 2211 4039 5

158 4076 597 4217 Βῡηαὲρὴιοίαε,
623 4102 882 4167 ·meque
917 4105 1022 4158 ea,
1076 4100 1244 4165 quae
1279 4080 1399 4145 tibi
1440 4076 1745 4166 promitto
1764 4096 1857 4230 ‘lac
1888 4075 2149 4161 recipio,

339 4178 428 4221 onis
445 4181 522 4224 vol.
538 4182 606 4226 lx.
