2675 4559
480 202 607 269 120
1014 247 1023 255 .
1095 212 1171 265 M.
1210 209 1482 267 TULLn
1517 208 1917 268 CICERONIS

478 361 644 422 quae
677 360 808 403 non
840 335 1158 422 prodeunt
1189 333 1257 397 in
1284 332 1517 410 aeiem3
1554 355 1678 398 usu
1711 343 1923 399 autem
1950 355 2264 401 armorum
2296 346 2354 400 et
2383 336 2479 400 mi-
2607 252 2610 386 l

478 435 666 499 litum
706 431 935 497 robore
986 426 1317 494 inferiores
1361 448 1634 493 eramus.
1723 427 1837 492 sed
1881 439 1950 492 tu
2004 427 2184 493 illum
2233 430 2478 494 animum
2608 420 2609 434 ¹

479 547 651 592 nuno
683 524 936 600 adhibe,
972 542 1230 607 quaese,
1266 540 1395 606 quo
1421 543 1524 586 me
1549 531 1688 585 tum
1714 543 1854 587 esse
1880 533 2169 607 oportere
2196 523 2479 589 censebas

419 638 448 677 6
479 621 640 685 haee
674 639 753 685 eo
787 617 1029 702 scripsi,
1063 615 1239 700 quod
1271 614 1428 679 mihi
1461 614 1881 700 Philargyrus
1916 627 2066 681 tuus
2098 617 2306 682 omnia
2332 617 2402 683 de
2430 628 2480 682 te

480 713 825 798 requirenti
868 709 1239 776 fidelissimo
1282 709 1527 786 animo,
1577 721 1652 774 ut
1693 709 1850 774 mibi
1895 711 2154 792 quidem
2196 711 2356 776 visus
2387 722 2480 787 est,

479 807 761 872 narravit
807 816 871 871 te
905 803 1227 870 interdum
1272 801 1612 868 sollicitum
1649 803 1850 870 solere
1884 825 2027 870 esse
2059 804 2479 873 vehementius:
2606 869 2609 875 .

478 901 655 986 quod
700 900 911 966 faeere
956 919 1087 964 non
1130 897 1328 964 debes
1363 918 1484 963 neo
1527 897 1820 964 dubitare
1865 899 2020 982 quin
2056 911 2169 965 aut
2208 901 2401 986 aliqua
2427 923 2480 964 re
2602 903 2610 970 ‘5³

480 995 739 1081 publiea.
783 994 871 1059 sis
913 993 969 1059 is
1006 992 1292 1068 futurus,
1345 992 1457 1076 qui
1500 1014 1641 1058 esse
1677 992 1902 1070 debes,
1955 1005 2066 1059 aut
2108 995 2345 1080 perdita
2379 1016 2479 1059 non
2607 1035 2610 1046 ·

481 1088 832 1154 adflictiore
884 1086 1256 1153 condicione
1308 1108 1505 1169 quam
1555 1087 1767 1152 ceteri.
1808 1143 1826 1150 -
1871 1087 1996 1153 hoe
2048 1109 2196 1156 vero
2248 1101 2478 1174 tempus,

478 1203 609 1265 quo
634 1181 981 1247 exanimati
1015 1201 1237 1246 omnes
1262 1189 1327 1245 et
1352 1179 1646 1265 suspensi
1680 1202 1920 1258 sumus,
1957 1181 2081 1248 hoe
2105 1182 2478 1251 moderatiore

482 1277 693 1341 animo
738 1275 905 1341 ferre
950 1273 1145 1339 debes
1158 1321 1176 1350 ,
1230 1273 1406 1358 quod
1440 1283 1506 1339 et
1546 1274 1615 1338 in
1655 1275 1816 1341 urbe
1850 1298 1929 1341 ea
1961 1299 2060 1353 es,
2114 1277 2225 1342 ubi
2264 1287 2400 1342 nata
2432 1284 2479 1338 et

479 1370 607 1434 alta
642 1381 739 1433 est
771 1368 932 1433 ratio
959 1389 1035 1432 ae
1056 1366 1410 1432 moderatio
1435 1367 1624 1444 vitae,
1661 1378 1725 1434 et
1758 1369 1957 1436 habes
1985 1369 2127 1436 Ser.
2147 1369 2478 1457 Sulpicium,

478 1483 672 1545 quem
706 1483 959 1548 semper
999 1461 1188 1526 unioe
1222 1460 1529 1536 dilexisti,
1575 1462 1686 1546 qui
1720 1474 1783 1528 te
1817 1464 2108 1549 profecto
2143 1478 2203 1530 et
2246 1465 2481 1530 benevo-
2606 1514 2609 1518 Α

477 1555 757 1621 volentia
791 1567 856 1621 et
899 1555 1210 1641 sapientia
1244 1554 1635 1633 consolatur,
1680 1557 1862 1623 euius
1896 1558 1952 1622 si
1997 1582 2275 1626 essemus
2307 1569 2364 1625 et
2391 1580 2481 1622 au·
2607 1553 2610 1561 ⁴

478 1649 832 1716 ctoritatem
876 1660 942 1716 et
990 1649 1324 1716 eonsilium
1378 1649 1606 1727 secuti,
1661 1651 1860 1736 togati
1913 1653 2132 1737 potius
2181 1651 2482 1740 potentiam
2607 1700 2610 1707 .

416 1754 442 1794 ‘1
477 1765 671 1829 quam
716 1743 942 1811 armati
987 1744 1316 1809 victoriam
1369 1742 1780 1809 subissemus.
1870 1747 1988 1810 sed
2030 1747 2189 1813 haee
2235 1744 2482 1832 longiora
2607 1764 2610 1801 τ

475 1835 746 1902 fortasse
788 1837 1075 1914 fuerunt,
1130 1859 1325 1922 quam
1367 1857 1630 1902 neeesse
1673 1837 1825 1914 fuit3
1876 1838 2027 1918 ina,
2046 1839 2062 1848 ’
2078 1862 2241 1925 quae
2279 1839 2482 1904 maiora
2607 1858 2610 1895 τ

477 1941 644 2007 sunt,
680 1930 939 1996 brevius
974 1952 1309 2016 exponam.
1401 1951 1523 2016 ego
1557 1930 1794 2008 habe0,
1828 1932 1946 1997 eui
1991 1934 2137 2019 plus
2173 1955 2354 2018 quam
2390 1930 2481 1997 tibi

475 2023 765 2100 debeam,
797 2022 1143 2100 neminem3
1180 2025 1416 2106 quibus
1451 2035 1702 2090 tantum
1733 2024 2077 2106 debebam,
2111 2039 2398 2113 quantum
2426 2035 2480 2088 tu
2608 2078 2609 2083 ,

474 2117 821 2202 intellegis,
874 2132 986 2181 eos
1036 2116 1225 2182 huius
1277 2119 1434 2183 mihi
1478 2119 1629 2184 belli
1673 2141 1860 2186 casus
1908 2122 2164 2208 eripuit.
2244 2122 2348 2207 qui
2385 2119 2480 2185 sim
2594 2140 2609 2177 κ

473 2221 690 2287 autem
738 2207 865 2274 hoe
913 2221 1226 2296 tempore,
1276 2212 1610 2299 intelleg03
1665 2214 1780 2279 sed
1822 2215 1978 2300 quia
2020 2239 2207 2283 nemo
2250 2226 2339 2282 est
2374 2226 2481 2279 tam
2598 2267 2599 2271 ,

473 2302 792 2380 adflictus,
843 2304 1028 2386 quin,
1073 2305 1129 2369 si
1161 2304 1319 2370 nihil
1355 2307 1529 2373 aliud
1564 2308 1819 2374 studeat
1853 2309 1981 2375 nisi
2017 2311 2116 2391 id,
2161 2311 2324 2397 q'uod
2355 2306 2478 2394 agit,
2598 2336 2601 2392 ᾳ

472 2396 671 2483 possit
712 2417 951 2462 navare
984 2397 1227 2482 aliquid
1262 2410 1327 2466 et
1362 2401 1646 2479 efficere,
1681 2423 1872 2469 omne
1907 2427 2133 2471 meum
2167 2403 2476 2476 eonsilium,

471 2510 761 2575 operam,
804 2491 1085 2557 studium
1119 2503 1292 2560 uerte
1321 2493 1517 2564 velim
1552 2495 1879 2562 existimes
1918 2498 2039 2564 tibi
2076 2500 2320 2584 tuisque
2349 2496 2478 2561 libe-
2598 2524 2599 2527 ¹

470 2582 559 2651 ris
594 2604 735 2653 esse
769 2584 1074 2655 debitum.

1449 2821 1528 2877 11.

920 2919 1036 2976 Ser.
1056 2923 1297 2979 Asturae
1317 2942 1507 2979 mense
1527 2927 1778 2997 Aprilia.
1798 2945 1852 2982 u.
1873 2946 1921 2982 e.
1943 2929 2063 2984 709.

900 3022 975 3075 Μ.
1015 3022 1286 3079 CICERO
1324 3025 1380 3081 S.
1416 3026 1489 3080 D.
1525 3028 1597 3081 A.
1635 3028 2078 3095 TORQUATO.

408 3155 433 3194 1
594 3141 759 3208 Peto
795 3164 835 3209 a
868 3154 929 3210 te
963 3166 1046 3210 ne
1080 3167 1184 3211 me
1218 3157 1407 3232 putes
1431 3149 1748 3216 oblivione
1783 3153 1878 3216 tui
1911 3155 2115 3220 rarius
2144 3154 2225 3219 ad
2259 3164 2318 3218 te
2349 3149 2474 3216 seri·

465 3236 645 3312 bere,
692 3257 886 3322 quam
928 3239 1243 3317 solebam,
1291 3241 1408 3306 sed
1441 3252 1554 3306 aut
1587 3245 1900 3328 gravitate
1936 3244 2339 3322 valetudinis,
2370 3263 2475 3326 qua

462 3340 679 3395 tamen
728 3330 859 3396 iam
909 3333 1175 3417 paulum
1221 3333 1449 3400 videor
1495 3337 1725 3414 levari,
1780 3350 1892 3403 aut
1943 3341 2118 3424 q-uod
2168 3340 2361 3406 absim
2406 3332 2472 3398 ab

461 3422 650 3498 urbe,
705 3433 805 3498 ut,
858 3424 968 3506 qui
1019 3425 1103 3490 ad
1155 3437 1218 3492 te
1270 3428 1781 3512 proficiscantur,
1844 3433 2005 3499 seire
2059 3457 2189 3499 non
2236 3429 2471 3520 posdm3

462 3536 594 3599 qua.
614 3536 686 3580 re
700 3515 905 3580 velim
937 3517 1031 3581 ita
1051 3529 1365 3585 statutum
1397 3521 1656 3599 habeas,
1693 3547 1796 3591 me
1822 3526 1918 3591 tui
1954 3526 2318 3594 memoriam
2349 3541 2472 3589 eum

444 3624 713 3699 ,summa
744 3607 1185 3678 benevolentia
1208 3623 1428 3680 tenere
1453 3625 1724 3702 tuasque
1750 3619 1958 3686 omnis
1989 3643 2090 3686 res
2124 3643 2251 3686 non
2272 3611 2471 3683 minori

400 3715 426 3755 2
460 3699 618 3766 mihi
660 3723 851 3768 curae
893 3723 1088 3787 quam
1131 3727 1307 3772 meas
1352 3731 1512 3775 esse.
1601 3713 1777 3795 quod
1809 3713 2046 3780 maiore
2094 3715 2162 3779 in
2196 3712 2468 3780 varietate

457 3806 711 3862 versata
746 3807 844 3861 est
870 3797 1081 3864 adhue
1113 3809 1225 3866 tua
1250 3822 1463 3881 eausa,
1501 3825 1698 3888 quam
1730 3807 2020 3876 homin-es
2057 3819 2174 3874 aut
2203 3805 2470 3873 volebant

459 3897 571 3951 aut
612 3889 1064 3974 opinabantur,
1105 3893 1265 3960 mihi
1307 3897 1524 3974 oredo,
1568 3921 1701 3966 non
1745 3913 1842 3968 est
1880 3924 1998 3989 peto
2031 3901 2213 3968 malis
2246 3911 2467 3982 tempo-

457 3999 600 4044 rum
649 3984 822 4066 quod
857 3986 1141 4057 moleste-
1193 3989 1392 4070 feras3
1453 4013 1714 4062 neeesse
1767 4008 1865 4064 est
1916 3999 2083 4065 enim
2135 4007 2242 4062 aut
2298 3986 2462 4058 armis
