2675 4559
671 244 1228 304 EPIsTuLaRUM
1264 244 1360 300 Ἦ.
1400 248 1620 300 14—15.
2048 232 2172 300 139

167 372 296 438 nihil
334 370 605 437 alienum
646 369 1134 436 necessitudine
1155 379 1376 434 nostra
1414 368 1794 452 iudiciisque
1836 368 2034 454 patris
2077 371 2175 434 tui

168 468 231 532 de
256 488 367 542 me,
402 463 632 529 summi
664 463 810 530 viri:
848 486 997 528 nam
1025 462 1121 526 sic
1152 461 1411 539 habeto,
1445 461 1898 528 beneficiorum
1923 465 2174 549 magni-

165 559 347 624 tudine
380 579 519 635 eos,
556 557 667 641 qui
700 557 1093 642 temporibus
1128 556 1498 633 valuerunt,
1524 559 1567 641 ,Τ
1599 571 1674 620 ut
1705 554 1985 632 valeant,
2019 577 2173 620 con-

163 653 462 717 iunctiores
496 661 709 717 tecum
744 672 885 715 esse
920 672 1115 734 quam
1150 672 1285 727 me,
1328 649 1797 715 necessitudine
1829 649 2170 715 neminem.

163 767 321 831 quam
344 746 427 810 ob
457 768 599 812 rem
630 754 817 830 grata
848 744 1005 808 mihi
1033 756 1131 808 est
1164 755 1230 809 et
1262 744 1570 808 memoria
1603 754 1718 808 tua
1738 753 1994 809 nostrae
2021 764 2172 808 con-

161 838 455 904 iunctionis
491 850 555 903 et
590 839 726 904 eius
760 838 952 903 etiam
987 837 1322 924 augendae
1359 838 1676 902 voluntas.

1034 1073 1252 1128 XVIII.

536 1175 655 1232 Ser.
676 1175 890 1230 Romae
909 1193 1099 1230 mense
1117 1174 1381 1230 Ianuario
1403 1192 1452 1230 a.
1474 1192 1528 1229 u.
1553 1191 1601 1228 c.
1625 1175 1743 1229 709.

829 1268 1103 1334 CICERO
1138 1274 1449 1332 LEPTAE

165 1418 171 1423 ·
259 1398 451 1467 Simul
513 1412 711 1485 atque
764 1401 984 1486 accepi
1034 1424 1074 1465 a
1128 1397 1401 1466 Seleuco
1455 1412 1566 1464 tuo
1617 1400 1890 1477 litterae,
1953 1401 2168 1464 statim
2205 1423 2228 1461 1

63 1524 66 1542 ι
159 1494 397 1577 quaesivi
422 1518 458 1560 e
484 1495 701 1560 Balbo
729 1517 846 1581 per
872 1494 1213 1572 codiciHos,
1249 1494 1407 1578 quid
1435 1504 1601 1560 esset
1634 1495 1703 1557 in
1736 1495 1908 1579 lege:
1945 1495 2170 1560 rescri-

63 1603 66 1630 ]
157 1588 254 1672 psit
283 1609 400 1667 eos,
436 1589 548 1672 qui
586 1588 872 1654 facerent
903 1587 1336 1674 praeconium,
1373 1587 1578 1652 vetari
1604 1609 1742 1652 esse
1777 1589 1846 1651 in
1881 1588 2170 1654 decurio-

157 1681 324 1758 nibus,
356 1683 464 1765 qui
497 1682 827 1760 fecissent,
862 1703 995 1747 non
1027 1680 1248 1747 vetari.
1319 1702 1450 1765 qua
1483 1703 1552 1744 re
1588 1680 1758 1744 bono
1794 1680 2005 1744 animo
2042 1683 2168 1746 sint

65 1807 66 1832 ι
160 1786 205 1838 et
231 1775 312 1840 tui
341 1786 402 1841 et
423 1777 549 1842 mei
589 1776 933 1851 familiares
945 1801 965 1853 3
999 1796 1211 1859 neque
1240 1775 1411 1839 enim
1439 1783 1577 1839 erat
1608 1773 1965 1852 ferendum,
2000 1795 2167 1850 cum,

65 1954 68 1956 q
159 1869 241 1949 qui
260 1869 433 1935 hodie
459 1870 939 1956 haruspicinam
966 1869 1270 1946 facerent,
1304 1868 1373 1933 in
1401 1878 1694 1932 senatum
1719 1866 1967 1934 Romae
1994 1867 2169 1953 lege-

67 1964 79 1989 ’·
159 1974 350 2042 rentur,
382 1986 509 2041 eos,
544 1965 666 2048 qui
690 1963 1032 2048 aliquando
1068 1962 1480 2050 praeconium
1513 1961 1833 2038 fecissent,
1867 1961 1935 2026 in
1961 1961 2168 2025 muni-

161 2055 298 2139 cipiis
321 2058 694 2125 decuriones
722 2082 860 2124 esse
896 2080 1025 2123 non
1059 2059 1270 2124 licere.
1324 2058 1405 2122 de
1432 2056 1766 2142 Hispaniis
1799 2057 1950 2122 novi
1972 2056 2164 2120 nihil:
2201 2078 2227 2116 2

159 2169 412 2235 magnum
462 2163 688 2218 tamen
739 2152 1089 2219 exercitum
1139 2151 1528 2237 Pompeium
1588 2150 1826 2216 habere
1887 2160 2163 2229 constat3

158 2265 272 2307 nam
302 2243 534 2312 Caesar
568 2247 713 2332 ipse
748 2247 833 2312 ad
868 2269 1018 2312 suos
1053 2246 1247 2311 misit.
1263 2246 1628 2331 exemplum
1662 2244 1962 2311 Paciaeci
1996 2246 2166 2311 litte-

69 2336 70 2339 ’
159 2359 353 2418 rarum,
388 2342 468 2406 ‘in
512 2363 649 2426 quo
689 2353 862 2417 erat,
914 2342 1057 2407 illas
1099 2365 1183 2405 XI.
1233 2364 1372 2406 esse
1424 2341 1728 2427 legiones.
1826 2339 2166 2426 scripserat

162 2430 309 2496 etiam
335 2434 649 2501 Messalla
678 2434 763 2518 Q.
796 2433 1054 2502 Salasso
1081 2435 1161 2499 P.
1186 2432 1484 2499 Curtium
1515 2434 1780 2500 fratrem
1814 2433 1950 2499 eius
1982 2434 2166 2500 iussu

160 2520 401 2612 Pompeii
440 2531 846 2616 inspectante
880 2529 1165 2595 exercitu
1206 2529 1642 2606 interfectum,
1691 2529 1864 2612 quod
1899 2549 2166 2594 consen-

162 2616 301 2684 sisset
347 2644 487 2689 cum
537 2623 848 2709 Hispanis
901 2623 1316 2707 quibusdam,
1371 2623 1427 2687 si
1476 2623 1544 2686 in
1589 2622 1898 2707 oppidum
1949 2621 2163 2686 nescio

163 2712 293 2791 quod
305 2712 649 2804 Pompeius
684 2718 776 2782 rei
802 2717 1257 2783 frumentariae
1284 2738 1480 2782 causa
1504 2717 1800 2792 venisset,
1840 2736 1988 2779 eum
2012 2735 2165 2779 con-

163 2806 497 2893 prehendere
544 2811 634 2877 ad
672 2809 1144 2897 Caesaremque
1188 2811 1526 2876 deducere.
1615 2810 1694 2874 de
1740 2820 1849 2874 tuo
1882 2808 2163 2895 negotio,
2196 2828 2223 2867 s

165 2900 294 2977 quod
321 2925 587 2989 sponsor
618 2926 690 2970 es
724 2928 841 2991 pro
875 2905 1209 2991 Pompei0,
1246 2905 1303 2970 si
1340 2902 1556 2971 Galba
1589 2924 1981 2989 consponsor
2015 2912 2164 2967 tuus

163 2993 396 3076 redierit,
435 3000 634 3065 homo
677 2999 745 3064 in
788 3023 858 3066 re
902 2999 1201 3065 familiari
1244 3022 1376 3065 non
1418 3021 1650 3086 parum
1683 2999 1988 3083 diligens,
2033 3018 2164 3062 non

69 3160 70 3165 η
164 3083 397 3158 <lesinam
429 3114 583 3159 cum
615 3093 725 3158 illo
762 3094 1263 3172 communicare,
1318 3094 1372 3159 si
1408 3093 1564 3177 quid
1599 3091 1887 3179 expediri
1930 3091 2159 3176 possit:

68 3182 70 3232 j
164 3183 298 3259 quod
341 3187 674 3254 videbatur
733 3189 892 3252 mihi
948 3189 1056 3254 ille
1108 3189 1445 3254 confidere.
1553 3185 1896 3251 Oratorem
1945 3207 2163 3251 meum
2196 3205 2224 3243 4

67 3276 73 3355 ‚ff
165 3279 300 3339 tanto
330 3299 509 3366 opere
545 3306 590 3346 a
623 3293 689 3348 te
734 3283 992 3368 probari
1034 3283 1442 3348 vehementer
1484 3279 1765 3366 gaudeo:
1820 3277 1978 3342 mihi
2022 3278 2164 3361 qui-

67 3371 75 3453 ’ῗ
166 3362 277 3431 <lem
315 3373 397 3438 sic
442 3376 831 3462 persuadeo,
884 3400 1016 3453 me,
1071 3376 1379 3462 quicquid
1428 3372 1763 3438 habuerim
1812 3371 2032 3435 iudicii
2085 3370 2164 3435 de

168 3455 403 3543 dicendo,
434 3469 502 3535 in
534 3471 720 3535 illum
752 3471 990 3535 librum
1026 3470 1387 3537 contulisse.
1442 3468 1555 3553 qui
1588 3467 1642 3532 si
1677 3477 1774 3531 est
1806 3464 1972 3542 talis,
2007 3485 2165 3548 qua-

168 3547 262 3618 lem
282 3558 384 3624 tibi
408 3565 609 3631 videri
634 3566 878 3644 scribis,
916 3588 1037 3652 ego
1063 3587 1320 3649 quoque
1347 3562 1592 3655 aliquid
1617 3584 1761 3626 sum
1773 3585 1793 3640 ;
1826 3559 1924 3626 sin
1962 3558 2162 3634 aliter,

169 3664 265 3713 11011
298 3675 509 3724 recuso
554 3661 737 3744 quin,
792 3671 1103 3746 quantum
1149 3660 1229 3724 de
1271 3658 1382 3732 illo
1415 3654 1610 3733 libro,
1664 3653 2039 3720 tantundem
2083 3652 2164 3716 de

171 3743 265 3806 mei
292 3746 493 3816 iudicii
525 3754 700 3819 fama
734 3754 1120 3820 detrahatur.
1191 3752 1473 3839 Leptam
1505 3762 1796 3816 nostrum
1831 3747 2018 3833 cupio
2056 3746 2166 3811 de-

171 3831 347 3906 lectari
374 3845 499 3912 iam
540 3849 777 3916 talibus
822 3848 1103 3935 scriptis3
1158 3847 1277 3913 etsi
1323 3847 1504 3912 abest
1545 3844 1879 3910 maturitas
1916 3840 2162 3917 aetatis,

173 3935 344 4031 famen
380 3961 712 4023 personare
758 3944 929 4008 auris
974 3941 1110 4008 eius
1157 3941 1348 4006 huius
1384 3940 1560 4006 modi
1594 3937 1860 4003 vocibus
1893 3956 2025 4000 non
2069 3945 2164 4001 est

173 4024 367 4092 mutile.
447 4056 547 4101 me
581 4037 830 4102 Romae
876 4037 1081 4102 tenuit
1122 4035 1380 4101 omnino
1417 4033 1670 4099 Tulliae
1705 4051 1887 4097 meae
1921 4040 2162 4116 partus.
2199 4048 2225 4088 ⁵
