2675 4559
416 257 973 316 EPISTOLARUM
1006 259 1117 314 AD
1156 258 1240 324 Q.-
1260 259 1638 316 FRATREM
1673 261 1749 314 11.
1785 262 1838 316 4.
1863 263 1914 317 5.
2071 249 2203 316 447

126 384 389 450 terr-imo
427 383 501 449 ‘in
546 377 808 448 consilio
852 381 1223 448 defuerunt:
1281 382 1498 467 itaque
1550 385 1877 450 hominem
1919 387 2198 472 populus

124 489 389 546 revocat
424 489 488 544 et
532 476 892 543 retrahatur
934 498 1196 542 necesse
1233 489 1350 544 est.
1437 500 1570 544 non
1605 478 1778 544 enim
1822 479 2038 544 ferunt
2079 480 2198 546 ho·

125 573 354 650 mines,
392 583 454 637 et
488 571 675 655 quia,
718 593 867 636 cum
901 570 1076 656 apud
1112 593 1261 637 suos
1298 571 1568 648 diceret,
1614 595 1820 659 paene
1856 573 2199 640 damnata-s
2278 583 2280 585 ’

124 677 253 743 est,
298 666 521 732 vident
566 666 959 732 damna-tum.
1060 688 1139 730 ea
1182 666 1327 752 ipsa
1366 665 1434 731 in
1481 689 1550 733 re
1585 666 1884 754 Pompeii
1927 667 2198 735 offensio

124 762 317 828 nobis
370 761 617 840 obstitit
626 786 645 839 ;
710 772 1078 826 senatorum
1136 762 1309 828 enim
1375 785 1538 828 urna
1591 763 1848 849 copiose
1903 763 2196 840 absolvit,

124 857 421 942 equitum
456 855 870 940 adaequavit,
918 855 1162 921 tribuni
1206 857 1436 922 aerarii
1471 857 1994 924 condemnarunt.
2083 860 2200 926 sed

124 953 253 1018 hoc
313 951 793 1016 incommodum
858 951 1269 1018 consolantur
1330 952 1688 1018 cotidianae
1757 953 2198 1020 damnationes

125 1047 563 1124 inimicorum,
600 1045 668 1110 in
702 1045 941 1130 quibus
976 1069 1081 1112 me
1116 1047 1494 1134 perlubente
1533 1045 1766 1113 Sevius
1803 1047 2044 1114 adlisus
2079 1059 2196 1124 est,

126 1140 329 1206 ceteri
366 1137 806 1206 conciduntur.
896 1137 978 1206 C.
1016 1138 1185 1206 Cato
1230 1142 1634 1208 contionatus
1670 1153 1794 1218 est,
1847 1165 1910 1206 se
1945 1141 2202 1208 comitia

126 1235 357 1302 haberi
388 1257 517 1301 non
546 1235 837 1313 siturum,
872 1236 928 1300 si
964 1236 1089 1301 sibi
1114 1259 1265 1302 cum
1290 1238 1530 1322 populo
1559 1235 1696 1302 dies
1726 1235 1960 1322 agendi
1989 1246 2202 1302 essent

129 1325 435 1416 exempti.
515 1329 773 1416 Appius
810 1353 851 1395 a
886 1327 1169 1396 Caesare
1204 1332 1494 1397 nondum
1528 1332 1822 1398 redierat.
1897 1341 2042 1396 tuas
2077 1329 2198 1396 mi-
2233 1345 2258 1386 ‘1
2339 1327 2344 1336 ’

127 1424 307 1490 rifice
340 1424 583 1489 litteras
618 1435 953 1510 exspecto:
992 1426 1171 1510 atqui
1206 1425 1422 1492 adhuc
1459 1428 1751 1492 clau-sum
1786 1447 1964 1492 mare
1997 1425 2198 1492 fuisse

130 1517 297 1596 scio,
334 1517 446 1583 sed
480 1517 795 1602 quosdam
831 1519 1083 1586 venisse
1130 1530 1347 1587 tamen
1385 1517 1578 1586 Ostia
1614 1519 1944 1596 dicebant,
1989 1518 2104 1602 qui
2139 1529 2201 1584 te

129 1611 321 1680 unice
372 1613 711 1682 laudarent
760 1613 1147 1700 plurimique
1200 1615 1269 1680 in
1320 1615 1652 1700 provincia
1701 1615 1840 1681 fieri
1888 1615 2175 1681 dicerent
2181 1638 2200 1690 3

132 1707 395 1774 eosdem
428 1707 689 1774 aiebant
729 1709 1027 1774 nuntiare
1072 1721 1137 1775 te
1182 1711 1390 1796 prima
1424 1709 1834 1796 navigatione
1869 1707 2202 1776 transmis-

130 1825 377 1870 surum.
446 1801 540 1894 ¹id
592 1804 781 1891 cupio
826 1814 923 1882 et,
974 1825 1370 1889 quamquam
1413 1816 1478 1870 te
1521 1804 1736 1889 ipsum
1779 1801 2020 1868 scilicet
2064 1824 2202 1868 ma-

131 1899 335 1976 xime,
380 1908 599 2056 {amen
640 1899 832 1964 etiam
878 1898 1119 1964 litteras
1166 1911 1312 1966 tuas
1347 1910 1494 1966 ante
1531 1908 1850 1984 exspecto.
1937 1895 2028 1962 mi
2071 1895 2203 1964 fra-

130 2004 257 2069 ter,
297 2015 379 2056 va
404 2015 459 2056 e.

1128 2229 1199 2286 V.

396 2331 512 2387 Sor.
531 2333 589 2386 in
608 2332 910 2404 Anagnino
931 2350 982 2388 a.
1004 2334 1057 2388 d.
1079 2331 1180 2388 VI.
1200 2331 1335 2388 Idus
1357 2332 1584 2404 Apriles
1605 2350 1657 2387 a.
1675 2351 1731 2387 u.
1753 2349 1800 2386 c.
1823 2332 1940 2388 698.

468 2434 781 2492 MARCUS
819 2434 1115 2501 QUINTO
1151 2435 1448 2491 FRATRI
1487 2434 1871 2493 SALUTEM.

261 2556 596 2624 Dederam
638 2558 720 2622 ad
766 2569 831 2624 te
872 2559 1115 2626 litteras
1162 2569 1384 2637 antea,
1430 2558 1665 2643 quibus
1711 2569 1848 2624 erat
1893 2555 2201 2641 scriptum
2239 2580 2262 2616 1

131 2652 421 2718 'Tulliam
454 2664 735 2726 nostram
772 2648 1142 2739 Crassipedi
1178 2675 1273 2738 pr.
1307 2653 1476 2718 Non.
1505 2653 1714 2738 April.
1753 2671 1892 2728 esse
1929 2650 2204 2732 despon-

134 2769 308 2824 sam,
362 2757 699 2830 ceteraque
748 2745 827 2812 de
863 2769 933 2812 re
978 2746 1239 2832 publica
1272 2747 1652 2831 privataque
1685 2741 2202 2830 perscripseram.

133 2854 364 2928 postea
398 2852 547 2906 sunt
581 2841 742 2906 haec
778 2849 949 2904 acta:
987 2839 1157 2904 Non.
1185 2839 1348 2926 Apr.
1387 2849 1646 2903 senatus
1681 2837 1972 2902 consulto
2006 2835 2206 2901 Pom-

134 2936 285 3022 peio
318 2935 595 3021 pecunia
631 2935 887 3001 decreta
920 2933 987 3000 in
1022 2955 1160 2998 rem
1204 2932 1690 2999 frumentariam
1725 2931 1808 2997 ad
1845 2929 1988 2998 HS.
2026 2952 2202 2997 cccc·

137 3029 257 3094 sed
292 3029 521 3095 eodem
558 3029 659 3096 die
695 3029 1105 3094 vehementer
1142 3039 1357 3092 actum
1393 3027 1474 3092 de
1510 3047 1666 3112 agro
1703 3023 2039 3111 Campano
2077 3024 2206 3089 cla-

136 3143 317 3188 more
366 3135 622 3190 senatus
664 3143 863 3208 prope
910 3121 1280 3187 contionali:
1330 3121 1638 3186 acriorem
1684 3140 1945 3185 causam
1988 3117 2206 3202 inopia

138 3215 453 3304 pecuniae
488 3215 769 3286 faciebat
803 3227 867 3282 et
902 3235 1196 3281 annonae
1232 3216 1483 3281 caritas,
1539 3237 1669 3280 non
1703 3211 2206 3299 praetermittam
2240 3236 2266 3274 2

139 3333 223 3376 ne
250 3308 413 3376 illud
430 3309 721 3392 quidem:
758 3309 858 3378 M.
875 3309 1153 3376 Furium
1167 3309 1499 3387 Flaccum,
1519 3309 1800 3394 equitem
1815 3307 2206 3380 Romanum,

139 3403 469 3472 hominem
500 3425 809 3488 nequam,
868 3401 1218 3490 Capitolini
1264 3413 1331 3470 et
1362 3403 1784 3470 Mercuriales
1820 3402 1902 3468 de
1937 3397 2206 3484 collegio

142 3501 489 3576 eiecerunt,
506 3509 938 3584 praesentem,
976 3498 1059 3563 ad
1089 3498 1286 3584 pedes
1315 3497 1508 3563 unius
1535 3497 1844 3580 cuiusque
1869 3495 2205 3563 iacentem.

144 3594 433 3660 exit-urus
503 3592 659 3680 [Vl.
702 3595 735 3658 1
750 3591 943 3680 -3.]
1018 3616 1074 3658 a.
1114 3593 1177 3658 d.
1212 3615 1344 3659 vm.
1387 3593 1548 3658 Idus
1592 3590 1837 3677 Aprilis
1887 3587 2210 3676 sponsalia

144 3687 520 3774 Crassipedi
554 3686 857 3774 praebui;
892 3688 1043 3754 huic
1077 3687 1370 3754 convivio
1405 3709 1568 3774 puer
1593 3685 1893 3772 optimus,
1923 3682 2206 3765 Quintus

145 3792 299 3848 tuus
332 3805 673 3867 meusque,
712 3783 887 3868 quod
918 3783 1261 3869 perleviter
1296 3792 1652 3848 commotus
1688 3781 1928 3855 filerat,
1973 3775 2205 3842 defuit:

146 3903 206 3943 a.
228 3875 292 3942 d.
318 3901 425 3943 vn.
446 3877 605 3945 Idus
622 3879 869 3964 Aprilis
897 3878 1047 3944 veni
1074 3879 1158 3944 ad
1185 3877 1503 3961 Quintum
1539 3896 1813 3959 eumque
1849 3873 1982 3939 vidi
2015 3872 2207 3958 plane

146 3974 493 4059 integrum,
530 3974 931 4058 multumque
966 3973 1021 4039 is
1048 3995 1303 4040 mecum
1332 3995 1692 4040 sermonem
1725 3970 1950 4039 habuit
1977 3981 2042 4036 et
2063 3989 2210 4055 per-

146 4068 505 4134 humanum
540 4069 621 4134 de
648 4067 979 4134 discordiis
1016 4069 1358 4136 mulierum
1389 4081 1770 4136 nostrarum.
1821 4064 1978 4151 quid
2011 4085 2210 4149 quae-
