2675 4559
497 220 624 284 202
1106 231 1182 285 M.
1223 229 1496 287 TULLII
1530 227 1930 285 CICERONIS

496 356 672 440 quod
732 353 967 421 sciunt:
1034 375 1155 440 ego
1208 352 1534 436 ceteroqui
1597 351 1809 416 animo
1863 373 2063 436 aequo
2111 351 2266 428 fel-03
2318 371 2473 416 unum

500 472 739 526 ret-eur,
774 472 856 515 ne
893 449 1077 514 hasta
1115 445 1413 514 Caesaris
1447 446 1782 513 refrixerit.

1473 597 1576 654 XI.

939 701 1057 759 Ser.
1074 701 1319 762 ‚Asturae
1337 717 1529 756 mense
1547 699 1752 757 Martio
1773 716 1825 755 a.
1843 716 1898 753 u.
1918 715 1963 755 c.
1985 699 2101 754 709.

1058 801 1334 860 CICERO
1368 801 1896 858 DOLABELLAE
1933 800 1989 858 S.

628 919 748 985 Vel
784 936 930 984 meo
964 917 1166 1004 ipsius
1201 917 1464 984 interitu
1498 915 1756 981 mallem
1799 915 2038 981 litteras
2081 936 2248 980 meas
2289 911 2482 977 deside-
2597 1003 2600 1013 .

499 1036 668 1080 mres
702 1034 899 1097 quam
935 1033 1012 1078 eo
1049 1033 1224 1088 casu,
1260 1032 1392 1096 quo
1421 1033 1563 1076 sum
1597 1010 1974 1096 gravissime
2005 1009 2308 1085 adflictus3
2339 1028 2482 1090 quem
2597 1070 2600 1078 Δ

500 1112 727 1172 serrem
782 1116 951 1174 certe
1006 1105 1426 1182 moderatius,
1491 1104 1544 1170 si
1597 1115 1661 1170 te
1713 1103 2038 1170 haberem.
2140 1125 2282 1168 nam
2325 1124 2402 1165 me
2441 1110 2484 1162 et
2597 1164 2600 1171 ,

500 1204 696 1264 aratio
744 1211 857 1265 tua
901 1199 1183 1285 prudens
1228 1210 1293 1264 et
1337 1220 1518 1263 amor
1562 1219 1718 1284 erga
1759 1221 1863 1264 me
1899 1197 2231 1285 singularis
2269 1195 2485 1260 multum
2590 1191 2600 1203 '⁴

496 1300 733 1360 levaret
745 1318 763 1370 3
800 1292 914 1359 sed
948 1293 1254 1376 quoniam
1290 1292 1471 1358 brevi
1504 1303 1813 1378 tempore,
1847 1305 1922 1357 ut
1949 1292 2161 1379 opinio
2187 1301 2380 1355 nost-ra
2401 1297 2485 1359 est,
2588 1286 2600 1362 f

500 1408 556 1452 te
596 1410 737 1452 raum
771 1385 1055 1464 visurus,
1099 1386 1191 1451 ita
1224 1408 1329 1452 me
1366 1384 1692 1451 adfectum
1729 1385 2048 1462 offendes,
2090 1383 2434 1454 ut‚multum
2461 1399 2488 1441 a
2598 1385 2599 1452 j

496 1496 556 1546 te
596 1480 834 1568 possim
867 1481 1105 1558 iuvari,
1151 1501 1283 1545 non
1328 1501 1455 1564 quo
1490 1479 1581 1545 ita
1616 1480 1738 1545 sim
1759 1480 2046 1557 fractus,
2087 1489 2160 1544 ut
2191 1489 2293 1543 aut
2330 1471 2487 1539 homi-
2597 1477 2600 1551 ζ

496 1600 644 1640 nem
700 1597 799 1641 me
853 1596 993 1641 esse
1039 1574 1275 1640 oblitus
1330 1574 1452 1638 sim
1499 1585 1611 1639 aut
1629 1574 1958 1641 *fortunae
1986 1569 2488 1640 succumbendum
2582 1570 2600 1658 j]

500 1684 746 1756 fustem,
800 1670 915 1737 sed
957 1680 1173 1736 tamen
1211 1668 1495 1733 hilaritas
1529 1669 1640 1734 illa
1673 1679 1892 1734 nostra
1926 1681 1993 1735 et
2028 1669 2320 1743 suavitas,
2364 1681 2488 1747 quae
2583 1660 2600 1739 ⁴¹]

500 1788 556 1832 ts
597 1775 848 1852 praeter
882 1773 1127 1831 ceteros
1164 1763 1551 1840 delectabat,
1589 1774 1809 1849 erepta
1842 1763 2004 1829 mihi
2038 1763 2238 1829 omnis
2271 1771 2370 1826 est.
2412 1755 2489 1820 flr-
2580 1759 2600 1821 13⁷

500 1864 782 1926 ufitzitem
818 1869 1034 1925 tamen
1072 1870 1137 1925 et
1169 1857 1613 1933 constantiam,
1649 1856 1704 1921 si
1740 1856 1934 1923 modo
1963 1857 2090 1923 fuit
2123 1850 2424 1940 aliquando
2443 1849 2488 1911 in
2580 1874 2588 1919 ;

440 1980 460 2016 ε
504 1956 706 2032 nabis,
744 1952 1015 2019 eandem
1052 1973 1433 2038 cognosces,
1471 1973 1665 2036 quam
1699 1951 2074 2036 reliquisti.·'
2125 1947 2290 2035 quod
2319 1942 2490 2048 scribis
2598 2015 2599 2032 ξ

500 2048 737 2132 17=rmelia
771 2057 836 2111 te
871 2067 1017 2111 mea
1052 2068 1249 2112 causa
1284 2046 1616 2123 sustinere,
1652 2067 1780 2111 non
1815 2057 1951 2111 tam
1985 2047 2054 2111 id
2087 2046 2314 2119 labor0,
2345 2050 2426 2114 ut,
2454 2057 2489 2098 Sl
2597 2107 2599 2119 ,

500 2144 603 2224 qui
644 2139 801 2219 mihi
826 2140 1201 2216 obtrectant,
1239 2163 1279 2204 a
1307 2150 1372 2206 te
1398 2139 1776 2217 refutentur,
1813 2161 2008 2224 quam
2034 2137 2309 2224 intellegi
2333 2131 2490 2218 cupio,
2597 2201 2600 2223 ἶ

500 2236 668 2316 quod
704 2243 875 2299 certe
917 2232 1337 2319 intellegitur,
1381 2255 1485 2299 me
1522 2257 1562 2298 a
1596 2245 1660 2300 te
1697 2233 1916 2299 amari.
2010 2234 2182 2319 quod
2215 2243 2283 2297 ut
2321 2227 2490 2298 facias,
2588 2229 2600 2321 J

500 2352 556 2392 ts
596 2328 785 2393 etiam
832 2337 1026 2410 atque
1072 2328 1265 2392 etiam
1299 2349 1459 2413 rogo
1494 2327 1920 2414 ignoscasque
1968 2327 2262 2395 brevitati
2305 2324 2492 2390 littera·
2586 2323 2600 2402 ἐ,

499 2448 636 2484 run]
682 2439 1000 2498 mearum3
1044 2443 1198 2486 nam
1244 2432 1309 2488 et
1354 2422 1644 2488 celeriter
1677 2446 1809 2488 una
1842 2423 2098 2489 futuros
2132 2444 2244 2487 nos
2279 2416 2493 2484 arbitror
2597 2414 2600 2494 ζ

496 2532 552 2580 et
596 2513 880 2580 nendum
915 2539 1051 2580 sum
1087 2515 1239 2580 satis
1277 2515 1687 2606 confirmatus
1725 2516 1808 2581 ad
1843 2517 2266 2584 scribendum.
2598 2515 2599 2520 ’

1454 2666 1588 2722 XII.

821 2768 939 2826 Sor.
959 2770 1018 2824 in
1033 2769 1350 2826 Puteolano
1369 2785 1559 2825 mense
1577 2769 1880 2826 Decembri
1897 2787 1950 2826 a.
1970 2788 2027 2826 u.
2048 2787 2096 2826 c.
2119 2770 2232 2826 709.

1093 2870 1371 2928 CICERO
1406 2870 1951 2929 DOLABELLAE.

628 2984 933 3052 Gratulor
962 2985 1142 3051 Baiis
1176 2986 1432 3064 nostris,
1470 2987 1524 3051 si
1560 2986 1840 3072 quidem,
1875 2996 1950 3051 ut
1985 2986 2228 3062 scribis,
2262 2980 2494 3049 salubres
2594 2951 2599 2990 [Ξ

492 3088 753 3164 repente
787 3077 999 3146 factae
1035 3090 1214 3155 sunt,
1249 3079 1375 3145 nisi
1409 3079 1574 3146 forte
1607 3091 1671 3146 te
1708 3090 1926 3146 amant
1962 3091 2028 3146 et
2062 3079 2179 3144 tibi
2212 3077 2496 3143 adsentan·
2598 3112 2599 3115 =

496 3195 596 3236 tur
632 3184 696 3236 et
728 3182 863 3239 tam
898 3173 1031 3250 diu,
1068 3173 1224 3239 dum
1259 3184 1330 3241 tu
1368 3173 1542 3252 ades,
1581 3184 1730 3238 sunt
1765 3174 2000 3240 oblitae
2038 3173 2169 3251 sui3
2198 3169 2359 3257 quod
2389 3161 2496 3248 qui·
2594 3186 2595 3194 ¹

496 3268 640 3332 dem
680 3267 731 3332 si
765 3269 857 3334 ita
891 3279 1008 3346 est,
1044 3268 1305 3334 minime
1340 3267 1538 3333 miror
1571 3269 1821 3334 caelum
1856 3268 2051 3334 etiam
2086 3278 2150 3334 et
2183 3278 2368 3332 terras
2396 3257 2494 3322 vim

436 3388 456 3424 ε
496 3386 696 3440 suam,
735 3362 792 3427 si
826 3362 944 3427 tibi
979 3363 1070 3427 ita
1104 3361 1472 3438 conveniat,
1511 3362 1846 3430 dimittere.
1934 3360 2380 3427 oratiunculam
2409 3368 2495 3437 pro

495 3456 835 3532 Deiotaro,
870 3477 1067 3542 quam
1101 3456 1503 3542 requirebas,
1539 3455 1860 3522 habebam
1895 3479 2178 3532 mecum,
2212 3448 2372 3538 quod
2398 3463 2496 3510 non

492 3568 815 3632 putaram:
851 3550 1069 3634 itaque
1106 3572 1251 3616 eam
1285 3550 1404 3615 tibi
1438 3550 1610 3628 misi3
1646 3571 1844 3636 quam
1877 3551 2070 3617 velim
2106 3551 2196 3615 sic
2228 3549 2416 3632 legas,
2442 3545 2497 3600 Ut

496 3668 563 3708 [ea
576 3668 753 3712 usam
795 3656 1053 3712 tenuem
1099 3657 1165 3711 et
1206 3645 1465 3732 inopem
1516 3667 1637 3712 nec
1683 3646 2024 3733 scriptione
2076 3662 2306 3729 magno
2345 3649 2496 3720 opere
2594 3650 2595 3655 ’

492 3744 774 3828 dignam.
864 3742 979 3808 sed
1031 3763 1155 3828 ego
1199 3741 1434 3828 hospiti
1486 3742 1688 3808 veteri
1734 3754 1798 3808 et
1851 3743 2054 3808 amico
2097 3732 2497 3804 munusculum

492 3840 743 3904 mittere
759 3838 927 3904 volui
950 3836 1277 3905 levidense
1305 3858 1520 3904 crasso
1547 3835 1677 3914 filo,
1708 3838 1888 3903 cuius
1915 3835 2088 3902 modi
2113 3832 2306 3920 ipsius
2331 3825 2497 3892 solent

496 3952 632 3992 esse
668 3952 952 3996 munera.
1005 3942 1077 3996 tu
1101 3931 1295 3998 velim
1331 3930 1544 3996 animo
1573 3931 1843 4016 sapienti
1876 3929 2152 4013 fortique
2186 3927 2286 4001 sis,
2319 3930 2383 3987 ut
2411 3926 2498 3979 tua

492 4024 841 4089 insulsi-atio
878 4037 941 4090 et
976 4027 1256 4111 gravitas
1294 4026 1564 4092 aliorum
1598 4025 1866 4093 infamet
1897 4023 2208 4093 iniuriam.
