2675 4559
477 236 1036 297 EPISTOLARUM
1067 236 1178 293 AD
1218 236 1287 305 Q.
1321 238 1702 296 FRATREM
1735 240 1783 295 1.
1818 241 1873 295 2.
2076 228 2208 295 431

136 368 282 453 ipsa
315 364 710 447 loqueretur,
745 359 966 428 obstiti
999 360 1136 427 eius
1165 360 1445 428 sermoni
1468 373 1535 429 et
1566 362 1898 432 hominem
1920 364 1990 433 in
2024 363 2211 433 fami-

135 460 484 527 liaritatem
519 456 751 543 recepi.
821 467 952 524 tua
972 466 1189 523 autem
1221 478 1395 541 quae
1427 456 1623 524 fuerit
1654 458 1975 546 cupiditas
2010 470 2211 537 tanta,

4 584 6 617 ;
135 553 392 631 nescio,
413 551 616 663 ‘quod
659 550 886 617 scribis
923 548 1177 636 cupisse
1211 562 1309 627 te,
1346 552 1654 637 quoniam
1690 551 2011 639 Smyrnae
2046 552 2209 621 duos

135 650 375 735 Mysos
409 646 714 713 insuisses
739 646 810 711 in
835 646 1110 723 culeum,
1147 646 1409 713 simile
1390 670 1457 713 m
1480 648 1809 733 superiore
1839 658 2027 735 parte
2060 670 2210 735 pro-

4 802 6 805 ,
135 742 392 811 vinciae
429 742 618 825 edere
667 740 1034 829 exemplum
1067 740 1426 808 severitatis
1472 752 1621 809 tuae
1657 752 1722 809 et
1762 742 2001 809 idcirco
2039 742 2209 808 Zeu-

133 840 274 905 xim
331 823 562 905 elicere
613 836 789 903 omni
839 836 1084 905 ratione
1138 835 1450 914 voluisse,
1503 858 1703 921 quem
1746 836 2161 907 adductum
2140 860 2209 905 ιιι

133 931 454 999 iudicium
484 930 759 1001 fortasse
787 930 1020 1001 dimitti
1051 952 1184 997 non
1209 942 1601 1017 oportuerat,
1636 930 1929 1017 conquiri
1961 952 2115 997 vero
2144 943 2209 997 et

4 1088 8 1093 ,
135 1027 286 1095 elici
331 1026 656 1091 blanditiis
671 1072 691 1103 ‚
746 1036 822 1091 ut
863 1035 935 1091 tu
979 1024 1236 1101 scribis,
1289 1025 1375 1093 ad
1416 1025 1729 1093 iudicium
1770 1046 2032 1095 necesse
2078 1046 2212 1091 non

4 1183 8 1188 ,
133 1122 286 1198 fuit,
321 1143 476 1187 eum
512 1119 890 1207 praesertim
921 1118 1270 1197 hominem,
1305 1142 1499 1206 quem
1534 1141 1657 1207 ego
1676 1131 1741 1187 et
1767 1143 1853 1187 ex
1886 1119 2019 1187 suis
2054 1118 2213 1185 civi-

138 1216 268 1280 bus
311 1226 378 1281 et
411 1235 494 1281 ex
527 1214 747 1279 multis
785 1214 926 1281 aliis
959 1214 1192 1281 cotidie
1227 1214 1437 1302 magis
1472 1236 1791 1301 cognosco
1827 1213 2206 1282 nobiliorem

4 1370 12 1378 .
135 1332 286 1377 esse
320 1330 522 1395 prope
556 1329 754 1393 quam
787 1308 1116 1376 civitatem
1151 1332 1361 1375 suam.
1415 1317 1513 1375 ‘at
1544 1310 1719 1379 enim
1764 1306 2035 1377 Graecis
2058 1307 2212 1375 solis
2246 1330 2271 1371 ε

133 1402 490 1489 indulgeo.’
576 1401 772 1487 quid?
806 1401 890 1468 L.
931 1400 1292 1471 Caecilium
1326 1426 1543 1471 nonne
1578 1403 1754 1471 omni
1793 1404 2041 1473 ratione
2072 1402 2215 1490 pla-

7 1548 9 1551 ι
137 1497 326 1567 cavi?
359 1518 554 1582 quem
587 1496 942 1564 homineml
981 1518 1114 1583 qua
1145 1497 1270 1567 irai
1307 1513 1449 1584 'quo
1483 1497 1743 1585 spiritu!
1797 1519 1993 1583 quem
2024 1497 2247 1565 deni-,1

133 1614 271 1678 que
304 1602 562 1678 praeter
595 1591 1020 1671 Tuscenium,
1071 1594 1256 1661 euius
1297 1616 1497 1661 causa
1544 1594 1761 1664 sanari,
1800 1616 1935 1663 non
1976 1606 2207 1681 potest,

135 1710 272 1753 non
309 1685 640 1773 mitigavi?
690 1708 840 1755 ecce
876 1710 1073 1775 supra
1107 1700 1300 1774 caput
1339 1689 1537 1755 homo
1570 1689 1733 1755 levis
1773 1710 1853 1756 ac
1890 1686 2207 1764 sordidus,

4 1822 7 1831 ÷
137 1781 260 1849 sed
305 1792 522 1849 tamen
565 1781 849 1869 equestri
895 1803 1123 1860 censu,
1166 1780 1511 1851 Catienus:
1565 1784 1761 1849 etiam
1800 1783 1859 1849 is
1902 1782 2177 1851 lenietur
2187 1806 2207 1861 3

7 1926 10 1931 -
137 1878 328 1945 cuius
363 1887 436 1943 tu
467 1877 536 1944 in
569 1888 818 1963 patrem
849 1878 1031 1963 quod
1063 1877 1244 1945 fuisti
1278 1878 1582 1965 asperior,
1616 1900 1749 1945 non
1780 1876 2209 1966 reprehend03

137 1982 320 2039 certo
356 1972 528 2039 enim
563 1972 696 2039 scio
731 1984 795 2039 te
829 1972 1063 2041 fecisse
1097 1995 1248 2039 cum
1281 1994 1510 2051 eatisa3
1544 1972 1663 2040 sed
1694 1972 1855 2059 quid
1887 1995 2051 2059 opus
2086 1971 2211 2039 fuit

137 2066 280 2131 eius
315 2065 494 2133 modi
525 2065 782 2145 litteris,
817 2088 980 2152 quas
1019 2067 1104 2133 ad
1135 2067 1351 2154 ipsum
1384 2067 1653 2135 misisti?
1705 2067 1917 2135 ‘illum
1953 2089 2211 2135 crucem

135 2160 268 2225 sibi
301 2159 518 2245 ipsum
551 2161 971 2238 constituere,
1017 2184 1100 2229 ex
1144 2182 1276 2246 qua
1315 2173 1390 2227 tu
1424 2184 1574 2231 eum
1608 2172 1757 2229 ante
1793 2160 2209 2239 detraxisses3

136 2267 206 2320 te
241 2265 638 2333 curaturum,
671 2254 854 2323 fumo
889 2266 964 2321 ut
997 2256 1478 2335 combureretur,
1512 2257 1859 2343 plaudente
1892 2266 2026 2321 tota
2058 2277 2209 2343 pro-

139 2347 394 2415 vincia-⁹
481 2349 642 2434 quid
675 2371 827 2417 vero
862 2350 948 2417 ad
983 2347 1064 2417 Ο.
1101 2350 1383 2417 Fabium
1417 2351 1635 2419 nescio
1670 2350 1903 2436 quem?
1935 2385 2025 2426 -‚-
2056 2373 2209 2417 nam

139 2466 292 2509 eam
325 2464 584 2527 quoque
629 2443 966 2529 epistolam
1001 2444 1081 2513 T.
1117 2442 1433 2515 Catienus
1466 2446 1922 2533 circumgestat
1952 2480 2042 2495 -—
2077 2451 2208 2511 ‘re-

138 2538 426 2605 nuntiari
458 2537 578 2605 tibi
613 2538 942 2607 Licinium
975 2540 1361 2627 plagiarium
1396 2563 1543 2607 eum
1580 2564 1699 2609 suo
1732 2542 1911 2627 pullo
1936 2540 2205 2605 miluino

139 2632 388 2699 tributa
421 2632 720 2719 exigere!
807 2632 1040 2701 deinde
1074 2656 1266 2719 rogas
1301 2635 1611 2711 Fabium,
1644 2645 1722 2701 ut
1754 2645 1821 2700 et
1854 2644 2105 2719 patrem
2142 2641 2207 2700 et

139 2726 350 2795 filium
383 2726 564 2793 vivos
599 2726 942 2805 conburat,
987 2728 1044 2792 si
1075 2728 1306 2813 possit3
1351 2729 1409 2797 si
1446 2728 1692 2805 minus,
1736 2727 1821 2795 ad
1864 2736 1929 2793 te
1976 2726 2206 2801 mittat,

141 2821 242 2887 uti
292 2820 531 2889 iudicio
571 2822 1028 2889 conburentur.
1119 2842 1234 2889 eae
1278 2822 1530 2891 litterae
1575 2820 1693 2888 aba
1736 2832 1803 2887 te
1844 2842 1962 2907 per
1994 2820 2209 2887 iocum

137 2917 381 2985 missae
415 2916 502 2984 ad
534 2914 630 2986 C..
649 2914 954 2994 Fabium,
991 2916 1048 2982 si
1081 2916 1275 2983 modo
1309 2928 1463 2985 sunt
1496 2927 1665 2993 tuae,
1696 2935 1851 2983 cum
1866 2916 2209 3025 leguntur,

139 3011 530 3081 invidiosam
565 3010 965 3079 atrocitatem
999 3010 1345 3079 verborum
1381 3010 1652 3089 habent3
1691 3031 1795 3088 ac,
1830 3008 1887 3075 si
1920 3008 2209 3075 omnium
2246 3038 2269 3076 ι

139 3127 437 3175 mearum
471 3116 812 3192 praecepta
833 3105 1191 3173 litterarum
1218 3116 1491 3193 repetes,
1525 3104 1857 3189 intelleges
1884 3123 2027 3169 esse
2050 3102 2211 3167 nihil

140 3228 186 3268 a
217 3224 327 3268 me
358 3200 487 3267 nisi
513 3198 816 3269 orationis
841 3200 1257 3267 acerbitatem
1283 3214 1347 3267 et
1380 3198 1781 3267 iracundiam
1808 3208 1896 3275 et,
1932 3197 1987 3263 si
2021 3196 2207 3273 forte,

140 3317 293 3363 raro
351 3294 708 3363 litterarum
775 3294 1118 3361 missarum
1185 3293 1654 3381 indiligentiam
1722 3291 2206 3379 reprehensam3

139 3391 384 3477 quibus
417 3390 684 3475 quidem
726 3389 795 3457 in
837 3389 1031 3457 rebus
1065 3390 1122 3455 si
1161 3390 1340 3476 apud
1387 3402 1451 3457 te
1492 3390 1639 3476 plus
1686 3386 2029 3455 auctoritas
2064 3408 2211 3453 mea

139 3508 344 3571 quam
378 3495 492 3551 tua
526 3485 664 3553 sive
698 3495 930 3553 natura
963 3484 1158 3572 paulo
1181 3484 1393 3553 acrior
1418 3485 1553 3553 sive
1580 3482 1900 3569 quaedam
1936 3480 2211 3549 dulcedo

141 3578 518 3647 iracundiae
555 3580 694 3649 sive
740 3578 994 3647 dicendi
1037 3580 1134 3645 sal
1176 3578 1577 3664 facetiaeque
1620 3577 2001 3654 valuissent,
2052 3573 2211 3641 nihil

141 3698 304 3741 sane
337 3685 540 3755 esset,
590 3674 767 3759 quod
801 3696 918 3741 nos
953 3674 1326 3787 paeniteret:
1412 3686 1485 3743 et
1514 3673 1821 3741 mediocri
1852 3694 1957 3739 me
1992 3670 2213 3737 dolore

142 3780 338 3857 putas
375 3769 586 3847 adfici,
622 3792 770 3837 cum
793 3769 1076 3846 audiam,
1109 3791 1241 3855 qua
1267 3770 1351 3839 sit
1374 3768 1845 3839 existimatione
1860 3764 2212 3853 Vergilius,

141 3886 280 3949 qua
313 3874 464 3930 tuus
499 3862 748 3931 vicinus
783 3862 864 3930 C.
903 3860 1260 3933 Octavius?
1301 3888 1454 3935 nam
1488 3865 1545 3931 si
1578 3876 1643 3933 te
1676 3862 2082 3931 interioribus
2116 3860 2215 3927 vi·

145 3958 312 4025 cinis
335 3958 486 4035 tuis,
525 3955 852 4025 Ciliciensi
877 3968 942 4025 et
971 3956 1260 4045 Syriaco,
1295 3960 1653 4049 anteponis,
1687 3958 1875 4026 valde
1902 3978 2215 4045 magnum

143 4052 342 4123 facis!
393 4064 588 4140 atque
622 4054 680 4119 is
715 4054 896 4121 dolor
931 4066 1046 4131 est,
1083 4056 1260 4141 quod
1295 4078 1444 4125 cum
1476 4054 1543 4136 ii,
1580 4076 1741 4141 quos
1768 4053 2115 4133 nominavi,
2150 4064 2217 4120 te
