2675 4559
817 204 1373 263 EPISTOLARUM
1406 208 1453 261 Ι.
1490 208 1661 263 5-7.
1967 250 1970 252 -
2232 199 2269 265 7

197 330 554 396 ostenderit
593 327 719 394 sibi
751 330 1025 415 placere,
1061 328 1274 395 faciet.
1356 331 1471 397 sed
1502 330 1671 397 nosti
1705 330 1978 399 hominis
2010 334 2274 401 tardita-

197 436 328 491 tem
363 436 434 489 et
467 423 1006 489 taciturnitatem:
1040 446 1156 489 nos
1185 434 1403 489 tamen
1426 424 1603 501 nihil,
1638 426 1811 509 quod
1846 426 1931 491 ad
1955 450 2101 493 eam
2134 450 2271 495 rem

195 518 544 605 pertineat,
581 518 1168 603 praetermittimus.
1223 518 1449 584 ceteris
1482 518 1747 597 iniuriis,
1782 540 1949 603 quae
1982 524 2275 608 proposi-

193 624 300 677 tae
334 622 496 677 sunt
534 632 576 675 a
612 608 885 689 Catone,
920 610 1130 689 facile,
1167 622 1240 676 ut
1273 634 1483 699 spero,
1518 614 1904 679 resistemus.
1994 617 2272 683 amicum

197 730 277 772 ex
315 705 774 772 consularibus
809 706 1126 772 neminem
1161 706 1276 771 tibi
1315 730 1455 773 esse
1490 708 1677 773 video
1712 720 1965 793 praeter
1988 711 2273 778 Horten-

197 802 366 866 sium
414 812 485 866 et
531 800 914 877 Lucullum3
963 800 1154 867 ceteri
1198 812 1349 867 sunt
1391 802 1625 887 partim
1670 804 2001 869 obscurius
2045 805 2269 891 iniqui,

197 894 438 981 partim
466 914 603 959 non
631 894 1102 959 dissimulanter
1125 894 1288 961 irati.
1343 906 1414 961 tu
1448 896 1553 961 fac
1582 896 1793 962 animo
1820 896 1969 962 forti
2002 922 2271 985 magno-

201 1010 326 1071 que
363 988 459 1053 sis
496 1008 848 1073 speresque
893 987 1058 1065 fore,
1103 999 1176 1053 ut
1209 988 1413 1055 fracto
1448 990 1691 1075 impetu
1727 990 2033 1056 levissimi
2067 992 2272 1058 homi-

199 1082 298 1148 nis
333 1092 522 1149 tuam
558 1082 890 1167 pristinam
927 1082 1302 1167 dignitatem
1336 1094 1401 1149 et
1432 1084 1703 1171 gloriam
1740 1106 2148 1169 consequare.

1187 1320 1290 1375 VI.

620 1418 738 1475 Scr.
757 1420 972 1478 Romae
990 1439 1179 1477 mense
1199 1422 1507 1477 Februario
1528 1442 1577 1478 a.
1598 1442 1651 1478 u.
1674 1442 1723 1479 c.
1744 1426 1862 1481 698.

523 1524 920 1613 ΜᾞΟΙΟΕΒΟ
953 1528 1012 1579 S.
1047 1528 1122 1579 D.
1159 1528 1222 1579 P.
1261 1527 1627 1581 LENTULO
1661 1529 1964 1608 PRQOOS.

333 1646 530 1729 Quae
564 1657 888 1732 gerantur,
925 1646 1203 1732 accipies
1229 1670 1310 1712 ex
1337 1646 1652 1723 Pollione,
1690 1650 1802 1731 qui
1830 1652 2123 1717 omnibus
2158 1676 2270 1717 ne-

203 1742 400 1827 gotiis
444 1762 578 1805 non
619 1740 907 1806 interfuit
941 1742 1179 1818 solum,
1235 1741 1349 1805 sed
1392 1740 1690 1826 praefuit.
1778 1764 1881 1807 me
1915 1743 1982 1807 in
2019 1766 2267 1810 summo

204 1836 450 1911 dolore,
487 1856 682 1918 quem
717 1834 786 1897 in
821 1835 948 1899 tuis
983 1835 1174 1899 rebus
1213 1834 1418 1919 capi0,
1454 1834 1735 1899 maxime
1771 1835 2012 1902 scilicet
2047 1858 2273 1903 conso-

202 1930 376 1995 latur
405 1950 574 2015 spes,
612 1928 786 2013 quod
811 1928 1000 1993 valde
1029 1928 1318 2015 suspicor
1348 1928 1505 2005 fore,
1542 1939 1615 1993 ut
1648 1928 2035 2017 infringatur
2068 1930 2273 1995 homi—

203 2046 364 2088 num
399 2022 756 2109 inprobitas
791 2032 858 2088 et
891 2023 1168 2087 consiliis
1203 2032 1459 2087 tuorum
1488 2022 1836 2087 amicorum
1873 2035 1937 2089 et
1969 2024 2111 2110 ipsa
2146 2025 2268 2103 die,

203 2138 375 2201 quae
423 2115 715 2183 debilitat
759 2116 1176 2203 cogitationes
1223 2127 1287 2182 et
1329 2114 1732 2182 inimicorum
1769 2130 1831 2183 et
1876 2120 2269 2203 proditorum

204 2224 488 2278 tuorum.
577 2210 766 2275 facile
819 2212 1102 2277 secundo
1154 2211 1294 2276 loco
1346 2234 1449 2275 me
1502 2212 1865 2279 consolatur
1915 2216 2267 2280 recordatio

205 2301 502 2372 meorum
553 2314 914 2390 temporum
927 2352 945 2382 ,
999 2326 1270 2389 quorum
1322 2306 1671 2391 imaginem
1722 2306 1911 2371 video
1963 2307 2031 2373 in
2075 2310 2267 2374 rebus

203 2400 359 2476 tuis3
415 2422 570 2463 nam
615 2399 736 2463 etsi
775 2399 1024 2465 minore
1065 2400 1132 2463 in
1174 2421 1244 2473 re
1287 2400 1561 2467 violatur
1602 2411 1715 2465 tua
1751 2400 2030 2487 dignitas
2073 2423 2267 2486 quam

207 2518 356 2561 mea
393 2494 650 2559 adflicta
676 2504 791 2571 est,
827 2505 1043 2560 tamen
1073 2504 1169 2559 est
1202 2505 1379 2559 tanta
1414 2494 1781 2571 similitude,
1818 2506 1889 2559 ut
1917 2518 2167 2580 sperem
2204 2509 2267 2561 te

201 2590 366 2655 mihi
401 2587 764 2675 ignoscere,
811 2588 866 2653 si
901 2611 978 2653 ea
1009 2610 1139 2653 non
1172 2588 1521 2664 timuerim,
1568 2609 1735 2671 quae
1776 2611 1859 2652 ne
1903 2599 1974 2651 tu
2009 2591 2269 2673 quidem

204 2706 520 2769 umquam
556 2682 840 2748 timenda
874 2683 1129 2747 duxisti.
1219 2684 1334 2749 sed
1368 2692 1625 2768 praesta
1658 2692 1721 2745 te
1760 2702 1928 2757 eum,
1967 2682 2079 2763 qui
2114 2684 2268 2747 mihi

205 2803 242 2845 a
277 2778 542 2853 teneris,
577 2788 650 2841 ut
685 2774 922 2843 Graeci
957 2776 1196 2855 dicunt,
1233 2776 1599 2863 unguiculis
1638 2797 1707 2840 es
1742 2775 2065 2861 cognitus:
2102 2775 2269 2841 inlu-

205 2872 455 2951 strabit,
491 2872 649 2937 mihi
684 2872 892 2949 crede,
927 2883 1106 2937 tuam
1133 2871 1617 2958 amplitudinem
1652 2869 1984 2935 hominum
2018 2870 2265 2937 iniuria.

205 2992 243 3033 a
277 2990 386 3033 me
422 2966 639 3032 omnia
673 2988 923 3031 summa
957 2966 1026 3031 in
1059 2977 1124 3032 te
1161 2966 1373 3032 studia
1398 2964 1737 3050 officiaque
1773 2976 2103 3052 exspecta3
2139 2986 2266 3031 non

203 3062 430 3127 fallam
469 3060 832 3146 opinionem
867 3072 1065 3125 tuam.

2263 3219 2313 3271 V

1171 3292 1302 3349 VII.
2223 3310 2227 3313 ·

696 3397 812 3454 Ser.
831 3398 1045 3453 Romae
1064 3414 1253 3453 mense
1273 3395 1427 3449 Maio
1449 3412 1498 3450 a.
1519 3411 1573 3449 u.
1593 3410 1641 3451 c.
1662 3393 1781 3449 698.

520 3502 602 3557 M.
642 3502 913 3559 CICERO
949 3504 1010 3557 S.
1041 3503 1114 3555 D.
1151 3502 1217 3555 P.
1254 3498 1619 3555 LENTULO
1652 3496 1957 3554 PROOOS.

338 3623 514 3711 Legi
556 3636 701 3690 tuas
743 3624 1013 3703 litteras,
1059 3622 1292 3707 quibus
1329 3621 1411 3687 ad
1456 3642 1559 3687 me
1604 3620 1825 3687 scribis
1862 3630 2117 3706 gratum
2152 3618 2269 3681 tibi
2305 3637 2327 3674 1

207 3740 382 3795 esse,
429 3718 608 3801 quod
647 3716 872 3784 crebro
907 3716 1134 3783 certior
1175 3738 1292 3803 per
1323 3738 1429 3782 me
1470 3716 1587 3781 fias
1626 3716 1706 3781 de
1744 3714 2041 3781 omnibus
2074 3711 2267 3775 rebus

209 3824 274 3879 et
298 3834 514 3878 meam
543 3834 700 3898 erga
732 3824 797 3879 te
822 3812 1330 3879 benevolentiam
1364 3810 1553 3876 facile
1582 3806 1959 3895 perspicias:
1997 3824 2269 3887 quorum

209 3906 485 3971 alterum
519 3906 697 3983 mihi,
732 3918 804 3973 ut
837 3919 900 3973 te
934 3906 1280 3994 plurimum
1309 3906 1594 3991 diligam,
1628 3904 1841 3969 facere
1864 3920 2126 3965 necesse
2152 3910 2267 3977 est,

209 4001 266 4065 si
301 4003 448 4067 volo
483 4000 540 4067 is
577 4024 745 4080 esse,
801 4024 993 4088 quem
1027 4013 1100 4069 tu
1134 4025 1238 4069 me
1275 4021 1416 4069 esse
1451 3997 1709 4066 voluisti
1719 4021 1738 4076 ;
1792 3996 2063 4065 alterum
2100 3992 2269 4059 facio
2336 4048 2339 4051 .
