2675 4559
520 247 647 316 228
1134 253 1213 308 M.
1250 249 1527 309 TULLII
1562 245 1960 305 CICERONIS

516 385 769 452 labores
810 388 872 446 et
918 375 1158 442 multae
1201 375 1529 461 impensae
1565 393 1726 458 opus
1771 369 2060 450 fuerunt,
2111 381 2210 449 ut,
2261 393 2405 456 quae
2438 371 2506 438 rei

2601 345 2603 390 l

2601 395 2604 434 Ι

519 475 815 566 publicae
856 472 1173 556 bonisque
1216 467 1515 534 omnibus
1561 465 2034 553 polliceremur,
2080 467 2251 532 exitu
2281 477 2508 552 praesta-
2601 469 2603 552 J

519 592 733 638 remus
766 588 979 654 neque
1014 565 1099 630 ad
1134 563 1446 629 auxilium
1489 561 1734 648 patriae
1769 559 1928 624 nudi
1962 581 2111 625 cum
2144 561 2304 627 bona
2333 560 2512 626 volun·
2601 587 2604 624 τ

520 677 650 732 tate
665 711 683 741 ,
736 661 852 729 sed
896 681 1045 728 cum
1087 655 1502 724 facultatibus
1547 653 2016 722 accederemus.
2107 655 2512 722 confirmandus
2601 703 2604 718 ι

520 769 659 828 erat
700 755 1015 823 exercitus
1059 752 1275 829 nobis,
1324 749 1579 836 magnis
1623 771 1816 834 saepe
1848 748 2149 834 praemiis
2183 749 2512 826 sollicitatus,
2601 777 2604 812 ;

520 864 595 920 ut
630 852 713 918 ab
758 873 829 916 re
864 847 1125 936 publica
1168 846 1382 933 potius
1425 843 1757 910 moderata
1799 863 1996 926 quam
2041 843 2126 909 ab
2169 865 2292 910 uno
2321 842 2512 908 infinita
2602 870 2603 887 ἱ

522 955 835 1033 speraret;
866 939 1336 1008 confirmandae
1363 939 1700 1024 conplures
1720 937 2030 1014 civitates,
2059 961 2224 1024 quae
2249 937 2512 1024 superiore
2601 967 2604 1002 ÷

520 1061 691 1106 anno
743 1035 1187 1126 largitionibus
1240 1031 1884 1114 concessionibusque
1928 1032 2346 1117 praemiorum
2381 1042 2514 1096 erant
2602 1059 2603 1095 1

522 1135 867 1220 obligatae,
902 1140 976 1195 ut
1010 1140 1074 1195 et
1108 1128 1217 1192 illa
1252 1149 1421 1193 vana
1454 1136 1751 1212 putarent
1779 1136 1844 1192 et
1877 1125 2106 1192 eadem
2141 1149 2181 1192 a
2213 1125 2514 1192 melioribus
2601 1155 2604 1189 1

524 1227 890 1296 auctoribus
926 1222 1203 1310 petenda
1236 1221 1701 1297 existimarent;
1747 1219 2096 1286 eliciendae
2129 1221 2315 1286 etiam
2345 1219 2516 1285 volun·
2601 1255 2604 1285 2

521 1333 687 1388 tates
729 1318 1149 1402 reliquorum,
1202 1315 1315 1399 qui
1358 1314 1643 1381 finitimis
1690 1314 2036 1400 provinciis
2073 1314 2515 1398 exercitibusque
2592 1307 2604 1379 ,ἶ

521 1412 966 1502 praefuerunt,
1018 1421 1094 1475 ut
1143 1409 1358 1496 potius
1404 1431 1552 1475 cum
1597 1408 1892 1495 pluribus
1933 1410 2299 1476 societatem
2345 1407 2515 1473 defen·
2602 1441 2603 1446 κ

523 1507 775 1574 dendae
806 1504 1115 1571 libertatis
1159 1503 1495 1581 iniremus,
1539 1525 1732 1587 quam
1772 1524 1922 1568 cum
1955 1504 2351 1590 paucioribus
2379 1502 2516 1568 fune-

523 1614 690 1668 stam
724 1600 865 1666 orbi
898 1610 1213 1680 terrarum
1246 1598 1579 1664 victoriam
1614 1597 2017 1683 partiremur.
2069 1597 2380 1666 muniendi
2408 1615 2517 1660 vero

522 1706 777 1762 nosmet
816 1695 942 1780 ipsi
984 1693 1225 1760 fuimus
1268 1703 1461 1758 aucto
1507 1690 1790 1758 exercitu
1847 1692 2230 1778 auxiliisque
2277 1687 2516 1774 multipli-

434 1789 437 1792 ’
524 1791 711 1868 catis,
766 1799 867 1867 ut,
922 1810 1071 1853 cum
1114 1786 1584 1872 praeferremus
1631 1807 1856 1850 sensus
1903 1799 2158 1873 aperte,
2209 1799 2338 1852 tum
2375 1784 2516 1850 etiam

520 1883 738 1950 invitis
790 1881 1175 1966 quibusdam
1238 1880 1416 1957 sciri,
1479 1879 1636 1964 quid
1689 1879 2017 1946 defensuri
2074 1903 2374 1956 essemus,
2423 1897 2513 1941 non

522 1988 691 2043 esset
740 1975 1192 2062 periculosum.
1280 1975 1374 2040 ita
1424 1995 1779 2059 numquam
1832 1973 2159 2042 diffitebor
2207 1976 2390 2042 multa
2430 1991 2516 2044 me,

524 2082 594 2136 ut
630 2069 715 2136 ad
758 2069 1061 2135 effectum
1105 2068 1335 2134 horum
1373 2068 1778 2142 consiliorum
1815 2070 2248 2154 pervenirem,
2287 2078 2346 2135 et
2374 2067 2516 2132 simu-
2601 2099 2604 2138 ς

522 2165 689 2229 lasse
724 2162 999 2228 invitum
1034 2173 1097 2228 et
1134 2163 1566 2228 dissimulasse
1603 2183 1752 2228 cum
1791 2162 2032 2240 dolore,
2067 2164 2260 2249 quod,
2291 2179 2517 2250 praema-
2601 2196 2604 2232 z

522 2269 669 2322 tura
694 2256 1090 2322 denuntiatio
1117 2257 1271 2321 boni
1300 2258 1458 2322 civis
1475 2255 1772 2343 imparati
1799 2277 1997 2342 quam
2025 2259 2367 2344 periculosa
2381 2261 2517 2324 esset,
2601 2291 2604 2312 2

524 2375 607 2418 ex
642 2371 797 2416 casu
832 2351 1116 2436 collegae
1152 2351 1472 2417 videbam.
1543 2372 1675 2436 quo
1709 2351 1970 2417 nomine
2009 2352 2206 2418 etiam
2229 2347 2303 2418 C.
2329 2345 2515 2414 Furnio
2594 2385 2603 2407 ψ

520 2447 755 2533 legat0,
792 2445 931 2510 viro
966 2443 1117 2511 forti
1154 2458 1350 2530 atque
1383 2457 1666 2523 strenuO,
1702 2447 1890 2533 plura
1923 2447 2122 2512 etiam
2156 2446 2344 2513 verbo
2373 2459 2518 2526 quam

522 2542 839 2628 scriptura
880 2540 1185 2608 mandata
1228 2540 1522 2606 dedimus
1535 2589 1554 2616 ,
1600 2551 1676 2605 ut
1709 2552 1774 2606 et
1807 2541 2040 2606 tectius
2077 2541 2161 2608 ad
2194 2563 2302 2606 vos
2333 2534 2518 2624 perfer·
2601 2574 2604 2596 ι

520 2646 743 2710 rentur
778 2647 843 2702 et
874 2657 993 2701 nos
1029 2656 1313 2702 essemus
1349 2634 1645 2712 tutiores,
1683 2635 2050 2720 quibusque
2085 2637 2274 2702 rebus
2306 2644 2365 2700 et
2393 2649 2520 2696 com·
2594 2665 2603 2704 >3

520 2753 781 2797 munem
818 2731 1091 2797 salutem
1125 2729 1362 2795 muniri
1397 2739 1462 2794 et
1494 2751 1612 2794 nos
1649 2729 1887 2794 armari
1923 2731 2287 2797 conveniret
2317 2743 2518 2814 praece·
2601 2763 2604 2796 5

520 2825 753 2910 pimus.
808 2847 891 2888 ex
920 2845 1049 2908 quo
1076 2824 1364 2908 intellegi
1396 2835 1607 2909 potest
1635 2845 1856 2890 curam
1881 2823 1976 2890 rei
2010 2825 2301 2911 publicae
2325 2833 2516 2887 summe
2601 2855 2604 2890 1

524 2917 971 2995 defendundae
1004 2919 1135 2982 iam
1170 2917 1420 3004 pridem
1455 2918 1628 3004 apud
1663 2939 1780 2984 nos
1809 2919 2152 2987 excubare.
2201 2937 2379 2994 nunc,
2409 2929 2516 2978 cum
2601 2949 2604 2986 3

521 3013 716 3080 deum
751 3012 1145 3098 benignitate
1182 3013 1265 3077 ab
1304 3013 1482 3079 omni
1516 3035 1586 3078 re
1619 3035 1844 3078 sumus
1879 3015 2259 3100 paratiores,
2300 3031 2412 3076 non
2445 3021 2517 3066 εο-

520 3108 657 3172 lum
690 3107 855 3174 bene
890 3128 1149 3193 sperare
1184 3105 1264 3172 de
1300 3107 1486 3172 nobis
1519 3105 1810 3176 homines
1823 3153 1842 3184 ,
1889 3107 2004 3175 sed
2050 3108 2358 3194 explorate
2395 3093 2518 3164 iudi·

522 3224 669 3268 care
704 3202 1029 3267 volumus:
1077 3201 1365 3288 legiones
1399 3201 1610 3267 habeo
1648 3201 1934 3286 quinque
1968 3203 2094 3266 sub
2129 3199 2318 3287 signis
2351 3205 2404 3261 et
2431 3208 2515 3254 sua
2598 3257 2600 3260 ,

520 3297 647 3362 fide
710 3295 1073 3382 virtuteque
1122 3296 1216 3361 rei
1277 3295 1576 3382 publicae
1631 3295 2182 3362 coniunctissimas
2232 3304 2294 3360 et
2348 3295 2515 3355 nostra
2598 3305 2600 3372 f

520 3388 901 3457 liberalitate
944 3389 1131 3456 nobis
1166 3389 1608 3474 obsequentis,
1662 3390 2060 3476 provinciam
2095 3387 2366 3454 omnium
2402 3374 2516 3444 civi-

518 3483 751 3550 tatium
784 3505 1101 3552 consensu
1145 3485 1617 3571 paratissimam
1655 3495 1720 3550 et
1763 3507 2018 3551 summa
2061 3479 2428 3550 contentione
2457 3465 2516 3532 ud

522 3578 737 3644 officia
771 3590 1147 3656 certantem,
1194 3580 1517 3666 equitatus
1553 3580 2061 3665 auxiliorumque
2098 3588 2298 3643 tantas
2329 3566 2516 3654 copia&

520 3682 795 3756 quantas
828 3673 951 3738 hae
986 3685 1211 3759 gentes
1246 3674 1335 3756 ad
1367 3673 1840 3744 defendendam
1874 3697 2056 3740 suam
2083 3673 2339 3738 salutem
2367 3661 2518 3728 liber·

520 3776 847 3850 tatemque
884 3768 1193 3835 conficere
1226 3780 1496 3855 possunt
1507 3794 1524 3847 ς
1570 3769 1709 3856 ipse
1743 3769 1834 3836 ita
1869 3791 2014 3836 sum
2047 3767 2253 3833 animo
2283 3765 2517 3848 paratu&

519 3871 589 3924 ut
629 3861 733 3926 vel
777 3861 1170 3946 provinciam
1214 3865 1380 3930 tueri
1425 3864 1528 3932 vel
1571 3864 1695 3942 ire,
1749 3886 1878 3950 quo
1923 3887 2028 3932 res
2067 3858 2315 3949 publica
2355 3853 2514 3918 700θῦ

522 3953 628 4017 vel
661 3954 913 4022 tradere
948 3958 1318 4037 exercitum,
1355 3958 1597 4026 auxilia
1629 3961 2147 4046 provinciamque
2180 3953 2278 4020 vel
2309 3957 2514 4014 omnem

519 4043 831 4130 impetum
875 4049 1027 4116 belli
1067 4053 1136 4120 in
1183 4076 1287 4122 me
1332 4065 1700 4122 convertere
1743 4076 1874 4122 non
1913 4073 2228 4128 recusem,
2276 4045 2325 4111 si
2361 4030 2513 4106 modo
