2675 4559
469 244 554 310 62
1088 254 1166 308 Μ.
1204 250 1478 309 TULLII
1513 249 1913 307 CICERONIS

469 378 626 447 mihi
658 377 948 445 'amicitia
991 400 1122 442 non
1166 376 1377 441 solum
1413 374 1656 459 ampla,
1700 374 1815 439 sed
1850 372 2042 438 etiam
2086 372 2370 441 iucunda
2408 391 2542 455 est,

469 500 548 542 ea
581 474 794 552 tribui,
831 495 999 557 quae
1029 471 1403 547 debeantur,
1430 482 1569 534 tum
1596 491 1747 534 vero
1774 492 2103 563 remanere
2131 470 2325 535 etiam
2349 493 2541 536 nunc

469 570 536 634 in
589 569 844 634 civitate
895 578 1115 632 nostra
1166 565 1381 631 studia
1431 587 1632 650 prope
1677 564 1962 632 omnium
2008 586 2323 632 consensu
2367 589 2541 653 erga

468 663 650 727 sortis
687 673 752 727 et
784 662 1128 727 industrios
1165 660 1369 737 viros,
1411 679 1577 743 quae
1612 658 1771 724 mihi
1803 659 1927 745 ipsi
1959 664 2093 725 una
2127 682 2378 746 semper
2416 664 2541 727 tri-

471 758 628 821 buta
677 778 922 823 merces
969 766 1066 821 est
1115 756 1411 821 laborum
1454 764 1518 819 et
1560 754 1924 840 vigiliarum
1970 777 2277 819 mearum.
2364 756 2541 820 illud

473 875 622 915 vero
667 852 824 916 mihi
867 852 1217 937 permirum
1262 849 1525 926 accidit,
1578 860 1822 914 tantam
1867 850 2288 915 temeritatem
2323 850 2536 916 fuisse

469 947 533 1007 in
573 967 647 1011 so
685 946 1121 1023 adulescente,
1167 944 1349 1009 cuius
1385 966 1508 1029 ego
1553 944 1822 1010 salutem
1868 942 2121 1008 duobus
2157 943 2384 1029 capitis
2432 945 2538 1009 iu-

473 1040 652 1104 diciis
690 1063 942 1105 summa
975 1040 1378 1107 contentione
1414 1038 1702 1115 defendi,
1737 1048 1813 1102 ut
1844 1038 1972 1101 tuis
2007 1036 2349 1103 inimicitiis
2388 1061 2537 1103 sus-

473 1139 525 1199 [1.]
529 1138 776 1219 piendis
831 1137 1310 1201 oblivisceretur
1362 1135 1614 1221 patroni
1657 1134 1947 1199 omnium
1997 1133 2406 1199 fortunarum
2455 1157 2533 1199 ac

473 1235 786 1295 rationum
822 1254 1109 1317 suarum,
1153 1230 1528 1315 praesertim
1565 1251 1713 1295 cum
1756 1240 1830 1294 tu
1864 1228 2159 1294 omnibus
2196 1228 2300 1295 vel
2336 1249 2535 1294 orna-

473 1325 697 1391 11antis
724 1326 828 1390 vel
862 1324 1194 1409 praesidiis
1219 1324 1636 1400 redundares,
1659 1327 1802 1409 ipsi,
1840 1334 1913 1388 ut
1937 1322 2264 1389 lenissime
2289 1324 2530 1401 dicam,

469 1419 670 1483 multa
703 1419 1016 1485 deessent.
1097 1418 1278 1485 cuius
1315 1441 1524 1483 sermo
1560 1419 1791 1484 stultus
1828 1429 1892 1483 et
1925 1418 2191 1504 puerilis
2222 1429 2360 1483 erat
2396 1418 2532 1482 iam

469 1523 614 1579 mite
659 1513 742 1580 ad
786 1536 890 1579 me
937 1538 978 1578 a
1017 1512 1115 1576 Μ.
1155 1510 1412 1589 Caeli0,
1461 1512 1760 1578 familiari
1801 1523 2048 1590 nostr0,
2100 1512 2530 1599 perscriptus3

469 1607 549 1671 [le
585 1627 714 1691 quo
749 1606 905 1680 item
939 1629 1228 1672 sermone
1263 1608 1467 1671 multa
1501 1608 1737 1693 scripta
1770 1617 1921 1672 sunt
1954 1607 2070 1671 abs
2105 1617 2188 1671 te.
2251 1628 2375 1693 ego
2416 1631 2531 1673 au-

473 1715 599 1763 tem
634 1700 822 1767 citius
858 1721 1008 1767 cum
1043 1724 1140 1778 eo,
1179 1701 1291 1785 qui
1325 1713 1469 1766 tuas
1503 1700 1865 1766 inimicitias
1899 1700 2310 1786 suscepisset,
2344 1713 2530 1768 vete-

472 1819 605 1859 rem
653 1796 1164 1864 coniunctionem
1199 1796 1624 1872 diremissem,
1672 1817 1868 1879 quam
1910 1817 2145 1860 novam
2190 1796 2530 1861 concilias-

473 1915 638 1967 ιιι-ιω
683 1912 893 1974 neque
929 1892 1100 1961 enim
1137 1892 1216 1956 de
1252 1912 1395 1956 meo
1432 1914 1587 1976 erga
1630 1902 1693 1955 te
1729 1890 1939 1955 studio
1976 1890 2267 1955 dubitare
2301 1891 2527 1967 debes,

469 2007 674 2067 nsque
710 1985 778 2048 id
812 1996 907 2050 est
942 1984 1285 2049 obscurum
1322 1984 1621 2067 cuiquam
1655 1984 1723 2048 in
1756 1983 2086 2068 provincia
2118 2007 2240 2049 nec
2272 1985 2529 2050 Romae

409 2103 433 2135 {3
473 2079 609 2139 init.
666 2078 781 2142 sed
815 2088 1026 2143 tamen
1065 2077 1513 2162 significatur
1494 2101 1562 2142 ιιι
1598 2078 1725 2143 tuis
1758 2078 1985 2144 litteris
2021 2078 2287 2164 suspitio
2324 2101 2527 2164 quae-

469 2171 616 2232 *al-im
661 2179 726 2235 et
769 2171 1082 2236 dubitatio
1128 2183 1265 2248 tua,
1321 2172 1402 2237 de
1447 2193 1576 2255 qua
1619 2172 1898 2237 alienum
1934 2184 2185 2259 tempus
2222 2185 2320 2239 est
2364 2174 2527 2238 mihi

469 2280 525 2327 [υ
533 2286 677 2327 sum
705 2266 1199 2376 expostulandi,
1256 2267 1578 2352 purgandi
1624 2280 1839 2333 autem
1889 2267 2016 2332 mei
2068 2268 2522 2334 necessarium.

465 2359 577 2419 uhi
621 2358 794 2423 enim
839 2382 961 2445 ego
1005 2360 1308 2444 cuiquam
1360 2361 1666 2448 legationi
1710 2361 1807 2426 fui
1849 2361 2337 2448 impediment0‚
2391 2385 2524 2448 quo

465 2451 675 2516 minus
709 2453 985 2518 Romam
1031 2454 1114 2519 ad
1157 2455 1415 2521 laudem
1460 2468 1637 2521 tuam
1682 2456 2077 2521 mitteretur?
2128 2468 2241 2521 aut
2283 2456 2353 2521 in
2390 2477 2520 2542 quo

465 2545 676 2630 potui,
741 2548 796 2611 si
846 2556 909 2614 te
959 2548 1177 2633 palam
1229 2550 1538 2627 odissem,
1602 2551 1813 2615 minus
1866 2550 2041 2633 quod
2094 2549 2211 2614 tibi
2263 2551 2522 2617 obesset

465 2643 704 2718 facere,
759 2641 814 2705 si
864 2642 1073 2719 clam,
1123 2643 1329 2729 magis
1386 2655 1605 2729 aperte
1657 2644 1952 2710 inimicus
2006 2645 2185 2710 esse?
2237 2645 2415 2729 quod
2469 2645 2521 2710 si

465 2759 669 2803 essem
704 2760 782 2802 ea
812 2738 1098 2823 perfidia,
1134 2761 1264 2822 qua
1298 2751 1450 2805 sunt
1481 2740 1547 2817 ii,
1583 2741 1694 2823 qui
1728 2741 1795 2805 in
1822 2762 1939 2805 nos
1972 2741 2133 2806 haec
2162 2740 2519 2819 conferunt,

465 2843 675 2895 {nmen
719 2854 796 2897 ea
839 2834 1108 2898 stultitia
1151 2844 1319 2899 certe
1363 2856 1494 2899 non
1531 2834 1823 2912 fuissem,
1868 2846 1941 2899 ut
1986 2846 2099 2899 aut
2139 2835 2207 2899 in
2242 2836 2517 2901 obscuro

461 2927 609 2987 udin
656 2936 908 3011 apertas
951 2928 1312 2994 inimicitias
1325 2975 1345 3005 ‚
1392 2940 1533 3005 aut,
1576 2930 1644 2993 in
1688 2950 1816 3012 quo
1852 2930 1969 2994 tibi
2000 2929 2161 2994 nihil
2194 2951 2514 3007 nocerem,

462 3040 776 3083 summam
813 3022 1213 3088 ostenderem
1257 3024 1655 3089 voluntatem
1697 3023 1988 3090 nocendi.
2079 3025 2161 3089 ad
2196 3047 2301 3089 me
2338 3025 2515 3090 adire

461 3135 501 3195 q
509 3111 776 3179 uaedam
810 3116 1100 3196 memini,
1135 3118 1439 3184 nimirum
1475 3143 1556 3185 ex
1589 3118 1919 3204 EpictetO,
1953 3119 2063 3204 qui
2100 3119 2386 3185 dicerent
2419 3120 2515 3184 ni·

461 3207 581 3271 mis
633 3231 905 3296 magnos
959 3224 1251 3299 sumptus
1302 3214 1533 3300 legatis
1588 3214 1872 3291 decerni3
1925 3213 2161 3297 quibus
2216 3235 2340 3300 ego
2384 3235 2513 3279 non

461 3315 585 3367 min
614 3303 926 3391 imperavi
953 3329 1148 3391 quam
1176 3309 1396 3375 censui
1422 3320 1713 3393 sumptus
1747 3309 1975 3395 legatis
2003 3330 2200 3393 quam
2232 3309 2510 3374 maxime

461 3399 541 3459 :ul
585 3399 795 3484 legem
833 3398 1199 3468 Corneliam
1244 3402 1695 3469 decernendos.
1785 3414 1979 3487 atque
2011 3404 2080 3468 in
2116 3424 2193 3469 eo
2229 3404 2372 3489 ipso
2407 3424 2507 3469 me

457 3515 585 3551 nnn
628 3513 1072 3575 perseverasse
1115 3506 1309 3561 testes
1356 3507 1506 3560 sunt
1548 3496 1824 3562 rationes
1861 3497 2221 3576 civitatum,
2266 3498 2335 3563 in
2371 3497 2508 3583 qui-

457 3583 597 3659 hus,
635 3595 945 3667 quantum
980 3608 1274 3671 quaeque
1308 3589 1530 3665 voluit,
1564 3588 1793 3675 legatis
1828 3591 1954 3655 tuis
1981 3591 2203 3657 datum
2238 3592 2504 3657 induxit.

397 3699 417 3735 ι
457 3691 517 3739 ie
557 3688 770 3744 autem
809 3679 1043 3763 quibus
1077 3682 1427 3748 mendaciis
1461 3682 1752 3751 homines
1794 3686 2100 3752 levissimi
2136 3684 2505 3753 onerarunt!

457 3795 585 3835 usn
616 3774 810 3838 modo
844 3773 1131 3840 sublatos
1167 3787 1457 3862 sumptus
1470 3825 1489 3855 ,
1536 3778 1651 3844 sed
1686 3778 1880 3845 etiam
1915 3803 1955 3844 a
1988 3780 2503 3866 procuratoribus

453 3891 485 3931 [1.
493 3891 692 3945 urum,
729 3869 842 3953 qui
874 3869 1004 3936 iam
1029 3871 1300 3956 profecti
1329 3883 1562 3952 essent,
1599 3875 1901 3961 repetitos
1929 3886 1995 3941 et
2029 3876 2297 3953 ablatos,
2333 3896 2504 3942 eam·-

453 3983 577 4039 [μιῇι
620 3983 880 4030 causam
926 3965 1143 4031 multis
1179 3965 1438 4033 omnino
1481 3990 1613 4033 non
1656 3969 1851 4034 eundi
1894 3970 2114 4037 fuisse.
2204 3989 2501 4055 quererer

453 4072 662 4120 tecum
697 4068 891 4142 atque
927 4062 1429 4147 expostularem,
1463 4063 1561 4143 ni,
1597 4073 1671 4130 ut
1704 4087 1899 4152 supra
1933 4064 2185 4152 scripsi,
2222 4084 2498 4153 purgare

2649 3873 2661 4032 ἱ
