2675 4559
497 248 581 315 80
1111 257 1190 312 Μ.
1227 257 1504 315 TULLII
1538 256 1943 317 CICERONIS

493 387 701 451 conati
739 392 907 462 sunt,
944 380 1139 467 hique
1175 403 1244 447 se
1278 381 1348 445 in
1383 380 1678 447 Africam
1714 380 2151 461 contulerunt3
2189 393 2321 462 aut,
2359 404 2551 470 quem

493 483 573 543 ad
609 479 869 543 modum
902 499 1043 556 nos,
1076 477 1302 543 victori
1338 500 1479 543 sese
1515 477 1940 543 crediderunt.
2028 480 2310 549 medium
2346 482 2554 565 quod-

489 583 638 643 dam
677 591 858 644 tuum
894 575 1228 643 consilium
1262 575 1407 655 fuit,
1443 574 1555 660 qui
1591 576 1713 640 hoc
1748 575 2023 641 fortasse
2059 576 2317 642 humilis
2354 577 2554 642 animi

493 675 787 751 duceres,
831 673 993 738 illud
1035 671 1399 783 pertinacis.
1487 671 1694 736 fateor
1739 694 1781 736 a
1822 671 2144 757 plerisque
2192 671 2295 737 vel
2340 670 2551 737 dicam

493 771 573 835 ab
593 768 889 835 omnibus
916 767 1171 878 sapiens
1200 778 1383 831 tuum
1413 764 1771 842 consilium,
1802 789 1843 831 a
1867 765 2085 831 multis
2112 766 2305 832 etiam
2331 768 2553 853 magni

493 887 565 931 ac
601 863 784 931 fortis
831 862 1028 927 animi
1070 861 1454 937 iudicatum3
1501 860 1615 925 sed
1659 858 1855 928 habet
1889 860 2014 925 ista
2048 860 2240 937 ratio,
2282 871 2357 925 ut
2392 861 2550 925 mihi

489 959 751 1043 quidem
787 956 1071 1034 videtur,
1110 953 1433 1040 quendam
1467 954 1761 1031 modum,
1796 954 2171 1040 praesertim
2207 977 2356 1020 cum
2391 955 2551 1019 nihil

489 1051 605 1115 tibi
661 1054 882 1117 deesse
937 1048 1205 1115 arbitrer
1250 1048 1332 1113 ad
1387 1059 1530 1113 tuas
1575 1048 1865 1113 fortunas
1909 1047 2116 1113 omnis
2169 1047 2548 1114 obtinendas

493 1159 747 1231 praeter
779 1146 1193 1210 voluntatem.
1284 1143 1377 1208 sic
1412 1142 1585 1208 enim
1628 1141 1945 1219 intellexi,
1986 1141 2142 1207 nihil
2187 1142 2364 1207 aliud
2409 1165 2549 1208 esse

493 1239 665 1323 quod
703 1238 1165 1304 dubitationem
1203 1238 1481 1302 adferret
1516 1237 1606 1315 ei,
1651 1259 1849 1323 penes
1884 1258 2077 1321 quern
2112 1247 2207 1303 est
2242 1247 2548 1323 potestas,

489 1335 613 1399 nisi
649 1333 820 1415 quod
867 1342 1194 1398 vereretur
1239 1355 1322 1397 ne
1368 1342 1441 1396 tu
1487 1331 1649 1396 illud
1690 1331 2072 1397 beneficium
2118 1332 2375 1397 omnino
2418 1354 2550 1397 non

489 1439 776 1511 putat-effi
831 1425 913 1492 de
949 1447 1077 1510 quo
1114 1426 1270 1509 quid
1306 1426 1605 1502 sentiam,
1660 1425 1818 1490 nihil
1853 1426 2077 1491 attinet
2111 1425 2351 1503 dicere,
2401 1448 2551 1492 cum

429 1539 457 1577 ι
489 1519 866 1607 adpareat,'
847 1542 987 1606 ipse
1023 1520 1181 1604 quid
1215 1519 1498 1586 fecerim.
1590 1520 1703 1585 sed
1738 1520 1990 1585 tametsi
2024 1519 2151 1585 iam
2186 1520 2277 1586 ita
2312 1521 2552 1587 consti-

489 1615 746 1693 tuisses,
784 1624 857 1679 ut
893 1613 1115 1681 abesse
1152 1626 1463 1701 perpetuo
1498 1614 1721 1680 malles
1758 1636 1951 1700 quam
1987 1637 2082 1692 ea,
2122 1636 2285 1699 quae
2321 1615 2551 1692 nolles,

489 1707 732 1785 videre,
777 1719 995 1774 tamen
1037 1708 1105 1773 id
1151 1708 1434 1796 cogitare
1471 1707 1766 1786 deberes,
1816 1708 2207 1793 ubicumque
2243 1731 2447 1787 esses,
2485 1719 2550 1775 te

486 1803 625 1867 fore
661 1803 725 1867 in
762 1802 899 1868 eius
935 1803 1155 1889 ipsius,
1192 1825 1388 1887 quem
1423 1802 1701 1888 fugeres,
1737 1812 2051 1888 potestate
2062 1826 2081 1879 3
2118 1801 2231 1886 qui
2264 1802 2321 1867 si
2356 1802 2550 1868 facile

489 1919 791 1983 passurus
834 1908 1003 1962 esset
1046 1907 1107 1961 te
1145 1907 1466 1961 carentem
1512 1896 1718 1980 patria
1754 1907 1819 1961 ct
1852 1896 2124 1961 fortunis
2158 1896 2286 1961 tuis
2330 1895 2552 1979 quiete

489 2003 553 2055 et
585 1991 784 2056 libere
830 1990 1077 2067 vivere,
1132 1989 1547 2074 cogitandum
1592 1989 1709 2054 tibi
1752 2001 1966 2057 tamen
2012 2001 2179 2055 esset
2213 1989 2551 2055 Romaene

489 2099 549 2147 ιιι
605 2084 775 2148 domi
829 2094 1009 2160 tuae,
1066 2082 1452 2148 cuicuimodi
1504 2105 1607 2148 res
1660 2095 1856 2162 esset,
1911 2108 1995 2149 an
2046 2083 2381 2169 Mytilenis
2436 2096 2554 2149 aut

485 2179 700 2243 Rhodi
732 2176 956 2242 malles
993 2177 1229 2241 vivere.
1318 2176 1434 2241 sed
1470 2199 1618 2242 cum
1652 2177 1744 2243 ita
1776 2178 1904 2243 late
1939 2188 2157 2264 pateat
2192 2177 2328 2243 eius
2362 2188 2554 2263 pote-
2673 2236 2674 2241 ,

489 2283 613 2335 stas
629 2319 645 2347 ,
699 2292 891 2355 quem
937 2292 1263 2347 veremur,
1317 2282 1391 2335 ut
1443 2282 1754 2337 terrarum
1810 2272 2032 2337 orbem
2076 2272 2390 2357 conplexa
2444 2274 2583 2351 sit‚.

485 2387 697 2427 nonne
747 2364 951 2428 mavis
1005 2364 1141 2429 sine
1185 2365 1471 2449 periculo
1526 2375 1674 2430 tuae
1729 2365 1903 2431 domi
1954 2388 2093 2431 esse
2147 2387 2340 2450 quam
2396 2389 2551 2432 cum

485 2457 764 2543 periculo
802 2458 1084 2523 alienae?
1121 2458 1440 2542 equidem,
1478 2460 1727 2526 etiamsi
1763 2461 2121 2545 oppetenda-
2154 2482 2326 2525 mors
2355 2474 2549 2540 esset,

485 2555 657 2619 domi
710 2564 902 2639 atque
953 2554 1022 2619 in
1072 2556 1281 2641 patria
1342 2556 1597 2621 mallem
1650 2577 1846 2639 quam
1898 2556 1966 2621 in
2020 2557 2297 2623 externis
2350 2566 2552 2641 atque

485 2651 705 2715 alienis
740 2647 918 2714 locis.
1008 2649 1131 2715 hoc
1165 2649 1338 2714 idem
1376 2672 1615 2728 omnes,
1652 2650 1763 2734 qui
1798 2661 1863 2716 te
1898 2649 2202 2737 diligunt,
2240 2651 2551 2730 sentiunt,

485 2767 754 2827 quorum
792 2754 888 2810 est
929 2766 1166 2829 magna
1209 2766 1325 2830 pro
1369 2744 1496 2809 tuis
1542 2745 1836 2810 maximis
1882 2744 2372 2829 clarissimisque
2419 2747 2554 2810 vir-

425 2855 449 2895 5
485 2839 730 2903 tutibus
765 2838 1126 2903 multitudo·
1182 2838 1493 2903 habemus
1522 2840 1711 2904 etiam
1737 2839 2048 2905 rationem
2083 2840 2177 2904 rei
2211 2839 2550 2905 familiaris

481 2947 661 3008 tuae,
715 2954 909 3016 quam
955 2932 1271 3019 dissupari
1312 2933 1642 2997 nolumus:
1694 2956 1848 2998 nam
1884 2934 2003 2999 etsi
2047 2934 2288 2999 nullam
2332 2944 2552 3019 potest

481 3027 768 3111 accipere
813 3025 1140 3103 iniuriam,
1187 3047 1356 3111 quae
1399 3027 1619 3093 futura
1660 3039 1971 3115 perpetua
2016 3029 2127 3106 sit,
2180 3039 2551 3115 propterea,

481 3119 657 3203 quod
689 3142 900 3204 neque
933 3122 1019 3199 is,
1073 3121 1185 3206 qui
1231 3131 1405 3187 tenet
1440 3145 1575 3188 rem
1610 3121 1966 3208 publicam,
2020 3122 2298 3207 patietur
2332 3144 2551 3208 neque

477 3215 621 3303 ipsa
649 3238 748 3283 res
781 3215 1069 3302 publica,
1105 3227 1320 3283 tamen
1354 3216 1667 3304 impetum
1699 3216 2094 3302 praedonum
2128 3215 2196 3280 in
2231 3226 2378 3282 tuas
2412 3217 2552 3283 for-

481 3323 669 3375 tunas
701 3310 840 3377 fieri
873 3313 1053 3388 nolo;
1099 3310 1166 3375 hi
1213 3322 1431 3376 autem
1466 3314 1576 3395 qui
1611 3322 1823 3376 essent
1836 3356 1855 3386 ,
1902 3310 2204 3375 auderem
2240 3310 2547 3389 scribere,

421 3427 445 3463 ι
479 3407 601 3467 nisi
637 3416 700 3467 ts
733 3405 1104 3490 intellegere
1141 3403 1546 3469 confiderem.
1602 3403 1707 3470 hic
1741 3414 1805 3468 te
1840 3403 2031 3468 unius
2062 3402 2551 3482 sollicitudines,

481 3499 669 3563 unius
719 3498 912 3563 etiam
963 3498 1203 3562 multae
1257 3509 1325 3562 et
1376 3497 1681 3563 adsiduae
1731 3498 2032 3563 lacrimae
2086 3494 2166 3563 C.
2220 3498 2549 3577 Marcelli,

2653 2643 2668 2782 l

2649 2797 2670 2882 ἲ

2657 2885 2669 3106 1

479 3591 693 3655 stati-is
727 3590 981 3675 optimi,
1029 3590 1481 3675 deprecantur:
1536 3613 1652 3656 nos
1691 3613 1845 3656 cura
1890 3602 1955 3657 et
2000 3590 2219 3656 dolore
2264 3594 2548 3678 proximi
2663 3586 2664 3592 '

481 3707 728 3760 sumus,
783 3684 1080 3768 precibus
1124 3684 1467 3763 tardiores,
1522 3685 1695 3769 quod
1726 3682 1830 3750 ius
1867 3683 2178 3762 adeundi,
2231 3707 2384 3750 cum
2420 3688 2550 3774 ipsi

481 3778 922 3863 deprecatione
976 3777 1371 3863 eguerimus,
1424 3801 1557 3845 non
1608 3779 1936 3845 habemus.
2025 3778 2235 3864 gratia
2286 3789 2547 3846 tantum

477 3894 844 3955 possumus,
909 3883 1220 3956 quantum
1281 3872 1436 3938 victi
1444 3896 1464 3951 ;
1528 3873 1643 3939 sed
1694 3885 1909 3938 tamen
1962 3871 2255 3949 consili0,
2326 3874 2550 3939 studio

477 3963 788 4031 Marcello
834 3988 964 4031 non
1008 3966 1332 4032 desumus.
1423 3989 1462 4034 a
1498 3966 1622 4031 tuis
1657 3965 1915 4050 reliquis
1960 3987 2091 4031 non
2125 3964 2546 4045 adhibemur;
2624 4051 2630 4060 Ι

477 4055 561 4123 ad
597 4058 809 4124 omnia
841 4060 1047 4145 parati
1082 4082 1322 4125 sumus.
