2675 4559
660 253 1251 328 ,EPISTOLARUM
1268 251 1434 310 xm.-
1472 255 1722 312 50—54.·
2065 257 2070 262 ·
2090 240 2220 308 345

944 537 953 544 ,
1016 539 1021 544 ,
1108 477 1269 532 LIII.

806 587 925 645 Scr.
946 589 1008 642 in
1022 585 1229 644 Cilicia
1246 607 1296 644 a.
1316 605 1373 644 ιι.
1391 605 1441 644 c.
1461 589 1578 646 703.

612 699 889 756 CICERO
927 698 1252 757 THERMO
1288 694 1565 757 PROPR.
1603 697 1768 764 SAL,
1801 723 1808 726 ·

280 823 369 892 L.
412 821 755 893 Genucilio
794 819 1014 889 Curvo
1044 823 1180 906 ‘iam
1222 824 1474 910 pridem
1516 835 1663 890 utor
1706 825 2218 904 familiarissime,
2255 847 2283 890 ι

151 920 401 1007 optimo
438 920 575 984 viro
604 929 669 984 et
700 917 956 986 homine
991 919 1376 1005 gratissimo.
1431 941 1580 1002 eum
1614 919 1732 984 tibi
1766 921 2020 1010 penitus
2047 942 2221 987 com·
2276 916 2284 922 ’

152 1013 390 1082 mendo
444 1023 637 1097 atque
688 1012 903 1089 trado,
954 1013 1264 1098 primum,
1316 1023 1390 1078 ut
1443 1013 1738 1078 omnibus
1791 1013 1860 1078 in
1910 1014 2104 1080 rebus
2159 1015 2221 1080 ei

150 1106 547 1188 commodes,
576 1105 797 1192 quoad
820 1059 991 1172 fides
1020 1118 1132 1172 tua
1159 1095 1566 1216 dignitasque
1601 1107 1907 1194 patietur3
1943 1107 2238 1218 patietur!

150 1215 376 1269 autem
410 1201 479 1268 in
514 1201 842 1279 omnibus3
886 1199 1044 1266 nihil
1090 1201 1262 1267 enim
1298 1201 1416 1282 abs
1451 1212 1516 1267 te
1551 1223 1885 1286 umquam,
1927 1202 2104 1292 quod
2139 1203 2222 1268 sit
2287 1229 2296 1237 ’

150 1299 441 1365 alienum
475 1297 602 1362 tuis
638 1308 753 1361 aut
786 1290 979 1362 etiam
1013 1297 1146 1362 suis
1181 1294 1500 1376 moribus,
1535 1297 1904 1406 postulabit.
1975 1297 2221 1383 praeci-
2253 1317 2281 1360 ι

149 1413 275 1479 pue
337 1402 556 1458 autem
605 1389 723 1454 tibi
776 1391 1153 1456 commendo
1206 1391 1468 1480 negotia
1512 1392 1680 1467 eius,
1733 1411 1899 1476 quae
1953 1401 2102 1456 sunt
2153 1392 2222 1456 in

148 1487 612 1572 Hellesponto,
647 1485 954 1570 primum,
992 1496 1065 1550 ut
1098 1483 1388 1551 obtineat
1421 1485 1543 1550 id
1523 1485 1680 1550 luris
1715 1485 1784 1549 in
1819 1486 2012 1572 agris,
2048 1484 2222 1572 quod

148 1583 207 1646 ei
239 1579 535 1670 Pariana
569 1579 793 1644 civitas
836 1578 1121 1658 decrevit
1165 1591 1229 1644 et
1277 1576 1453 1645 dedit
1488 1589 1554 1646 et
1597 1577 1773 1664 quod
1817 1601 2071 1665 semper
2105 1579 2222 1644 ob·

150 1675 347 1744 tinuit
382 1673 520 1741 sine
554 1673 686 1740 ulla
720 1672 1169 1750 controversia,
1206 1671 1457 1750 deinde,
1495 1672 1549 1737 si
1565 1673 1741 1782 ‚quid
1773 1673 2040 1738 habebit
2073 1693 2222 1738 cum

149 1768 374 1852 aliquo
408 1766 855 1852 Hellespontio
898 1766 1400 1842 controversiae,
1444 1778 1516 1832 ut
1562 1767 1629 1831 in
1675 1767 1852 1831 illam
1899 1765 2220 1852 διοίκησιν
2315 1770 2324 1776 ’

146 1863 403 1928 reicias.
495 1860 607 1926 sed
640 1883 771 1925 non
805 1857 961 1926 mihi
996 1860 1245 1943 videor,
1292 1883 1442 1932 cum
1487 1861 1604 1925 tibi
1648 1871 1853 1926 totum
1899 1856 2222 1926 hominem

151 1947 640 2044 diligentissime
681 1949 1213 2048 commendarim,
1260 1955 1547 2042 singulas
1583 1952 1668 2020 ad
1710 1965 1775 2020 te
1820 1955 1957 2020 eius
1982 1976 2219 2020 causas

150 2051 553 2137 perscribere
606 2050 857 2115 debere.
965 2069 1219 2114 summa
1278 2049 1391 2115 illa
1443 2061 1567 2117 est.
1633 2049 1943 2135 quicquid
2003 2048 2224 2126 officii,

150 2144 481 2222 beneficii,
523 2143 837 2211 honoris
818 2167 886 2208 ιιι
923 2139 1336 2226 Genucilium
1375 2123 1718 2222 contuleris
1731 2191 1749 2224 ,
1793 2143 1861 2210 id
1906 2155 1968 2210 te
2003 2141 2220 2210 existi-

14 2249 19 2318 ζ
151 2241 347 2306 mabo
380 2239 451 2304 in
485 2261 589 2304 me
623 2238 835 2324 ipsum
870 2249 1064 2323 atque
1098 2239 1167 2302 in
1200 2262 1338 2304 rem
1374 2262 1586 2316 meam
1621 2237 1984 2306 contulisse.

1106 2470 1259 2531 LIV.

564 2584 684 2641 Ser.
702 2585 1021 2642 Laodiceae
1038 2603 1233 2643 mense
1252 2587 1458 2645 Martio
1481 2603 1533 2642 a.
1554 2604 1608 2641 ιι.
1630 2603 1678 2642 c.
1699 2585 1820 2642 704.

534 2775 541 2780 Ι
620 2694 895 2754 c1cERo
932 2664 1255 2753 THERMO
1292 2671 1566 2776 PRoPR
1609 2695 1772 2753 SAL.

272 2829 464 2896 Cum
505 2828 709 2894 multa
750 2825 910 2894 mihi
951 2844 1142 2916 grata
1161 2841 1354 2908 sunt,
1399 2852 1566 2915 qu-ae
1611 2841 1684 2894 tu
1727 2829 2042 2896 adductus
2075 2850 2222 2896 mea

152 2923 709 2992 commendatione
750 2923 994 3002 fecisti,
1049 2936 1186 2993 tum
1221 2925 1291 2989 in
1324 2924 1548 3010 primis
1561 2973 1579 3002 ,
1635 2923 1810 3008 quod
1845 2923 1944 2990 M.
1981 2925 2225 3006 Marci·
2270 2943 2274 2948 ·

154 3020 339 3096 lium,
372 3018 569 3084 amici
592 3029 785 3103 atque
810 3018 1177 3106 interpretis
1204 3020 1333 3090 mei
1357 3019 1583 3102 filium,
1618 3018 2058 3084 liberalissime
2095 3030 2224 3084 tra—

156 3113 443 3190 ctavisti3
488 3112 666 3180 venit
697 3113 873 3180 enim
906 3111 1307 3202 Laodiceam
1340 3125 1408 3180 et
1441 3114 1559 3178 tibi
1593 3113 1768 3199 apud
1801 3134 1904 3179 me
1939 3113 2224 3198 mihique

154 3217 423 3294 propter
453 3217 521 3272 te
552 3207 797 3293 gratias
832 3208 1147 3274 maximas
1181 3209 1364 3295 egit„
1406 3229 1536 3293 qua
1569 3229 1659 3285 re,
1697 3208 1870 3291 quod
1904 3207 2224 3291 reliquum
2286 3217 2294 3225 ’
2339 3267 2344 3272 .

158 3312 283 3380 est,
322 3325 375 3366 a‘
397 3312 461 3368 te
494 3311 674 3387 peto,
708 3302 1013 3386 quoniam
1044 3302 1223 3388 apud
1257 3313 1478 3390 gratos
1513 3298 1806 3368 homines
1839 3299 2225 3369 beneficium

158 3395 345 3480 ponis
356 3442 375 3473 ,
448 3406 539 3462 ut.
573 3417 651 3461 eo
691 3396 1016 3480 ‘libentius
1079 3398 1159 3463 iis
1222 3395 1587 3463 commodes
1638 3410 2042 3482 operamque·
2089 3395 2224 3472 deS,

124 3525 129 3534 -
158 3491 379 3574 quoad
400 3489 579 3555 'fides
624 3501 736 3556 tua
778 3493 1084 3577 patietur,
1138 3505 1215 3561 ut
1256 3513 1477 3558 socrus
1521 3489 1946 3556 adulescentis
1989 3512 2100 3556 rea
2141 3511 2224 3558 ne

160 3584 293 3648 fiat.
382 3605 505 3670 ego
541 3607 689 3650 cum
726 3596 914 3652 antea
948 3587 1233 3652 studiose
1271 3586 1804 3654 commendabam
1837 3585 2224 3662 Marcilium,

162 3690 300 3743 tum
343 3679 548 3744 multo
591 3701 764 3745 nunc
809 3681 1184 3758 studiosius,
1239 3681 1416 3764 quod
1465 3681 1534 3746 in
1583 3680 1780 3766 longa
1832 3677 2252 3766 apparitione·

164 3771 577 3858 singularem*
610 3784 674 3838 et
716 3795 916 3860 prope
960 3771 1400 3841 incredibilem
1443 3774 1644 3860 patris
1688 3774 1969 3840 Marcilii
2011 3773 2224 3850 fidem,

166 3864 616 3932 abstinentiam
655 3863 1161 3955 modestiamque
1198 3869 1494 3956 cognovi.
