2675 4559
1982 1 1995 4 -
2026 0 2170 31 W
2391 0 2485 28 .->·

444 201 573 269 338
1061 213 1137 266 M.
1178 211 1454 269 TULLII
1487 208 1886 268 CICERONIS
2003 209 2006 218 '

443 349 508 406 et
544 350 726 426 patre
752 347 817 404 et
850 358 1003 415 avo;
1041 345 1137 403 est
1164 335 1335 405 enim
1361 333 1754 400 nobilissima
1789 330 2050 398 familia.
2105 333 2495 419 quapropter

442 433 821 502 commendo
856 431 973 498 tibi
1008 430 1315 497 maiorem
1349 430 1418 496 in
1441 429 1704 496 modum
1739 449 1878 493 rem
1908 427 2301 510 domumque
2335 427 2493 502 eius,

439 547 805 614 magnoque
831 547 1031 612 opere·
1050 525 1167 592 abs
1202 535 1265 592 te
1292 535 1464 611 pete,
1501 545 1706 600 eures,
1742 532 1817 587 ut
1843 522 1898 586 is
1927 521 2258 607 intellegat
2286 541 2494 586 meam

440 621 1057 687 commendationem
1100 619 1382 684 maximo
1427 617 1550 682 sibi
1595 616 1769 702 apud
1815 626 1878 682 te
1914 627 1980 681 et
2025 613 2398 680 adiumento
2436 623 2496 678 et

439 725 813 781 ornamento
848 714 1065 780 fuisse.

1338 913 1582 970 XXXV.

1082 1015 1201 1074 Ser.
1218 1015 1435 1072 Romae
1455 1031 1602 1070 anno
1621 1015 1851 1070 incerte.

815 1117 1089 1178 CICERO
1124 1117 1391 1176 ACILIO
1425 1115 1918 1174 PROCONSULI
1952 1115 2116 1172 SAL.

570 1231 650 1302 O.
688 1233 1006 1298 Avianius
1040 1231 1438 1298 Philoxenus
1475 1231 1777 1316 antiquus
1813 1243 1909 1298 est
1943 1231 2180 1317 hospes
2215 1253 2402 1297 meus
2437 1240 2500 1297 et

436 1338 690 1413 praeter
734 1325 1081 1414 hospitium
1126 1326 1315 1392 valde
1359 1326 1554 1392 etiam
1604 1325 1934 1392 familiaris
1947 1373 1966 1402 ,
2021 1345 2220 1409 quem
2255 1323 2500 1392 Caesar

434 1439 579 1484 meo
630 1419 940 1486 beneficio
991 1420 1060 1484 in
1106 1417 1612 1486 Novocomensis
1665 1419 1936 1501 rettulit3
1991 1441 2228 1485 nomen
2281 1431 2497 1486 autem

434 1513 699 1580 Avianii
752 1525 1009 1580 secutus
1062 1525 1179 1590 est,
1230 1514 1410 1598 quod
1459 1512 1718 1580 homine
1771 1513 1948 1580 nullo
1998 1513 2144 1600 plus
2199 1525 2299 1580 est
2344 1536 2498 1580 usus

434 1629 631 1693 quam
672 1607 909 1674 Flacco
953 1607 1265 1684 Avianio,
1318 1630 1494 1684 meo,
1545 1629 1742 1692 quem
1786 1608 1870 1672 ad
1914 1606 2180 1672 modum
2225 1618 2292 1674 te
2337 1607 2500 1674 seire

436 1697 727 1780 arbitror,
748 1703 1277 1770 familiarissimo:
1316 1723 1482 1788 quae
1513 1723 1637 1790 ego
1663 1701 1877 1766 omnia
1905 1701 2179 1788 conlegi,
2215 1712 2292 1766 ut
2315 1701 2502 1768 intel-

435 1799 683 1884 legeres
717 1819 846 1863 non
873 1798 1205 1885 volgarem
1238 1819 1378 1864 esse
1411 1795 2028 1880 commendationem
2061 1795 2231 1862 hane
2266 1819 2498 1862 meam.

434 1903 584 1978 peto
616 1892 815 1979 igitur
848 1893 965 1958 abs
999 1904 1085 1971 te,
1121 1903 1195 1958 ut
1235 1891 1530 1958 omnibus
1565 1891 1786 1968 rebus,
1823 1892 1998 1976 quod
2033 1891 2170 1956 sine
2203 1891 2500 1958 molestia

436 1998 549 2052 tua
599 1987 811 2053 faeere
861 1987 1097 2073 possis,
1151 1987 1212 2054 ei
1264 1985 1630 2052 commodes
1682 1984 2053 2074 habeasque
2103 1985 2172 2049 in
2225 2006 2496 2052 numero

434 2088 691 2144 tuorum
733 2081 1185 2165 perficiasque,
1230 2091 1303 2146 ut
1350 2081 1682 2166 intellegat
1717 2079 1833 2144 has
1868 2078 2114 2145 litteras
2147 2101 2330 2145 meas
2361 2101 2498 2144 ma-

430 2193 561 2258 gno
615 2173 739 2238 sibi
790 2173 937 2238 usui
991 2173 1220 2240 fuisse:
1276 2174 1397 2240 erit
1447 2173 1517 2238 id
1568 2172 1724 2238 mihi
1770 2172 2074 2238 maiorem
2120 2172 2190 2237 in
2232 2172 2498 2238 modum

431 2276 705 2350 gratum.

1322 2409 1600 2507 xxm.

1078 2551 1198 2608 Ser.
1217 2552 1432 2610 Romae
1451 2569 1598 2608 anno
1615 2554 1844 2608 incerto.

810 2655 1082 2710 CICERO
1118 2657 1382 2711 ACILIO
1423 2655 1910 2712 PROCONSULI
1942 2657 2100 2710 SAL.

560 2775 731 2844 Cum
772 2777 1110 2844 Demetrio
1153 2777 1360 2866 Mega
1403 2777 1559 2842 mihi
1604 2787 1928 2844 vetustum
1974 2778 2330 2866 hospitium
2375 2795 2498 2860 est,

428 2869 825 2936 familiaritas
869 2884 1086 2938 autem
1129 2883 1339 2951 tanta,
1393 2881 1634 2958 quanta
1679 2893 1827 2937 eum
1873 2869 2096 2940 Siculo
2143 2875 2346 2942 nullo·
2437 2878 2502 2944 ei

426 2962 771 3032 Dolabella
820 2977 1053 3053 rogatu
1109 2989 1253 3034 meo
1307 2967 1632 3032 civitatem
1677 2989 1718 3031 a
1765 2963 2048 3037 Caesare
2099 2967 2498 3056 impetravit,

427 3077 559 3140 qua
590 3057 658 3122 in
692 3080 761 3125 re
795 3081 919 3146 ego
946 3057 1209 3126 interfui
1218 3087 1237 3138 ;
1272 3061 1491 3146 itaque
1525 3081 1698 3127 nuno
1725 3059 1806 3128 P.
1827 3057 2168 3129 Cornelius
2197 3075 2469 3131 vocatur
2478 3090 2498 3144 ;

428 3171 707 3234 eumque
741 3163 1003 3238 propter
1037 3153 1353 3238 quosdam
1389 3155 1677 3223 sordidos
1711 3155 2024 3234 homines,
2061 3157 2174 3242 qui
2194 3154 2498 3227 Caesaris

424 3243 737 3310 beneficia
789 3246 1187 3324 vendebant,
1238 3248 1556 3326 tabulam,
1608 3249 1676 3314 in
1730 3269 1884 3334 qua.
1915 3251 2180 3318 nomina
2235 3255 2499 3320 civitate

424 3337 806 3404 donatorum
848 3339 1053 3406 ineisa
1096 3353 1339 3420 essent,
1387 3342 1609 3408 revelli
1652 3343 1973 3422 iussisset,
2029 3343 2243 3412 eidem
2287 3345 2503 3413 Dola-

424 3430 631 3496 bellae
664 3451 770 3499 me
804 3433 1101 3500 audiente
1122 3431 1364 3502 Caesar
1393 3435 1553 3501 dixit
1587 3435 1744 3502 nihil
1779 3459 1944 3516 esse,
1979 3439 2157 3523 quod
2185 3441 2268 3506 de
2285 3441 2503 3530 Mega

364 3546 377 3562 ·
424 3536 775 3602 vereretur,
818 3526 1199 3594 beneficium
1234 3547 1424 3595 suum
1468 3531 1535 3596 in
1571 3552 1648 3597 eo
1675 3555 1963 3617 manere.
2052 3533 2178 3601 hoe
2224 3545 2290 3602 te
2327 3537 2498 3602 seire

423 3618 625 3696 volui,
677 3631 753 3684 ut
795 3643 945 3686 eum
987 3622 1057 3686 in
1093 3623 1329 3690 civium
1374 3623 1816 3692 Romanorum
1869 3648 2141 3695 numero
2195 3627 2502 3708 habere&

342 3795 349 3802 .
423 3711 776 3796 ceterisque
818 3714 887 3780 in
927 3715 1121 3782 rebus
1166 3717 1283 3783 tibi
1328 3741 1477 3784 eum
1529 3719 1620 3786 ita
1663 3721 2072 3800 commendo,
2127 3733 2202 3788 ut
2249 3725 2501 3791 maiore

421 3804 631 3908 studio
664 3807 988 3876 neminem
1023 3812 1546 3880 commendarim.
1633 3815 2076 3901 gratissimum
2119 3815 2284 3882 mihi
2319 3819 2501 3886 fece-

420 3916 537 3999 ris,
580 3895 636 3960 si
671 3923 819 3967 eum
852 3901 944 3968 ita
978 3904 1295 3983 tractaris,
1343 3918 1414 3971 ut
1457 3907 1790 3995 intellegat
1823 3932 2039 3978 meam
2075 3915 2503 3980 commenda-

420 3994 657 4054 tionem
689 4015 928 4080 magno
961 3999 1081 4064 sibi
1114 4011 1488 4067 ornamento
1525 4001 1743 4070 fuisse.
