2675 4559
758 261 1315 321 EPISTOLARUM
1347 264 1484 320 XII.
1520 265 1604 320 15.
1619 268 1624 272 ’
2079 253 2209 320 297

139 389 431 477 exposui.
520 387 809 453 Rhodios
845 396 1062 452 autem
1095 397 1273 452 tanta
1305 387 1374 450 in
1407 388 1723 473 pravitate
1760 389 2203 466 animadverti,

138 497 211 550 ιιι
238 483 453 549 omnis
489 481 800 547 firmiores
832 491 1134 567 putarent
1158 502 1357 565 quam
1390 482 1615 559 bonos,
1651 493 1725 548 ut
1748 481 1918 548 hanc
1944 505 2206 550 concorh

140 578 315 643 diam
369 587 439 642 et
483 575 1015 662 conspirationem
1060 575 1346 640 omnium
1390 576 1686 641 ordinum
1727 576 1813 641 ad
1858 576 2206 644 defenden-

23 748 29 756 .
141 674 292 737 dam
325 671 689 739 libertatem
732 690 1050 756 propense
1092 691 1223 734 non
1259 669 1589 736 crederent
1634 692 1774 738 esse
1818 671 2086 749 factam,
2133 684 2206 738 ιιι

141 766 520 853 patientiam
547 776 805 832 senatus
836 777 900 830 et
926 764 1150 850 optimi
1178 765 1490 849 cuiusque
1523 788 1782 831 manere
1811 766 2006 831 etiam
2030 789 2205 832 nunc

142 860 539 926 confiderent
580 881 700 924 nec
745 858 1027 944 potuisse
1071 858 1309 924 audere
1359 879 1751 942 quemquam
1794 859 2205 926 Dolabellam

142 955 394 1019 hostem
427 953 738 1028 iudicare,
782 962 858 1017 ut
893 951 1169 1036 denique
1205 952 1450 1030 omnia,
1496 973 1663 1037 quae
1711 953 1966 1038 inprobi
1999 956 2203 1041 finge-

142 1049 319 1126 bant,
349 1047 559 1133 magis
585 1068 740 1111 vera
766 1045 1204 1112 existimarent
1230 1068 1425 1130 quam
1456 1068 1622 1131 quae
1648 1070 1797 1113 vere
1824 1047 1998 1113 facta
2023 1059 2206 1114 erant

143 1153 206 1207 et
238 1165 281 1206 a
316 1141 507 1206 nobis
552 1141 965 1206 docebantur.
1052 1160 1183 1223 qua
1225 1151 1441 1206 mente
1485 1141 1677 1206 etiam
1723 1152 1870 1207 ante
1914 1153 2204 1207 nostrum
2234 1161 2265 1201 ι

144 1235 496 1300 adventum
529 1245 674 1320 post
702 1233 1008 1300 Trebonii
1039 1233 1550 1320 indignissimam
1579 1234 1840 1300 caedem
1867 1246 2201 1319 ceteraque

145 1340 239 1392 tot
272 1340 539 1412 tamque
572 1326 819 1394 nefaria
852 1327 1139 1392 facinora
1164 1327 1356 1392 binae
1390 1327 1718 1413 profectae
1747 1340 1930 1394 erant
1953 1328 2038 1394 ad
2062 1327 2203 1393 Do-

144 1421 445 1487 labellam
497 1421 849 1507 legationes
903 1443 1152 1498 eorum,
1216 1432 1282 1486 et
1340 1421 1604 1504 quidem
1662 1443 1833 1487 novo
1886 1423 2203 1508 exemp10,

147 1526 368 1581 contra
413 1515 590 1601 leges
633 1516 950 1601 ipsorum,
1001 1515 1488 1601 prohibentibus
1521 1515 1630 1590 iis,
1676 1516 1788 1600 qui
1821 1527 1961 1581 tum
1995 1518 2202 1602 magi-

146 1619 381 1674 stratus
417 1609 746 1694 gerebant.
799 1609 960 1675 haec
988 1610 1121 1674 sive
1157 1609 1404 1685 timore,
1441 1619 1514 1672 ut
1548 1609 1860 1686 dictitant,
1898 1609 1978 1675 de
2007 1611 2200 1696 agris,

145 1722 306 1786 quos
351 1702 421 1768 in
455 1703 802 1769 continenti
843 1703 1111 1777 habent,
1165 1702 1300 1769 sive
1346 1701 1594 1778 furore,
1647 1702 1784 1767 sive
1827 1703 2202 1787 impotentia

23 1828 26 1849 ι
144 1819 519 1883 paucorum,
555 1798 667 1882 qui
700 1809 767 1862 et
800 1808 990 1863 antea
1022 1797 1164 1882 pari
1198 1794 1584 1862 contumelia
1610 1796 1782 1860 viros
1817 1796 2200 1861 clarissimos

146 1891 524 1957 adfecerant
556 1902 626 1956 et
660 1913 835 1956 nunc
875 1891 1189 1956 maximos
1231 1891 1644 1976 magistratus
1689 1901 1987 1976 gerentes
2020 1890 2199 1955 nullo

147 1985 441 2071 exemplo
476 2007 688 2069 neque
714 1996 932 2050 nostra
960 2007 1040 2051 ex
1073 1995 1255 2070 parte
1280 2006 1492 2068 neque
1519 1995 1737 2050 nostro
1772 1985 2202 2069 praesentium

146 2101 358 2164 neque
391 2079 749 2145 imminenti
784 2079 1009 2144 Italiae
1044 2079 1316 2164 urbique
1351 2089 1608 2144 nostrae
1641 2078 1957 2164 periculo,
2003 2078 2060 2143 si
2093 2078 2202 2143 ille

146 2173 467 2259 parricida
502 2195 651 2239 cum
685 2172 818 2239 suis
860 2173 1214 2238 latronibus
1258 2172 1532 2237 navibus
1569 2195 1651 2238 ex
1684 2173 1850 2238 Asia
1883 2171 2202 2258 Syriaque
2292 2222 2296 2227 -

144 2269 455 2352 expulsus
472 2267 729 2334 Italiam
762 2267 1043 2353 petisset,
1078 2266 1339 2344 mederi,
1377 2288 1525 2332 cum
1549 2265 1740 2332 facile
1771 2277 2052 2352 possent,
2089 2287 2202 2331 vo-

142 2362 423 2426 luerunt.
510 2382 639 2426 non
673 2361 866 2426 nullis
904 2361 1095 2428 etiam
1138 2361 1263 2447 ipsi
1304 2361 1716 2447 magistratus
1760 2360 2155 2430 veniebant
2135 2385 2204 2426 m
2237 2377 2263 2419 5

145 2455 566 2540 suspitionem
602 2455 948 2521 detinuisse
983 2477 1100 2520 nos
1136 2466 1200 2522 et
1234 2455 1546 2521 demorati
1582 2478 1751 2534 esse,
1789 2456 1945 2521 dum
1981 2455 2202 2522 classis

141 2548 531 2614 Dolabellae
565 2550 794 2616 certior
825 2549 1009 2616 fieret
1043 2549 1124 2615 de
1161 2549 1442 2615 adventu
1477 2560 1723 2616 nostro:
1757 2572 1956 2634 quam
1992 2549 2200 2636 suspi-

143 2642 385 2708 tionem
438 2654 815 2709 consecutae
859 2666 964 2710 res
1008 2643 1251 2727 aliquot
1293 2655 1640 2721 auxerunt,
1695 2644 1974 2709 maxime
2027 2645 2202 2727 quod

144 2735 359 2800 subito
408 2759 491 2802 ex
525 2736 735 2822 Lycia
770 2737 922 2804 Sex.
957 2737 1208 2803 Marius
1256 2748 1319 2803 et
1357 2734 1435 2802 O.
1472 2737 1712 2812 Titius,
1764 2736 1963 2823 legati
1996 2735 2202 2802 Dola-

143 2831 387 2908 bellae,
444 2856 485 2896 a
517 2833 721 2899 classe
757 2833 1183 2898 discesserunt
1223 2832 1504 2915 navique
1536 2832 1734 2917 longa
1775 2831 2201 2941 profugerunt

144 2924 452 2989 onerariis
504 2926 770 3004 relictis,
830 2926 901 2990 in
950 2926 1185 3010 quibus
1239 2925 1634 3011 conligendis
1684 2947 1815 2990 non
1867 2925 2205 2990 minimum

143 3020 452 3105 temporis
478 3021 841 3106 laborisque
871 3031 1415 3106 consumpserant.
1467 3021 1683 3104 itaque
1702 3041 1850 3086 cum
1869 3020 1955 3086 ab
1971 3020 2202 3086 Rhodo

145 3135 295 3177 cum
329 3117 441 3191 iis,
487 3136 649 3198 quas
683 3114 1142 3190 habueramus,
1184 3115 1458 3179 navibus
1501 3114 1570 3178 in
1604 3114 1878 3199 Lyciam
1923 3115 2203 3180 venisse-

144 3229 320 3284 mus,
355 3207 541 3273 navis
577 3208 898 3274 onerarias
941 3208 1298 3294 recepimus
1347 3206 1748 3290 dominisque
1792 3206 2204 3285 restituimus,

144 3299 476 3384 idemque,
523 3302 697 3386 quod
730 3302 1008 3368 maxime
1042 3302 1451 3379 verebamur,
1495 3325 1577 3367 ne
1612 3310 1830 3386 posset
1861 3299 2206 3367 Dolabella
2315 3332 2318 3336 “

144 3416 295 3459 cum
334 3395 465 3460 suis
513 3388 865 3461 latronibus
908 3396 977 3461 in
1011 3394 1268 3460 Italiam
1310 3395 1557 3471 venire,
1600 3394 1822 3460 timere
1869 3393 2204 3472 desiimus3

146 3488 423 3553 classem·
459 3489 817 3576 fugientem
860 3489 1181 3576 persecuti
1223 3511 1449 3554 sumus
1493 3510 1700 3572 usque
1737 3485 1992 3564 Sidam,
2038 3509 2204 3572 quae

146 3593 436 3650 extrema
469 3583 649 3668 regio
685 3596 781 3650 est
822 3583 1187 3670 provinciae
1234 3606 1435 3649 meae.
1522 3583 1614 3648 ibi
1647 3582 1922 3669 cognovi
1955 3593 2203 3667 partem
2237 3599 2264 3640 ⁶

145 3675 412 3742 navium
445 3675 827 3744 Dolabellae
862 3675 1194 3764 diffugisse
1207 3725 1226 3755 ,
1271 3676 1549 3762 reliquas
1587 3676 1846 3762 Syriam
1881 3673 2204 3762 Cyprum-

146 3791 269 3854 que
305 3772 577 3858 petisse=
614 3774 847 3857 quibus
884 3771 1192 3849 disiectis,
1230 3794 1380 3837 cum
1415 3773 1644 3838 scirem
1680 3769 1759 3837 0.
1798 3768 2041 3848 Cassii,
2077 3771 2206 3836 sin-

145 3867 388 3950 gularis
426 3867 585 3933 civis
622 3879 687 3934 et
720 3869 930 3946 ducis,
976 3869 1241 3933 classem
1285 3868 1632 3932 maximam
1665 3868 1804 3933 fore
1849 3876 2102 3952 praesto
2136 3866 2207 3931 in

150 3959 368 4045 Syria,
424 3962 511 4028 ad
554 3986 770 4029 meum
805 3962 1091 4029 officium
1133 3962 1394 4042 reverti,
1450 3963 1744 4047 daboque
1789 3983 2079 4048 operam,
2131 3972 2208 4026 ut

151 4075 363 4123 meum
400 4056 714 4136 studium,
752 4057 1145 4144 diligentiam
1182 4057 1393 4134 vobis,
1427 4069 1638 4144 patres
1675 4055 2046 4142 conscripti,
2083 4055 2208 4122 rei-
