2675 4559
240 0 509 97 ΕΞῆ.Ὶ’Ξ;
561 46 574 72 .’
624 36 632 44 ’
707 67 718 74 ,

754 282 1309 340 EPISTOLARUM
1342 285 1447 340 IX.
1484 287 1568 340 14.
2060 273 2192 339 205

165 408 384 491 aliquae
418 427 629 483 meae,
665 406 886 473 laudes
924 407 1008 472 ad
1043 416 1106 471 te
1141 407 1627 485 transfuderim,
1665 430 1862 493 quam
1908 409 2187 494 aliquam

157 515 381 588 partem
414 500 820 566 exhauserim
857 523 938 566 ex
971 501 1126 566 tuis:
1173 523 1327 566 nam
1363 523 1509 566 cum
1553 513 1617 568 te
1653 525 1905 589 semper
1937 515 2186 569 tantum

159 594 491 672 dilexerim,
545 605 858 679 quantum
891 606 963 659 tu
997 595 1370 681 intellegere
1404 595 1697 680 potuisti,
1755 609 1893 661 tum
1927 597 2027 663 his
2061 599 2191 663 tuis

153 689 322 755 factis
353 689 445 754 sic
478 689 778 754 incensus
813 712 974 766 sum,
1010 700 1084 754 ut
1115 689 1274 754 nihil
1309 711 1618 773 umquam
1650 691 1718 754 in
1747 713 1963 758 amore
1999 691 2191 758 fuerit

153 783 488 860 ardentius3
533 783 692 847 1111111
723 794 824 852 est
858 784 1026 850 enim
1038 831 1057 861 ,
1101 783 1258 849 mihi
1295 784 1513 860 crede,
1561 784 1793 850 virtute
1825 785 2189 864 formosius,

151 877 294 943 nihil
325 877 685 963 pulchrius,
729 878 890 942 nihil
926 879 1282 944 amabilius.
1376 900 1627 963 semper
1661 879 1899 956 amavi,
1935 890 2009 945 ut
2041 880 2187 958 scis,
2224 898 2251 938 5

151 971 240 1036 M.
264 972 537 1036 Brutum
573 982 834 1059 propter
869 971 1006 1038 eius
1041 995 1365 1038 summum
1397 971 1747 1059 ingenium,
1782 973 2193 1039 suavissimos

149 1089 373 1144 mores,
409 1065 803 1152 singularem
838 1066 1220 1151 probitatem
1257 1077 1449 1152 atque
1486 1067 1933 1132 constantiam:
1978 1076 2195 1133 tamen

148 1161 358 1225 Idibus
391 1159 652 1224 Martiis
704 1169 952 1224 tantum
1005 1160 1270 1226 accessit
1322 1162 1408 1226 ad
1452 1182 1761 1238 amorem,
1815 1169 1887 1226 ut
1929 1159 2193 1224 mirarer

148 1255 347 1320 locum
369 1253 576 1318 fuisse
601 1254 882 1338 augendi
915 1254 982 1318 in
999 1276 1104 1332 ⁴e0,
1135 1255 1312 1338 quod
1345 1255 1503 1320 mihi
1536 1255 1665 1322 iam
1690 1254 1941 1342 pridem
1970 1276 2195 1320 cumu-

147 1349 333 1414 latum
387 1347 582 1414 etiam
631 1347 988 1412 videbatur.
1077 1349 1222 1432 quis
1267 1359 1405 1414 erat
1448 1350 1563 1434 qui
1605 1359 1862 1435 putaret
1906 1349 1990 1414 ad
2044 1369 2188 1413 eum

147 1464 438 1520 amorem,
475 1463 669 1525 quem
697 1463 852 1528 erga
885 1453 949 1508 te
983 1442 1322 1519 habebam,
1352 1465 1541 1529 posse
1573 1444 1815 1528 aliquid
1851 1441 2193 1510 accedere?

144 1549 384 1602 tantum
435 1536 732 1613 accessit,
791 1547 863 1600 ut
915 1535 1072 1601 mihi
1123 1559 1300 1602 nunc
1351 1537 1627 1621 denique
1680 1559 1895 1602 amare
1948 1537 2188 1610 videar,

143 1644 322 1697 antea
357 1631 676 1696 dilexisse.
764 1651 896 1716 qua
928 1653 998 1696 re
1035 1631 1190 1714 quid
1227 1641 1324 1696 est
1359 1631 1534 1714 quod
1568 1652 1691 1716 ego
1727 1643 1793 1698 te
1828 1631 2071 1707 horter,
2117 1640 2191 1694 ut
2227 1650 2253 1690 6

40 1771 43 1810 2
143 1727 432 1814 dignitati
480 1736 542 1792 et
585 1725 826 1811 gloriae
870 1725 1150 1792 servias?
1194 1746 1551 1812 proponam
1596 1724 1713 1789 tibi
1758 1724 1962 1791 claros
1999 1725 2191 1801 viros,

40 1833 43 1870 ῑ
139 1823 308 1906 quod
340 1821 556 1886 facere
583 1821 806 1897 solent,
843 1819 956 1904 qui
984 1819 1354 1886 hortantur?
1386 1821 1709 1886 neminem
1734 1819 1941 1884 habeo
1970 1819 2195 1885 clario-

40 1919 42 1922 ’
140 1939 268 1981 rem
303 1937 502 2000 quam
537 1925 601 1979 te
635 1913 878 2000 ipsum3
932 1925 996 1979 te
1029 1915 1276 1980 imitere
1312 1924 1592 2001 oportet,
1638 1925 1851 1980 tecum
1884 1914 2023 1999 ipse
2060 1932 2197 1976 cer-

137 2021 261 2075 tes:
303 2031 386 2074 ne
429 2007 580 2074 licet
625 2006 884 2090 quidem
918 2007 1036 2070 tibi
1080 2008 1210 2072 iam
1244 2008 1437 2074 tantis
1472 2007 1667 2074 rebus
1702 2007 1901 2093 gestis
1935 2027 2067 2071 non
2099 2004 2197 2068 tui

41 2157 43 2160 Α
139 2105 406 2170 similem
442 2105 603 2168 esse.
692 2101 864 2185 quod
911 2123 1058 2166 cum
1093 2103 1186 2168 ita
1219 2104 1330 2181 sit,
1350 2101 1641 2168 hortatio
1674 2124 1805 2168 non
1840 2111 1939 2168 est
1971 2117 2253 2167 neces-⁷

40 2261 42 2264 ,
139 2199 317 2274 saria,
355 2195 784 2282 gratulatione
817 2197 1026 2282 magis
1062 2198 1375 2262 utendum
1410 2208 1534 2264 est.
1572 2197 1863 2307 contigit
1873 2197 2043 2262 enim
2078 2194 2197 2264 tibi

141 2292 310 2378 quod
340 2290 521 2356 haud
557 2290 688 2355 scio
727 2313 812 2354 an
846 2290 1114 2368 nemini,
1163 2302 1233 2356 ut
1269 2315 1523 2357 summa
1564 2291 1869 2358 severitas
1905 2287 2193 2356 animad-

137 2385 444 2452 versionis
487 2406 619 2450 non
662 2384 854 2448 modo
898 2407 1028 2449 non
1070 2385 1416 2464 invidiosa,
1470 2386 1584 2452 sed
1630 2387 1822 2452 etiam
1867 2383 2216 2495 popularis

140 2491 296 2547 esset
333 2490 404 2544 et
429 2500 580 2543 cum
606 2477 789 2544 bonis
816 2478 1112 2544 omnibus
1139 2491 1276 2545 tum
1301 2479 1524 2544 infimo
1552 2481 1783 2564 cuique
1809 2473 2193 2564 gratissima.

139 2573 248 2640 hoc
273 2575 336 2639 si
365 2572 486 2636 tibi
517 2571 776 2636 fortuna
802 2573 1082 2656 quadam
1112 2575 1501 2661 contigisset,
1529 2575 1887 2683 gratularer
1908 2570 2197 2638 felicitati

138 2680 306 2746 tuae3
350 2667 472 2732 sed
505 2667 772 2752 contigit
803 2668 1244 2752 magnitudine
1281 2691 1430 2734 eum
1466 2668 1663 2732 animi
1698 2679 1835 2731 tum
1870 2666 2065 2731 etiam
2096 2665 2197 2728 in·-

40 2797 43 2842 ς
138 2763 302 2848 genii
342 2772 540 2844 atque
575 2759 848 2838 consilii3
885 2762 1014 2847 legi
1049 2762 1221 2826 enim
1255 2761 1617 2827 contionem
1651 2770 1855 2827 tuam:
1892 2757 2051 2823 nihil
2086 2756 2197 2822 illa

40 2865 43 2892 ³
141 2855 518 2944 sapientium
562 2855 653 2920 ita
695 2855 1153 2940 pedetemptim
1188 2866 1254 2920 et
1297 2855 1615 2942 gradatim
1651 2865 1790 2919 tum
1825 2875 2119 2920 accessus
2157 2873 2197 2914 a

140 2963 194 3016 te
225 2951 316 3018 ad
347 2951 615 3014 causam
637 2948 812 3024 facti,
850 2961 989 3013 tum
1017 2969 1328 3026 recessus,
1364 2958 1439 3012 ut
1466 2971 1568 3014 res
1597 2948 1737 3034 ipsa
1764 2947 2195 3014 maturitatem

40 3047 43 3102 ἶ
139 3045 244 3109 tibi
297 3040 856 3110 animadvertendi
901 3042 1187 3127 omnium
1233 3063 1540 3109 concessu
1598 3042 1799 3108 daret.
1911 3041 2196 3107 liberasti
2232 3061 2259 3100 s

140 3137 333 3224 igitur
369 3147 436 3202 et
469 3136 697 3202 urbem
728 3137 1014 3223 periculo
1051 3147 1116 3202 et
1151 3137 1472 3200 civitatem
1505 3147 1709 3211 metu,
1746 3157 1957 3220 neque
1992 3135 2201 3199 solum

143 3233 216 3298 ad
262 3245 528 3318 tempus
580 3230 929 3297 maximam
981 3230 1317 3297 utilitatem
1363 3229 1629 3296 attulisti
1643 3275 1662 3306 ,
1718 3228 1832 3294 sed
1878 3227 2071 3292 etiam
2116 3227 2199 3290 ad

144 3327 527 3413 exemplum.
616 3347 745 3410 quo
797 3324 971 3391 facto
1026 3324 1399 3410 intellegere
1452 3322 1654 3388 debes
1703 3322 1771 3386 in
1814 3331 1879 3386 te
1925 3320 2201 3406 positam

145 3441 270 3488 esse
308 3442 455 3486 rem
488 3419 816 3506 publicam
851 3418 1096 3503 tibique
1137 3441 1267 3486 non
1300 3418 1494 3483 modo
1529 3417 1822 3493 tuendos,
1859 3415 1972 3482 sed
2007 3414 2201 3480 etiam

145 3515 462 3582 ornandos
499 3536 638 3580 esse
671 3514 814 3579 illos
850 3513 1042 3591 viros,
1079 3536 1119 3579 a
1153 3514 1389 3599 quibus
1424 3512 1675 3578 initium
1710 3509 2019 3577 libertatis
2055 3523 2205 3593 pro-

146 3604 384 3674 fectum
429 3609 546 3674 es't.
575 3685 580 3688 ¹
652 3608 766 3674 sed
817 3607 916 3673 his
971 3609 1060 3674 de·
1094 3609 1288 3674 rebus
1324 3630 1543 3674 coram
1576 3607 1763 3693 plura
1806 3603 2203 3692 propediem,

148 3714 213 3765 ut
253 3725 477 3790 spero:
531 3712 602 3768 tu
649 3702 955 3787 q'uoniam
995 3725 1132 3768 rem
1183 3702 1509 3789 publicam
1553 3723 1798 3788 nosque
1842 3719 2203 3773 conservas,

40 3885 42 3888 y
149 3793 245 3860 fac
293 3808 374 3864 ut
422 3796 912 3882 diligentissime
968 3807 1032 3864 te
1093 3797 1334 3883 ipsum,
1407 3797 1499 3860 mi
1549 3794 1921 3872 Dolabella,
1991 3801 2205 3858 custo-

153 3886 302 3955 dias.
