2675 4559
423 236 510 305 66
1042 246 1119 300 M.
1157 244 1431 303 TULLII
1464 242 1866 301 CICERONIS

364 394 396 437 ι
429 370 753 439 decedam.
843 388 1033 435 nunc⁴
1059 368 1144 435 ad
1189 369 1457 436 alteram
1502 366 1837 454 epistolam
1879 365 2087 432 venio·
2176 365 2354 450 quod
2404 358 2489 431 ad

425 491 532 535 me
571 466 757 551 quasi
801 464 1076 529 formam
1126 462 1562 530 communium
1614 472 1975 547 temporum
2028 471 2093 526 et
2142 460 2338 525 totius
2392 461 2489 527 rei

424 560 722 647 publicae
763 557 992 626 misisti
1021 579 1397 643 expressam
1412 605 1430 634 ‚
1466 556 1807 643 prudentia
1838 555 2195 621 litterarum
2218 564 2490 621 tuarum

426 655 614 721 valde
667 654 826 722 mihi
880 664 978 719 est
1023 662 1242 739 ἔκπιες
1307 650 1497 717 video
1550 652 1722 717 enim
1770 659 1839 715 et
1888 648 2172 735 perifflala
2221 648 2489 725 leviora,

423 770 624 832 quam
645 747 974 824 timebam,
1008 757 1075 813 et
1101 746 1346 811 maiora
1371 745 1709 831 praesidia,
1744 744 1801 809 si
1827 744 2107 828 quidem,
2139 754 2211 807 ut
2233 743 2491 821 scribis,

427 864 649 909 omnes
693 844 861 908 vires
906 841 1178 907 civitatis
1221 862 1290 906 se
1339 838 1423 907 ad
1464 838 1759 924 Pompeii
1804 838 2068 905 ductum
2118 837 2491 923 adplicave·

425 947 595 1011 runt,
631 946 942 1019 tuumque
973 934 1168 1003 simul
1201 943 1571 1019 promptum
1606 933 1889 999 animum
1924 942 1990 997 et
2024 932 2303 997 alacrem
2339 953 2490 1017 per-

425 1032 610 1116 spexi
645 1028 728 1094 ad
764 1028 1233 1095 defendendam
1267 1050 1405 1093 rem
1440 1026 1795 1111 publicam,
1842 1024 2305 1109 mirificamque
2334 1028 2494 1110 'cepi

425 1125 823 1211 voluptatem
857 1145 940 1187 ex
973 1122 1094 1187 hac
1140 1132 1253 1187 tua
1295 1121 1660 1207 diligentia,
1712 1119 1890 1203 quod
1930 1120 1999 1185 in
2046 1118 2311 1185 summis
2356 1120 2491 1187 tuis

426 1216 952 1303 occupationibus
1004 1214 1161 1279 mihi
1211 1225 1426 1279 tamen
1478 1214 1573 1279 rei
1624 1214 1921 1299 publieae
1972 1222 2209 1280 statum
2260 1235 2379 1299 per
2420 1227 2495 1279 te

425 1322 649 1375 uotum
694 1332 834 1375 esse
878 1306 1164 1373 voluisti:
1219 1330 1373 1373 nam
1417 1307 1747 1393 auguralis
1780 1308 1979 1373 libros
2010 1306 2101 1372 ad
2138 1328 2494 1373 commune

425 1404 756 1487 utriusque
791 1413 1082 1469 nostrum
1115 1402 1319 1467 otium
1354 1424 1578 1491 serva35
1612 1422 1740 1488 ego
1774 1402 1976 1479 enim,
2011 1425 2053 1467 a
2086 1412 2149 1467 te
2182 1423 2335 1467 cum
2372 1412 2495 1468 tua

423 1498 736 1584 promissa
779 1518 896 1582 per
935 1496 1180 1561 litteras
1225 1495 1628 1581 flagitabam,
1682 1494 1767 1561 ad
1810 1494 2037 1561 urbem
2078 1505 2143 1560 te
2178 1495 2493 1561 otiosissi-

425 1615 602 1657 mum
634 1615 778 1657 esse
813 1591 1196 1657 arbitrabar:
1231 1612 1408 1657 nunc
1440 1602 1676 1670 tamen,
1710 1602 1784 1657 ut
1818 1592 1955 1677 ipse
1989 1590 2329 1677 polliceris,
2364 1612 2491 1676 pro

427 1686 842 1773 auguralibus
886 1685 1064 1751 libris
1099 1685 1418 1771 orationes
1460 1696 1605 1753 tuas
1652 1682 1975 1751 confectas
2005 1686 2217 1749 omnis
2254 1706 2489 1771 exspe-

363 1800 390 1841 5
426 1780 632 1847 ctabo.
704 1780 794 1846 D.
831 1780 1105 1858 Tullius,
1139 1780 1248 1847 cui
1279 1780 1585 1846 mandata
1619 1779 1701 1845 ad
1733 1802 1839 1844 me
1877 1778 2125 1855 dedisti,
2162 1802 2293 1847 uon
2326 1802 2490 1847 eon·

423 1886 685 1941 venerat
745 1896 878 1951 me3
939 1896 1060 1940 nec
1125 1884 1262 1939 erat
1323 1874 1454 1939 iam
1514 1873 1855 1957 quisquam
1906 1895 2161 1939 meeum
2222 1884 2493 1939 tuorum

421 1979 674 2054 praeter
707 1968 912 2033 omnis
949 1990 1146 2043 meos,
1179 1967 1293 2051 qui
1326 1976 1477 2031 sunt
1512 1987 1733 2031 omnes
1770 1967 1882 2031 tui.
1948 1967 2485 2035 stomachosiores

421 2084 596 2127 meas
639 2061 884 2127 litteras
929 2082 1092 2144 quas
1137 2060 1314 2126 dicas
1355 2080 1535 2136 esse,
1588 2081 1719 2124 nou
1763 2060 2095 2145 intellego:
2148 2061 2249 2127 bis
2286 2062 2375 2127 ad
2418 2073 2492 2129 te

421 2154 672 2239 scripsi,
707 2176 812 2219 me
848 2176 1133 2239 purgans
1165 2152 1530 2239 diligenter,
1567 2163 1630 2219 te
1666 2154 1893 2221 leniter
1920 2176 2238 2221 accusans
2273 2155 2343 2221 in
2380 2178 2487 2233 eo,

421 2246 594 2330 quod
637 2246 718 2311 de
763 2269 870 2313 me
915 2246 1039 2311 cito
1076 2246 1453 2321 credidisses
1465 2270 1483 2323 3
1528 2246 1704 2330 quod
1748 2269 1953 2333 genus
1988 2248 2287 2331 querelae
2322 2248 2492 2318 mihi

420 2340 678 2425 quidem
713 2340 1052 2406 vide-batur
1087 2363 1228 2407 esse
1263 2340 1481 2417 amici3
1527 2340 1627 2405 sin
1663 2340 1779 2430 tibi
1811 2341 2135 2428 displicet,
2169 2365 2303 2409 non
2336 2354 2491 2411 utar

419 2456 496 2499 eo
539 2434 824 2519 posthae.
916 2435 1031 2501 sed
1067 2435 1150 2513 si,
1194 2446 1269 2501 ut
1303 2434 1557 2512 scribis,
1602 2458 1717 2501 eae
1759 2434 2007 2501 litterae
2041 2458 2172 2501 uon
2216 2438 2491 2505 fuerunt

419 2528 710 2604 disertae,
745 2527 906 2593 scito
941 2551 1118 2595 meas
1151 2550 1282 2595 non
1317 2528 1549 2595 fuisse:
1587 2539 1660 2594 ιιι
1692 2529 1864 2595 euim
1890 2529 2309 2597 Aristarchus
2337 2532 2489 2598 Ho-

415 2622 576 2688 meri
608 2645 866 2690 versum
900 2635 1116 2710 negat,
1153 2645 1345 2708 quem
1370 2646 1501 2689 non
1525 2624 1775 2711 probat,
1810 2623 1903 2691 sic
1930 2634 2001 2689 ιιι
2017 2660 2106 2672 -
2091 2625 2279 2693 libet
2307 2626 2491 2695 enim

417 2716 625 2781 mihi
605 2716 802 2782 locari
831 2752 933 2794 -‚
970 2717 1145 2803 quod
1169 2718 1477 2783 disertum
1504 2738 1635 2781 non
1661 2718 1799 2795 erit,
1834 2740 1919 2793 ne
1952 2719 2199 2804 putaris
2230 2742 2481 2787 meum.

416 2811 560 2876 vale
605 2820 670 2875 et
711 2810 781 2875 in
824 2830 1094 2878 censura
1129 2847 1215 2857 --
1250 2811 1304 2875 si
1347 2810 1477 2877 iam
1521 2834 1589 2876 es
1624 2832 1883 2888 censor,
1925 2822 1998 2877 ut
2042 2834 2233 2899 spero
2267 2850 2360 2863 —-
2396 2815 2486 2883 de

413 2924 654 2987 proavo
684 2904 963 2971 multum
995 2904 1276 2989 cogitato
1313 2915 1445 2969 tuo.

1369 3064 1504 3119 ΧΠ.

739 3162 856 3220 Ser.
881 3163 1056 3221 Sidae
1071 3182 1122 3226 a.
1143 3166 1198 3220 d.
1217 3166 1320 3236 ΠΙ.
1344 3166 1535 3223 Nonas
1557 3166 1793 3225 Sextiles
1812 3183 1865 3221 a.
1884 3184 1941 3221 ιι.
1961 3184 2010 3221 c.
2029 3167 2151 3222 704.

907 3270 987 3324 M
1027 3266 1303 3324 CICERO
1339 3269 1461 3323 ΑΡ.
1498 3266 1863 3325 PULCHRO
1903 3266 1960 3323 S.

352 3393 377 3433 1
543 3368 936 3439 Gratulabor
969 3374 1086 3439 tibi
1120 3374 1298 3459 prius
1315 3410 1407 3421 -
1429 3374 1520 3439 ita
1553 3374 1724 3439 enim
1758 3396 1975 3440 rerum
2001 3374 2159 3441 ordo
2190 3380 2481 3463 postulat

407 3501 516 3542 --,
552 3463 782 3533 deinde
819 3466 902 3531 ad
945 3490 1049 3533 me
1085 3477 1439 3533 convertar.
1529 3487 1650 3551 ego
1686 3488 1839 3532 vero
1874 3467 2289 3536 vehem-enter
2321 3495 2481 3559 gra-

408 3558 580 3622 tulor
614 3556 694 3622 de
726 3558 964 3623 iudicio
1000 3560 1307 3635 ambituS,
1343 3580 1555 3643 neque
1588 3560 1675 3637 id,
1712 3561 1887 3643 quod
1920 3563 2163 3627 nemini
2199 3564 2477 3635 dubium

407 3651 549 3729 fuit,
583 3651 950 3716 absolutum
980 3674 1120 3718 esse
1155 3663 1238 3731 te,
1277 3654 1392 3719 sed
1424 3653 1605 3731 illud,
1640 3654 1837 3738 quod,
1873 3676 2003 3740 quo
2030 3658 2257 3724 melior
2292 3659 2477 3743 civis,

407 3767 538 3829 quo
573 3745 674 3812 vir
707 3745 963 3821 clarior,
1007 3766 1137 3829 quo
1175 3746 1399 3813 fortior
1438 3748 1683 3814 amicus
1718 3771 1787 3814 es
1824 3770 2083 3833 quoque
2118 3752 2309 3837 plura
2345 3756 2480 3822 vir-

404 3839 590 3917 tutis,
633 3839 982 3905 industriae
1018 3852 1391 3907 ornamenta
1424 3842 1492 3906 in
1526 3852 1590 3911 te
1626 3852 1803 3919 sunt,
1852 3864 1929 3909 eo
1962 3842 2337 3913 mirandum
2372 3864 2479 3917 est

403 3931 614 4017 magis
647 3936 886 4001 nullam
927 3956 1012 4001 ne
1052 3935 1120 4003 in
1164 3934 1438 4003 tabellae
1482 3936 1740 4020 quidem
1782 3935 2029 4003 latebra
2072 3938 2276 4007 fuisse
2320 3942 2479 4009 abs-

403 4024 723 4093 conditam
749 4028 1280 4111 malevolentiam,
1315 4052 1481 4115 quae
1510 4040 1573 4095 te
1600 4030 1958 4116 inpugnare
1986 4030 2277 4100 auderet.
2336 4059 2477 4117 nou
