2675 4559
548 243 675 310 302
1164 250 1241 304 M.
1279 247 1552 305 TULLII
1587 244 1986 304 CICERONIS

548 380 768 446 sciero.
856 376 1099 441 litteras
1136 373 1229 439 ad'
1264 383 1327 438 te
1373 392 1726 456 numquam
1771 367 1967 434 habui
2002 367 2109 434 cui
2145 367 2376 444 darem,
2423 368 2540 452 quin

548 472 827 539 dederim
840 495 858 549 3
896 494 935 536 a
969 482 1033 535 te
1068 480 1143 558 ut
1173 467 1346 534 idem
1374 467 1572 532 facias
1607 476 1778 552 pete,
1813 463 1881 529 in
1915 462 2262 550 primisque
2286 473 2353 528 ut
2379 462 2460 528 ita
2485 463 2545 527 ad

546 579 689 632 tuos
727 565 988 642 scribas,
1026 574 1099 628 ut
1133 585 1237 628 me
1272 573 1457 627 tuum
1493 561 1696 627 sciant
1730 566 1890 626 e'sse.

689 663 702 674 ’
1503 711 1636 766 xx.
2605 645 2607 738 ἰ

1192 815 1308 871 Ser.
1328 815 1546 870 Romae
1566 830 1710 869 anno
1731 813 1962 868 incerto.
2606 815 2607 818 ’

1188 916 1464 974 CICERO
1502 913 1963 972 CORNIFICIO.

680 1035 923 1104 Gratae
960 1034 1115 1100 mihi
1150 1045 1299 1100 tuae
1334 1033 1601 1108 litterae,
1636 1031 1759 1096 nisi
1793 1030 1968 1114 quod
1997 1027 2443 1100 Sinuessanum
2471 1025 2552 1090 de·

551 1131 969 1199 versoriolum
994 1127 1458 1212 contempsisti3
1487 1147 1684 1212 quam
1701 1124 1961 1210 quidem
1979 1123 2419 1189 contumeliam
2439 1119 2552 1183 villa
2605 1125 2607 1128 ⁴

548 1226 783 1314 pusilla
816 1225 1035 1309 iniquo
1070 1222 1281 1288 animo
1315 1221 1501 1298 feret,
1537 1219 1660 1284 nisi
1693 1220 1760 1285 in
1789 1217 2088 1286 Cumano
2125 1231 2191 1284 et
2215 1214 2548 1303 Pompeiano

550 1320 899 1388 reddideris
943 1317 1163 1384 πάντα
1204 1316 1366 1399 περὶ
1399 1314 1686 1382 πάντων.
1776 1315 1869 1380 sic
1912 1313 2114 1402 igitur
2148 1315 2342 1382 facies
2371 1333 2548 1394 meque

550 1414 794 1479 amabis
841 1424 906 1478 et
953 1412 1187 1497 scripto
1226 1410 1452 1496 aliquo
1497 1411 1800 1487 lacesses;
1855 1431 1977 1496 ego
2015 1410 2190 1476 enim
2226 1406 2547 1496 respondere

548 1508 801 1574 facilius
839 1527 1099 1594 possum
1126 1526 1323 1590 quam
1351 1525 1721 1593 provocare.
1773 1504 1950 1590 quod
1979 1505 2056 1582 si,
2093 1517 2168 1571 ut
2193 1529 2282 1582 es,
2308 1501 2547 1574 cessabis,

546 1604 890 1680 lacessam,
942 1623 1062 1668 nec
1104 1611 1217 1666 tua
1272 1600 1532 1687 ignavia
1575 1598 1768 1667 etiam
1809 1599 1963 1664 mihi
2004 1598 2300 1666 inertiam
2342 1597 2546 1664 adferet.

551 1697 739 1784 plura
774 1698 1045 1774 otiosus3
1082 1696 1263 1774 haec,
1300 1717 1448 1761 cum
1485 1717 1692 1761 essem
1724 1693 1795 1759 in
1829 1686 2080 1773 senatu,
2119 1695 2385 1762 exaravi.

1493 1845 1656 1900 XXI.

1120 1949 1239 2007 Scr.
1258 1966 1452 2006 mense
1469 1949 1682 2004 incerto
1703 1967 1754 2004 a.
1773 1965 1829 2002 u.
1852 1967 1900 2004 c.
1921 1948 2040 2004 710.

1198 2051 1474 2109 menno
1511 2049 1972 2109 commem.
2605 2029 2609 2158 1

683 2165 762 2233 C.
800 2167 1093 2246 Anicius,
1129 2167 1460 2234 familiaris
1495 2188 1698 2243 meus,
1734 2166 1833 2231 vir
1867 2165 2170 2233 omnibus
2205 2167 2383 2232 rebus
2413 2182 2545 2229 orna·
2607 2197 2609 2236 ς

550 2271 681 2337 tus,
736 2262 1139 2347 negotiorum
1193 2284 1456 2326 suorum
1509 2263 1704 2326 causa
1751 2261 2004 2348 legatus
2061 2273 2162 2328 est
2212 2262 2278 2326 in
2317 2258 2544 2325 Africam
2606 2249 2609 2286 ³

550 2353 869 2440 legatione
904 2355 1135 2422 libera:
1174 2378 1322 2420 eum
1357 2355 1550 2420 velim
1585 2356 1780 2422 rebus
1816 2356 2118 2422 omnibus
2155 2357 2402 2422 adiuves
2432 2371 2544 2436 ope-

548 2469 815 2532 ramque
843 2448 977 2527 des,
995 2461 1070 2514 ut
1094 2469 1290 2533 quam
1321 2450 1834 2516 commodissime
1864 2473 1982 2517 sua
2008 2452 2272 2538 negotia
2297 2445 2545 2515 conficiat,

547 2541 617 2606 in
650 2541 1019 2628 primisque,
1054 2545 1232 2628 quod
1258 2545 1320 2610 ei
1347 2544 1748 2611 carissimum
1775 2556 1894 2628 est,
1922 2544 2301 2631 dignitatem
2326 2542 2442 2609 eius
2464 2534 2545 2601 tibi
2607 2597 2611 2628 1,

548 2637 948 2716 commendo,
983 2637 1179 2723 idque
1206 2661 1247 2703 a
1276 2650 1342 2705 te
1376 2651 1547 2725 peto,
1583 2638 1758 2723 quod
1784 2639 1923 2725 ipse
1947 2639 2015 2704 in
2040 2639 2364 2725 provincia
2385 2636 2542 2700 facere
2609 2635 2611 2776 1

550 2757 697 2798 sum
730 2733 953 2799 solitus
989 2755 1123 2800 non
1152 2745 1448 2820 rogatus,
1485 2747 1556 2800 ut
1589 2734 1886 2800 omnibus
1921 2734 2319 2801 senatoribus
2349 2731 2542 2796 lictores
2609 2781 2611 2808 ,

550 2827 799 2905 darem3
847 2828 1025 2912 quod
1069 2829 1243 2895 idem
1278 2851 1652 2915 acceperam
1687 2839 1752 2894 et
1784 2828 1854 2894 id
1896 2849 2323 2916 cognoveram
2353 2850 2389 2892 a
2417 2840 2545 2888 sum·
2609 2837 2611 2846 '

548 2920 671 2985 mis
707 2920 859 2986 viris
896 2921 1274 2988 factitatum.
1365 2924 1488 2989 hoc
1519 2924 1745 3011 igitur,
1781 2923 1870 2988 mi
1908 2920 2235 3001 Cornifici,
2271 2921 2444 2988 facies
2473 2933 2545 2978 ee·
2609 2959 2611 2966 ·

549 3013 828 3098 terisque
854 3016 1048 3081 rebus
1078 3017 1376 3083 omnibus
1406 3017 1542 3084 eius
1572 3017 1868 3104 dignitati
1901 3017 2144 3102 reique,
2183 3018 2237 3083 si
2269 3037 2364 3082 me
2395 3028 2540 3078 amas,

550 3109 872 3175 consules:
912 3110 1032 3178 erit
1058 3112 1127 3177 id
1162 3112 1317 3176 mihi
1343 3111 1796 3200 gratissimum.
1851 3111 1934 3178 da
1963 3134 2244 3198 operam,
2273 3121 2342 3177 ut
2363 3107 2540 3173 valeas·

1483 3263 1674 3318 XXII.

828 3361 945 3456 Ser.
963 3363 1178 3421 Romae
1198 3371 1436 3422 exeunte
1453 3383 1643 3422 mense
1661 3366 1965 3422 Decembri
1985 3384 2036 3422 a.
2055 3384 2111 3422 u.
2133 3384 2184 3422 c.
2204 3367 2316 3422 710.

1098 3467 1376 3524 CICERO
1413 3466 1858 3526 CORNIFICIO
1896 3468 2061 3526 SAL.

677 3579 815 3646 Nos
850 3579 957 3646 hic
992 3602 1143 3647 cum
1180 3583 1436 3650 homine
1472 3585 1826 3670 gladiatore
1863 3585 2149 3651 omnium
2194 3577 2539 3668 nequissimo,

547 3674 796 3759 collega
828 3685 1076 3752 nostro,
1129 3677 1447 3756 Antonin,
1501 3679 1740 3744 bellum
1775 3679 2089 3766 gerimus,
2141 3679 2256 3744 sed
2285 3695 2402 3740 non
2437 3662 2540 3754 pm'i

546 3767 941 3846 condicione,
979 3781 1200 3836 contra
1234 3795 1414 3838 arma
1445 3774 1682 3839 verbis.
1735 3787 1803 3840 at
1837 3775 2031 3840 etiam
2062 3775 2142 3841 de
2175 3785 2240 3840 te
2272 3767 2538 3837 contiona-

544 3871 668 3938 tur,
706 3883 826 3927 nec
850 3861 1121 3949 inpune3
1157 3889 1309 3931 nam
1338 3867 1590 3945 sentiet,
1625 3889 1786 3953 quos
1815 3869 2178 3935 lacessierit.
2233 3886 2347 3952 ego
2372 3870 2536 3925 autem

546 3963 693 4016 acta
726 3954 807 4018 ad
844 3964 907 4020 te
944 3960 1160 4024 omnia
1194 3961 1468 4027 arbitror
1503 3962 1812 4048 perscribi
1849 3963 1931 4028 ab
1967 3964 2106 4029 aliis
2117 3988 2137 4041 ;
2171 3985 2210 4026 a
2239 3981 2337 4025 me
2366 3955 2534 4020 futura

547 4041 741 4110 debes
776 4065 1192 4132 cognoscere,
1236 4074 1512 4138 quorum
1548 4054 1808 4142 quidem
1842 4079 1972 4124 non
2007 4069 2105 4124 est
2138 4052 2391 4121 difficilis
2421 4063 2538 4110 0011·
