2675 4559
764 236 1316 294 EPISTOLARUM
1352 239 1482 296 vn.
1521 241 1572 294 1.
2075 227 2202 294 145

186 363 373 441 luciosi,
416 361 525 446 qui
562 383 642 426 ne
683 359 752 424 id
786 360 1046 444 quidem
1080 361 1313 446 leporis
1349 361 1740 440 habuerunt,
1787 363 1960 447 quod
1995 365 2202 433 solent

184 458 501 523 mediocres
534 451 699 531 ludi3
736 455 1079 543 adparatus
1107 455 1276 521 enim
1312 457 1620 542 spectatio
1649 458 1913 522 tollebat
1943 480 2199 526 omnem

184 551 549 626 hilaritatem,
592 569 719 632 quo
749 548 1007 632 quidem
1042 549 1358 634 adparatu
1391 571 1522 615 non
1549 550 1774 616 dubito
1801 551 1960 636 quin
1985 554 2197 620 animo

182 643 533 728 aequissimo
568 641 872 707 carueris:
908 641 1067 725 quid
1102 642 1271 706 enim
1308 643 1750 709 delectationis
1785 645 2025 712 habent
2063 669 2200 714 ses-

184 737 323 802 centi
361 737 517 802 muli
558 737 629 800 in
662 732 1211 820 Clytaemnestra?
1252 746 1368 801 aut
1408 737 1474 804 in
1511 735 1700 821 Equo
1736 737 2018 806 Troiano
2063 762 2200 808 cre·

180 843 457 896 terrarum
480 830 607 895 tria
638 830 851 895 milia?
884 840 999 896 aut
1026 841 1348 896 armatura
1373 832 1551 898 varia
1575 832 1898 918 peditatus
1925 845 1992 900 et
2019 836 2198 918 equi-

180 936 320 989 tatus
365 925 431 990 in
482 924 701 1008 aliqua
750 923 1008 1010 pugna?
1060 946 1229 1008 quae
1281 927 1658 1010 popularem
1711 925 2195 996 admirationem

180 1019 535 1095 habuerunt,
580 1019 1065 1082 delectationem
1108 1017 1227 1089 tibi
1268 1019 1513 1084 nullam
1556 1020 1934 1086 attulissent.
2023 1023 2197 1105 quod
2229 1043 2254 1084 a

182 1112 221 1176 si
260 1124 321 1176 tu
360 1133 473 1197 per
518 1133 630 1176 eos
685 1111 821 1176 dies
866 1133 1126 1196 operam
1172 1112 1402 1178 dedisti
1443 1113 1794 1200 Protogeni
1847 1125 1989 1190 tuo,
2043 1115 2197 1180 dum
2254 1173 2259 1178 .

61 1231 63 1236 ·
180 1205 337 1270 modo
368 1206 420 1270 is
454 1205 575 1270 tibi
610 1205 865 1288 quidvis
909 1205 1119 1290 potius
1154 1226 1352 1290 quam
1386 1207 1704 1276 orationes
1738 1231 1914 1274 meas
1949 1209 2196 1296 legerit,

61 1317 64 1336 ³
178 1321 241 1362 ne
268 1310 331 1363 tu
363 1299 535 1364 haud
570 1299 769 1384 paulo
803 1299 949 1384 plus
985 1321 1179 1383 quam
1213 1301 1555 1385 quisquam
1597 1314 1885 1368 nostrum
1920 1302 2195 1370 delecta-

61 1461 63 1464 ,
178 1391 333 1458 tionis
381 1392 663 1458 habuisti
675 1417 693 1470 3
746 1415 876 1458 non
930 1394 1101 1458 enim
1152 1405 1214 1460 te
1267 1405 1424 1480 puto
1480 1393 1766 1462 Graecos
1819 1407 1930 1462 aut
1982 1395 2193 1464 Oscos

61 1495 64 1506 ¹
177 1486 329 1550 ludos
378 1487 804 1563 desiderasse,
858 1489 1231 1572 praesertim
1282 1511 1430 1555 eum
1477 1487 1686 1555 Oscos
1736 1491 1924 1556 ludos
1969 1493 2073 1558 vel
2125 1494 2194 1558 in

61 1573 64 1578 ’
178 1591 363 1646 senatu
398 1592 613 1647 vestro
662 1592 950 1666 spectare
982 1582 1217 1668 possis,
1256 1580 1542 1648 Graecos
1587 1583 1678 1648 ita
1711 1606 1843 1650 non
1877 1607 2084 1664 ames,
2121 1597 2194 1653 ut

176 1695 239 1736 ne
268 1675 341 1738 ad
372 1674 590 1742 villam
638 1673 901 1758 quidem
932 1687 1115 1740 tuam
1156 1675 1265 1742 via
1302 1674 1558 1742 Graeca
1599 1676 1694 1740 ire
1729 1678 1956 1744 soleas.
2042 1701 2194 1746 nam

61 1771 63 1786 '
178 1767 300 1848 quid
340 1791 455 1854 ego
501 1780 567 1834 te
614 1765 887 1834 athletas
930 1779 1153 1854 putem
1198 1769 1589 1846 desiderare,
1643 1770 1754 1853 qui
1805 1770 2192 1854 gladiatores

177 1863 633 1948 contempseris?
685 1863 753 1926 in
797 1862 1029 1946 quibus
1075 1864 1213 1947 ipse
1247 1863 1601 1948 Pompeius
1648 1863 1986 1929 confitetur
2017 1888 2086 1930 se
2129 1877 2193 1930 et

62 1975 64 1986 ¹
178 1974 396 2038 operam
448 1967 515 2021 et
557 1957 776 2021 oleum
827 1957 1197 2042 perdidisse.
1284 1957 1570 2040 reliquae
1623 1969 1772 2025 sunt
1823 1959 2192 2024 venationes

176 2044 328 2112 binae
368 2072 482 2134 per
528 2050 672 2114 dies
717 2050 1031 2134 quinque,
1084 2051 1464 2137 magnificae
1499 2087 1588 2098 -
1620 2070 1811 2116 nemo
1857 2063 2052 2138 negat
2084 2089 2190 2130 -—,

64 2161 66 2166 ¹
178 2140 265 2203 sed
300 2163 454 2225 quae
472 2203 481 2207 -
498 2153 716 2229 potest
757 2144 1000 2208 homini
1045 2166 1183 2210 esse
1226 2145 1424 2230 polito
1470 2145 1839 2224 delectatio,
1886 2167 2034 2210 cum
2078 2141 2191 2212 aut

175 2231 328 2298 homo
368 2236 707 2303 inbecillus
743 2261 784 2302 a
817 2237 1250 2302 valentissima
1293 2238 1500 2304 bestia
1534 2239 1812 2304 laniatur
1846 2252 1957 2305 aut
2004 2264 2189 2326 prae-

64 2345 66 2412 j
178 2326 312 2396 clara
352 2330 554 2395 bestia
598 2329 921 2396 venabulo
967 2329 1556 2397 transverberatur?
1616 2355 1783 2417 quae
1835 2344 2078 2412 tamen,
2132 2337 2188 2400 si

176 2420 405 2488 videnda
438 2435 614 2500 sunt,
652 2447 843 2511 saepe
879 2425 1125 2503 vidisti3
1160 2448 1372 2512 neque
1407 2449 1558 2505 nos,
1595 2427 1708 2511 qui
1742 2427 1902 2494 haec
1937 2440 2188 2516 specta·
2269 2491 2276 2498 .

172 2533 307 2592 mus,
354 2518 705 2602 quicquam
746 2520 896 2586 novi
940 2519 1237 2586 vidimus.
1337 2532 1660 2588 extremus
1706 2521 2188 2607 elephantorum

174 2605 279 2672 dies
322 2610 463 2689 fuit,
516 2614 597 2678 in
638 2634 769 2697 quo
816 2613 1149 2678 admiratio
1194 2637 1434 2700 magna
1485 2615 1660 2700 volgi
1703 2626 1894 2699 atque
1937 2618 2186 2694 turbae,

176 2699 461 2773 delectatio
506 2706 692 2772 nulla
736 2707 1002 2775 exstitit:
1032 2708 1214 2791 -quin
1266 2708 1462 2774 etiam
1512 2708 1946 2776 misericordia
1991 2731 2188 2794 quaef-

177 2793 291 2860 dam
322 2811 661 2867 consecuta
694 2813 791 2866 est
826 2812 1019 2886 atque
1048 2802 1261 2887 opinio
1290 2803 1430 2868 eius
1464 2803 1660 2879 modi,
1697 2825 1836 2868 esse
1864 2804 2188 2887 quandam

177 2886 244 2952 illi
278 2891 487 2960 beluae
524 2917 678 2960 cum
724 2917 961 2980 genere
1005 2895 1283 2963 humano
1318 2897 1708 2964 societatem.
1756 2914 1761 2920 '
1793 2896 1893 2964 his
1929 2920 2052 2982 ego
2087 2910 2185 2964 ta·
2219 2916 2246 2955 4

177 3003 291 3050 men
330 2985 546 3054 diebus
562 3037 583 3066 ,
638 2987 835 3074 [ludis
882 2990 1187 3062 scaenicis
1199 2989 1245 3076 ,]
1290 3015 1378 3057 ne
1421 2992 1600 3058 forte.
1633 2991 1854 3060 videar
1897 2992 2014 3058 tibi
2057 3015 2187 3058 non

177 3079 327 3144 modo
357 3082 617 3160 beatus,
668 3082 782 3148 sed
814 3083 979 3149 liber
1012 3085 1270 3150 omnino
1306 3085 1536 3162 fuisse,
1591 3086 1802 3171 dirupi
1844 3109 1950 3152 me
1982 3109 2186 3172 paene

63 3199 64 3260 j
174 3167 226 3231 in
252 3172 463 3240 iudicio
502 3175 681 3243 Galli
708 3174 985 3254 Caninii,
1021 3178 1354 3244 familiaris
1389 3180 1503 3245 tui.
1565 3179 1737 3263 quod
1773 3180 1826 3244 si
1861 3191 1994 3244 tam
2027 3181 2186 3246 faci-

62 3271 64 3352 f
176 3260 274 3326 lem
303 3270 607 3353 populum
650 3269 953 3338 haberem
966 3319 984 3348 ,
1038 3293 1233 3356 quam
1269 3271 1571 3357 Aesopus
1607 3270 1860 3348 habuit,
1911 3272 2186 3340 libenter

62 3355 64 3376 ⁹
177 3357 491 3428 mehercule
538 3375 743 3429 artem
784 3364 1141 3431 desinerem
1189 3376 1534 3448 tecumque
1578 3375 1643 3430 et
1677 3386 1825 3430 cum
1869 3364 2182 3432 similibus

176 3453 339 3518 nostri
385 3457 695 3534 viverem3
748 3481 899 3524 nam
950 3483 1055 3526 ms
1100 3481 1249 3526 cum
1300 3471 1490 3526 antea
1543 3458 1870 3536 taedebat,
1926 3480 2074 3524 cum
2119 3471 2182 3527 et

181 3555 319 3612 aetas
352 3560 411 3613 et
446 3551 705 3618 ambitio
740 3575 843 3618 me
878 3553 1255 3620 hortabatur
1288 3565 1351 3621 et
1385 3553 1622 3620 licebat
1657 3553 1952 3636 denique,
1989 3573 2183 3637 quem

179 3638 461 3720 nolebam,
520 3667 650 3710 non
704 3645 1075 3722 defendere,
1135 3659 1275 3714 tum
1325 3669 1478 3714 vero
1539 3647 1664 3714 hoc
1715 3659 1998 3732 tempore
2051 3646 2184 3711 vita

180 3731 323 3796 nulla
362 3748 483 3814 est3
533 3761 743 3823 neque
788 3741 960 3806 enim
1004 3742 1287 3806 fructum
1332 3742 1536 3808 ullum
1578 3741 1817 3808 laboris·
1859 3751 2180 3826 exspecto,

183 3831 231 3884 et
259 3839 434 3914 cog'or
464 3855 943 3918 nonnumquam
975 3834 1267 3901 homines
1302 3859 1431 3902 non
1465 3836 1704 3921 optime
1741 3836 1822 3902 de
1855 3859 1958 3902 me
1993 3834 2182 3900 meri-

184 3923 261 3980 tos
288 3936 501 4008 rogatu
536 3949 775 4004 eorum,
810 3929 923 4014 qui
957 3929 1121 3994 bene
1156 3930 1368 3996 meriti
1403 3941 1580 4005 sunt,
1618 3930 1976 3994 defendere.
2063 3929 2181 3994 ita·
2215 3945 2242 3986 5

186 4026 285 4088 ‘lue
306 4032 529 4096 quaero
556 4045 781 4088 causas
798 4024 1001 4089 omnis
1031 4024 1374 4108 aliquando
1401 4024 1656 4090 vivendi
1683 4024 1992 4092 arbitratu
2018 4045 2180 4100 me0,

271 4111 465 4161 ciceronis
492 4123 566 4166 vol.
590 4123 663 4167 IX.
1282 4144 1285 4148 ’
1761 4123 1833 4178 10
