2675 4559
457 271 537 335 ‘TE
1071 279 1148 333 M.
1186 278 1459 335 TULLII
1488 276 1898 335 ‘CICERONIS

453 431 553 471 mc
593 403 977 468 consolando
1011 424 1143 467 non
1176 401 1566 467 mediocrem
1599 400 1737 485 ipse
1773 399 1972 464 animi
2007 399 2292 466 dolorem
2330 400 2521 465 adhi-

453 499 661 563 lmisti,
757 498 1017 563 Servius
1070 507 1287 561 tamen
1339 506 1487 560 tuus
1542 494 1839 559 omnibus
1886 494 2142 572 officiis,
2196 517 2368 580 quae
2421 489 2521 561 illi

453 595 721 679 τεῇ-[Πρωὶ
769 591 958 657 tribui
1003 600 1377 678 potuerunt,
1432 589 1781 655 declaravit
1832 600 1896 654 et
1948 589 2169 671 quanti
2220 590 2361 675 ipse
2406 614 2519 658 me

453 691 689 751 timeret
737 699 797 751 et
842 708 1038 771 quam
1083 709 1271 751 suum
1315 685 1513 751 talem
1547 707 1703 770 erga
1735 706 1843 749 me
1878 685 2161 748 animum
2205 685 2325 749 tibi
2359 707 2519 772 gra-

453 803 585 847 tum.
637 792 886 867 sanaret
926 781 1095 858 fore3
1149 780 1330 845 cuius
1368 778 1581 845 officia
1624 778 2003 843 iucundiora
2037 778 2280 845 scilicet
2311 802 2518 867 saepe

457 879 605 939 mihi
645 879 749 939 fut*
757 886 922 951 runt,
957 887 1312 960 numquam
1348 884 1566 939 tamen
1599 874 1900 959 gratiora.
1986 896 2091 938 me
2128 884 2345 939 autem
2379 898 2519 939 non

453 975 653 1035 rmum
689 987 793 1035 tus.
833 971 1036 1035 solum
1064 980 1130 1034 et
1156 968 1426 1036 societas
1462 991 1667 1055 paene
1695 966 2135 1053 aegritudinis,
2172 968 2288 1032 sed
2313 968 2516 1033 etiam

453 1067 793 1131 nim-toritas
841 1066 1205 1131 consolatur
1215 1088 1234 1142 ;
1274 1075 1468 1149 >turpe
1511 1063 1683 1128 enim
1727 1084 1867 1127 esse
1913 1062 2204 1127 existimo
2237 1085 2346 1127 me
2377 1085 2516 1127 non

451 1163 537 1223 ita
585 1163 749 1223 ferre
801 1182 1016 1227 casum
1060 1181 1305 1235 meum,
1360 1170 1433 1221 ut
1476 1168 1576 1234 tu,
1630 1157 1745 1221 tali
1798 1156 2110 1243 sapientia
2159 1156 2514 1242 praeditae,

453 1255 789 1319 ferendum
833 1264 1037 1339 putas.
1139 1253 1254 1317 sed
1297 1251 1621 1337 opprimor
1664 1252 1986 1316 interdum
2021 1261 2086 1316 et
2127 1251 2239 1315 vix
2281 1251 2511 1317 resisto

453 1351 677 1423 [hilm-i,
729 1347 900 1427 quod
942 1368 1020 1411 ea
1053 1368 1157 1410 me
1194 1345 1431 1411 solacia
1466 1346 1800 1422 deficiunt,
1846 1367 2011 1429 quae
2048 1346 2301 1423 ceteris,
2349 1367 2513 1430 quo—

449 1467 589 1503 rum
645 1443 797 1503 mihi
851 1441 1148 1526 exempla
1197 1459 1485 1525 propono
1499 1487 1518 1517 ‚
1569 1440 1763 1504 simili
1811 1440 1879 1504 in
1922 1439 2181 1504 fortuna
2220 1460 2354 1504 non
2399 1440 2515 1505 de-

449 1539 721 1599 fusum
813 1558 962 1599 nam
1016 1545 1082 1600 et
1124 1532 1209 1615 Q.
1253 1534 1614 1611 Maximus,
1668 1534 1782 1618 qui
1830 1534 2035 1598 filium
2088 1533 2513 1609 consularem,

449 1631 686 1691 {elerum
757 1631 961 1696 virum
1024 1640 1088 1695 et
1147 1630 1399 1715 magnis
1460 1627 1652 1695 rebus
1706 1627 1931 1713 gestis,
1994 1627 2233 1703 amisit,
2305 1639 2372 1692 et
2424 1626 2510 1693 L·

449 1727 742 1799 mellus³
797 1724 909 1807 qui
945 1724 1075 1804 duo
1111 1735 1359 1809 septem
1394 1722 1649 1800 diebus,
1703 1736 1768 1787 et
1810 1733 2023 1788 vester
2053 1720 2265 1788 Gralus
2302 1731 2371 1785 et
2404 1720 2509 1785 M.

453 1819 633 1891 [la-fs,
677 1847 685 1879 ι
697 1819 785 1899 μή
821 1818 1069 1884 summo
1095 1818 1377 1905 ingenie,
1415 1840 1665 1881 summa
1700 1817 1935 1882 virtute
1967 1816 2171 1903 filium
2206 1815 2510 1900 perdidit,

449 1911 521 1975 iis
561 1913 953 1995 muqmribus
989 1913 1281 1988 fuerunt,
1325 1922 1399 1976 ut
1429 1932 1655 1975 eorum
1690 1911 1937 1980 luctum
1971 1910 2258 1997 ipsorum
2290 1911 2514 1996 digni-

453 2027 541 2067 ms
585 2011 1014 2073 sssfflr-:tssssaretur
1048 2030 1143 2085 ea,
1182 2029 1377 2090 quam
1413 2029 1493 2071 ex
1528 2030 1598 2071 re
1632 2007 1894 2093 publica
1929 2008 2513 2091 consequebantur.

388 2123 408 2155 ι’
449 2103 601 2163 mihi
641 2123 851 2164 autem
888 2102 1137 2166 amissis
1175 2101 1563 2167 ornamentis
1599 2102 1708 2179 iis,
1745 2124 1911 2186 quae
1946 2103 2083 2189 ipse
2114 2125 2516 2168 commemo-

449 2219 549 2255 ras
613 2215 903 2275 quaeque
965 2217 1140 2259 eram
1203 2194 1498 2259 maximis
1560 2196 1889 2261 laboribus
1944 2197 2242 2283 adeptus,
2303 2220 2515 2262 unum

449 2291 741 2351 mansium
781 2288 939 2353 illud
976 2290 1314 2367 solacium,
1361 2290 1538 2373 quod
1572 2302 1862 2376 ereptum
1899 2303 2013 2357 est.
2102 2314 2233 2356 non
2268 2292 2516 2358 amico-

445 2407 585 2447 rum
626 2383 924 2467 negotii&
959 2406 1090 2449 non
1125 2385 1218 2449 rei
1253 2385 1551 2471 publicae
1585 2388 2031 2473 procuratione
2067 2387 2515 2473 impedieban—

449 2479 980 2563 fi11=fflgitationes
1009 2501 1192 2545 meae
1201 2504 1219 2557 3
1246 2479 1406 2545 nihil
1432 2482 1503 2546 in
1527 2481 1669 2546 foro
1696 2504 1889 2567 agere
1914 2482 2184 2559 libebat3
2221 2482 2514 2567 aspicere

449 2575 685 2635 curiam
725 2595 851 2637 nnn
885 2584 1205 2658 poteram3
1254 2574 1729 2652 existimabam,
1771 2575 1840 2640 id
1877 2577 2051 2660 quod
2086 2586 2250 2654 erat,
2298 2577 2514 2641 omnis

447 2691 545 2731 me
605 2682 665 2731 ut
717 2669 1064 2734 industriae
1116 2691 1298 2735 meae
1354 2669 1603 2735 fructus
1658 2680 1721 2736 et
1781 2670 2078 2737 fortunae
2130 2669 2512 2755 perdidisse.

445 2767 585 2839 ssd,
629 2787 769 2827 cum
813 2764 1160 2849 cogitarem
1193 2764 1355 2829 haec
1391 2764 1549 2828 mihi
1583 2774 1799 2831 tecum
1834 2777 1897 2829 et
1932 2787 2081 2830 cum
2118 2764 2515 2848 quibusdam

445 2883 581 2919 csse
629 2858 1018 2934 summania,
1056 2870 1120 2925 et
1156 2879 1304 2922 oum
1339 2858 1709 2945 frangerem
1744 2860 1873 2925 iam
1908 2860 2046 2946 ipse
2080 2882 2185 2925 me
2222 2872 2277 2923 et
2310 2880 2514 2945 coge-

445 2975 577 3015 rem
617 2955 721 3015 illa
761 2955 923 3017 ferre
959 2953 1330 3031 toleranter,
1377 2954 1698 3020 habebam
1732 2977 1861 3040 quo
1899 2955 2343 3041 confugerem,
2391 2956 2514 3021 ubi

445 3047 975 3127 conquiescerem,
1012 3046 1195 3113 cuius
1223 3048 1290 3113 in
1318 3071 1610 3114 sermone
1642 3060 1707 3116 et
1742 3050 2056 3114 suavitate
2083 3049 2287 3114 omnis
2314 3071 2512 3114 curas

441 3139 817 3223 doloresque
863 3142 1278 3229 deponerem:
1331 3164 1503 3207 nunc
1550 3155 1765 3209 autem
1813 3143 1936 3208 hoc
1979 3154 2114 3207 tam
2146 3141 2331 3228 gravi
2366 3143 2512 3207 vol-

441 3259 589 3299 nere
637 3235 825 3299 stiam
870 3235 1010 3314 illa,
1065 3258 1232 3321 quae
1279 3239 1691 3303 censanuisse
1738 3237 2147 3314 videbantur,
2200 3236 2513 3302 recrude-

441 3347 653 3403 sssun‘t3
695 3355 821 3395 non
849 3331 1039 3407 enim,
1075 3343 1149 3395 ut
1175 3342 1312 3396 tum
1339 3355 1444 3396 me
1474 3354 1513 3396 a
1538 3355 1607 3397 re
1642 3331 1903 3417 publica
1929 3341 2244 3395 maestum
2272 3330 2510 3395 domus

445 3423 817 3503 exuissntxbat,
853 3445 1020 3507 quae
1055 3426 1316 3502 levaret,
1354 3426 1445 3490 sic
1478 3446 1652 3491 nunc
1688 3426 1879 3490 domo
1915 3448 2208 3491 maerens
2245 3425 2330 3490 ad
2364 3447 2513 3490 rem

441 3519 761 3599 publicani
797 3517 1141 3603 confugere
1167 3536 1450 3603 possum,
1488 3530 1561 3584 ut
1586 3520 1653 3584 in
1680 3520 1818 3586 eius
1853 3519 2038 3585 bonis
2067 3519 2507 3604 adquiescam-

441 3607 653 3691 itaqns
693 3624 753 3671 υτ
801 3610 990 3674 domo
1037 3610 1268 3675 absum
1305 3623 1370 3677 et
1414 3611 1583 3689 fore,
1640 3612 1814 3696 quod
1848 3634 1970 3679 nec
2007 3635 2155 3678 eum
2191 3612 2509 3689 dolorem,

437 3723 625 3783 quem
677 3727 709 3767 c
757 3727 821 3767 re
871 3704 1133 3788 publica
1187 3704 1401 3790 capi0,
1457 3706 1685 3777 domus
1738 3707 1868 3771 iam
1923 3706 2237 3771 consolari
2286 3717 2509 3792 potest

384 3827 388 3831 ·
441 3819 557 3859 nec·
613 3796 1030 3863 dffluesticum
1083 3820 1185 3863 res
1249 3799 1527 3884 publica.
1634 3820 1764 3884 quo
1816 3800 2025 3886 magis
2078 3810 2141 3866 te
2193 3812 2508 3886 exspecto

441 3903 629 3971 tuqus
685 3895 898 3957 ridere
953 3915 1146 3978 quam
1200 3894 1479 3980 primum
1535 3895 1751 3980 cupio:
1805 3894 2013 3959 maior
2061 3894 2219 3959 mihi
2262 3895 2505 3960 levatio

441 3983 673 4047 miter-ri
721 3987 894 4051 nulla
937 3998 1148 4073 potest
1192 4011 1388 4074 quam
1435 3988 1795 4055 coniunctio
1842 3988 2321 4055 consuetudinis
2364 4011 2505 4053 ser-

437 4099 825 4159 monumque
870 4093 1232 4150 nostrorum
1239 4108 1260 4161 3
1314 4104 1708 4167 quamquam
1760 4082 2100 4167 sperabam
2151 4092 2335 4149 tuum
2379 4082 2509 4147 ad-

2657 2591 2672 2760 3
