2675 4559
1936 1 1941 3 ,
2168 0 2281 39 nvp„
2468 1 2487 27 -.-

1892 59 1898 67 ιι
2106 68 2114 78 ι
2183 57 2192 65 ¹
2296 65 2298 70 .
2386 60 2423 74 “a

2354 109 2392 130 la

502 230 635 296 320
1115 241 1192 295 M.
1231 239 1506 297 TULLII
1539 235 1940 295 CICERONIS

496 366 755 443 feceris,
800 374 938 430 tum
976 363 1138 430 illud
1183 363 1302 429 tibi
1336 373 1636 450 expertus
1671 360 1970 448 promitto
2016 343 2080 427 et
2124 359 2411 447 spondeo,
2449 371 2498 426 te

476 463 702 529 socios
720 460 1087 547 Bithyniae,
1124 459 1180 525 si
1212 459 1291 525 iis
1320 457 1764 534 commodaris,
1799 476 2112 522 memores
2137 477 2272 522 esse
2299 466 2358 521 et
2385 478 2503 541 gra-

495 568 595 622 tos
632 556 1057 644 cogniturum.
1905 582 1910 584 ·

1485 704 1560 758 Χ.

1000 808 1121 866 Ser.
1138 809 1353 863 Romae
1372 808 1600 863 ineunte
1619 823 1766 862 anno
1787 823 1842 861 ιι.
1861 823 1910 862 c.
1932 805 2051 861 708.

1130 908 1406 968 CICERO
1441 907 1706 966 BRUTO
1745 907 1908 964 SAL.

433 1055 460 1092 1
626 1024 801 1096 Cum
836 1027 919 1092 ad
962 1039 1028 1093 te
1060 1037 1212 1091 tuus
1246 1036 1578 1110 quaestor,
1611 1023 1712 1089 M.
1750 1022 1986 1101 Varr0,
2023 1021 2506 1108 proficisceretur,

463 1121 1046 1194 commendatione
1074 1142 1267 1208 egere
1294 1142 1446 1187 eum
1473 1141 1604 1184 non
1630 1117 1970 1204 putabam3
2004 1117 2162 1182 satis
2187 1115 2350 1182 enim
2371 1135 2510 1180 com·-

419 1235 425 1241 ·
495 1216 867 1284 mendatum
916 1213 1035 1279 tibi
1086 1235 1236 1280 eum
1288 1212 1646 1278 arbitrabar
1689 1212 1772 1277 ab
1814 1211 1954 1297 ipso
1997 1233 2196 1278 more
2221 1209 2509 1282 maiorum,

371 1315 375 1320 ’
405 1333 411 1338 ·
491 1311 624 1395 qui,
658 1322 733 1375 ut
765 1321 830 1374 te
856 1330 986 1374 nou
1019 1307 1209 1394 fugit,
1242 1307 1412 1373 hanc
1439 1317 1820 1391 quaesturae
1847 1305 2356 1372 coniunctionem
2383 1301 2508 1366 libe-

490 1426 711 1470 rorum
743 1401 1201 1468 necessitudini
1236 1403 1596 1489 proximam
1635 1401 1840 1468 voluit
1874 1423 2044 1468 esse·
2091 1401 2209 1467 sed
2243 1421 2380 1465 cum
2417 1394 2510 1460 sibi

490 1499 582 1564 ita
614 1496 1033 1584 persuasisset
1066 1497 1225 1583 ipse,
1260 1519 1439 1562 meas
1471 1497 1553 1563 de
1588 1519 1670 1562 se
1686 1505 1980 1562 accurate
2009 1495 2278 1582 scriptas
2310 1491 2508 1556 litteras

490 1591 845 1656 maximum
888 1589 1063 1678 apud
1106 1603 1171 1656 te
1215 1590 1468 1676 pondus
1512 1589 1872 1666 habituras,
1929 1613 1970 1654 a
2013 1609 2252 1673 meque
2293 1594 2510 1652 conten-

487 1686 702 1765 deret,
754 1695 831 1750 ut
871 1706 1066 1771 quam
1113 1685 1597 1772 diligentissime
1643 1684 2015 1762 scriberem,
2071 1683 2270 1749 malui
2316 1682 2508 1752 facere,

494 1781 668 1867 quod
718 1803 901 1847 meus
963 1780 1293 1846 familiaris
1356 1781 1515 1846 tanti
1577 1804 1695 1846 sua
1745 1781 2056 1847 interesse
2122 1781 2506 1846 arbitraretur.

431 1900 458 1956 2
492 1887 566 1940 ut
598 1875 795 1961 igitur
840 1875 1075 1942 debere
1121 1899 1225 1942 me
1270 1875 1483 1941 facere
1519 1875 1642 1940 hoc
1675 1875 2046 1962 intellegas,
2097 1898 2247 1942 cum
2277 1874 2509 1961 primum

490 1969 589 2034 M.
609 1970 950 2038 Terentius
985 1971 1053 2034 in
1086 1970 1298 2035 forum
1331 1970 1527 2046 venit,
1565 1969 1647 2035 ad
1683 1969 2032 2034 amicitiam
2067 1993 2139 2036 se
2167 1991 2369 2036 meam
2391 1987 2507 2032 con-

488 2065 656 2128 tulit.
741 2064 1006 2140 deinde,
1053 2075 1124 2130 ut
1160 2087 1229 2130 se
1266 2064 1740 2141 conroboravit,
1785 2064 1952 2130 duae
1997 2086 2237 2132 causae
2271 2081 2507 2129 accesse-

488 2169 667 2235 runt,
706 2179 873 2242 quae
909 2181 1119 2223 meam
1155 2159 1223 2222 in
1256 2159 1440 2224 illum
1475 2157 1986 2225 benevolentiam
2021 2169 2358 2246 augerent:
2389 2175 2504 2227 una,

374 2297 381 2302 -
484 2253 662 2338 quod
704 2251 1081 2318 versabatur
1121 2255 1191 2318 in
1235 2253 1360 2319 hoc
1403 2255 1616 2320 studio
1666 2264 1883 2320 nostro
1896 2301 1916 2332 ,
1969 2275 2104 2338 quo
2149 2255 2337 2322 etiam
2372 2269 2508 2316 nunc

486 2345 764 2410 maxime
800 2344 1225 2429 delectamur,
1270 2358 1337 2412 et
1371 2369 1518 2412 cum
1553 2349 1843 2434 ingeni0,
1895 2357 1969 2412 ut
2002 2349 2208 2426 nosti,
2252 2369 2364 2414 nec
2401 2344 2508 2409 sine

486 2437 826 2514 industria,
880 2438 1145 2518 deinde,
1199 2441 1376 2525 quod
1427 2453 1674 2507 mature
1727 2465 1798 2509 se
1851 2443 2124 2508 contulit
2167 2444 2236 2508 in
2285 2439 2510 2508 societa-

486 2544 583 2598 tes
618 2533 1107 2620 publicanorum
1120 2581 1139 2610 ‚
1193 2535 1373 2619 quod
1413 2534 1675 2620 quidem
1718 2537 1952 2602 nollem
1963 2560 1983 2614 3
2035 2536 2332 2602 maximis
2371 2532 2511 2600 enim
2598 2539 2600 2542 ’

486 2627 737 2692 damnis
772 2627 1065 2694 adfectus
1100 2639 1197 2694 est
1208 2653 1227 2706 3
1264 2626 1390 2694 'sed
1434 2641 1651 2696 tamen
1685 2655 1871 2695 causa
1906 2631 2264 2696 communis
2309 2623 2509 2694 ordinis

485 2721 643 2787 mihi
678 2722 1285 2788 commendatissimi
1318 2723 1474 2790 fecit
1500 2724 1845 2789 amicitiam
1861 2734 2150 2790 nostram
2183 2723 2507 2789 firmiorem.

485 2815 716 2882 deinde
760 2827 1051 2883 versatus
1093 2817 1161 2882 in
1205 2818 1492 2902 utrisque
1539 2818 1853 2884 subselliis
1899 2818 2144 2904 optima
2190 2828 2255 2885 et
2301 2816 2418 2882 fide
2460 2822 2510 2876 et

482 2909 662 2973 'fama
710 2909 840 2974 iam
894 2922 1041 2976 ante
1086 2910 1251 2977 hanc
1296 2912 1861 2978 commutationem
1903 2913 1997 2978 rei
2039 2912 2338 2998 publicae
2376 2906 2508 2996 peti-

484 3001 646 3066 tioni
689 3025 829 3068 sese
874 3003 1049 3069 dedit
1093 3004 1530 3091 honoremque
1585 3005 2106 3073 honestissimum
2158 3000 2507 3072 existimavit

424 3119 450 3158 s
482 3096 767 3162 fructum
810 3098 1047 3164 laboris
1090 3100 1211 3164 sui.
1299 3100 1400 3164 his
1435 3113 1650 3166 autem
1687 3101 2084 3186 temporibus
2121 3125 2162 3167 a
2193 3124 2298 3168 me
2329 3099 2507 3164 Brun-

380 3267 385 3274 ·
485 3190 647 3256 disio
684 3213 832 3258 cum
866 3193 1095 3259 litteris
1130 3205 1195 3261 et
1228 3194 1547 3279 mandatis
1582 3194 1908 3280 profectus
1937 3195 2023 3260 ad
2043 3193 2382 3262 Caesarem
2405 3199 2504 3261 θείς

482 3305 615 3369 qua
646 3285 714 3350 in
747 3307 819 3352 re
846 3297 908 3352 et
936 3308 1219 3354 amorem
1248 3289 1390 3354 eius
1419 3289 1489 3352 in
1517 3288 1923 3374 suscipiendo
1950 3291 2212 3376 negotio
2248 3281 2505 3391 perspexi

482 3390 549 3445 et
596 3380 666 3444 in
717 3379 1111 3447 conficiendo
1164 3403 1243 3447 ac
1284 3382 1721 3448 renuntiando
1771 3383 1988 3450 fidem.
2090 3383 2310 3450 videor
2355 3376 2504 3451 mihi,

476 3493 632 3538 cum
668 3474 1006 3585 separatim
1034 3475 1115 3542 de
1148 3476 1468 3561 probitate
1501 3477 1637 3542 eius
1664 3483 1748 3542 et'
1756 3476 2044 3544 moribus
2071 3477 2350 3543 dicturus
2371 3472 2506 3538 fuis·

476 3587 618 3632 sem
632 3615 651 3645 ,
706 3568 761 3632 si
804 3569 982 3654 prius
1025 3590 1318 3646 causam,
1370 3587 1487 3636 cur
1526 3592 1680 3636 eum
1723 3581 1902 3637 tanto
1946 3594 2139 3658 opere
2185 3571 2501 3656 diligerem,

482 3661 599 3726 tibi
636 3662 1095 3746 exposuissem,
1130 3663 1199 3728 in
1232 3664 1375 3750 ipsa
1408 3685 1606 3729 causa
1631 3667 2011 3752 exponenda
2043 3665 2198 3732 satis
2233 3665 2415 3731 etiam
2437 3658 2500 3722 de

480 3755 797 3839 probitate
834 3755 1091 3822 dixisse.
1142 3758 1295 3823 sed
1328 3768 1544 3823 tamen
1580 3759 1924 3845 separatim
1966 3759 2269 3846 promitto
2296 3757 2361 3822 in
2390 3773 2500 3818 me·

396 3887 405 3894 -
478 3869 607 3931 que
649 3849 888 3936 recipio
930 3850 1069 3916 fore
1111 3873 1261 3918 eum
1312 3852 1432 3918 tibi
1475 3862 1540 3918 et
1582 3854 1896 3942 voluptati
1939 3865 2004 3921 et
2045 3853 2220 3920 usui.
2269 3872 2408 3916 nam
2447 3859 2498 3908 et

480 3943 842 4008 modestum
884 3943 1211 4012 hominem
1254 3967 1604 4034 cognosces
1641 3958 1707 4014 et
1747 3947 2128 4034 prudentem
2171 3957 2236 4012 et
2277 3969 2316 4011 a
2347 3938 2496 4025 cupi·

480 4032 678 4100 ditate
714 4036 888 4101 omni
922 4039 1436 4120 remotissimum,
1471 4053 1804 4128 praeterea
1839 4043 2060 4130 magni
2093 4039 2320 4108 laboris
2347 4055 2494 4101 sum·
