2675 4559
776 233 1332 292 EPISTOLARUM
1362 235 1494 291 XV.
1530 235 1581 290 3.
1611 237 1662 290 4.
2117 223 2246 291 379

172 362 397 428 :facere
432 358 812 444 coepissem,
846 373 921 418 m.
955 357 1047 423 Κ.
1084 357 1266 445 Sept.
1302 359 1498 444 legati
1533 383 1574 424 a
1605 382 1760 446 rege
1799 358 2240 448 Commageno
2294 397 2296 400 >

178 456 265 521 ad
300 477 409 520 me
440 451 619 518 missi
652 453 1177 538 pertumultuose,
1212 473 1426 536 neque
1458 464 1672 519 tamen
1707 475 1839 520 non
1871 477 2042 532 vere,
2076 454 2240 520 Par-

176 550 327 616 thos
360 549 433 613 in
468 546 729 632 Syriam
760 546 1063 612 transisse
1096 546 1584 625 nuntiaverunt}
1629 568 1758 631 quo
1793 548 2014 616 audito
2047 548 2241 614 vehe-
2277 571 2304 610 4

176 654 435 709 menter
476 663 623 706 sum
656 652 1012 706 commotus
1045 662 1195 706 eum
1234 640 1316 706 de
1353 638 1576 726 Syria,
1614 653 1756 706 tum
1789 643 1873 708 de
1915 663 2062 708 mea
2095 663 2244 728 pro-

178 736 424 812 vincia,
460 735 541 800 de
576 734 827 818 reliqua
861 734 1137 818 denique
1172 734 1358 800 Asia.
1443 734 1664 819 itaque
1699 736 2051 801 exercitum
2085 735 2241 800 mihi

180 828 551 894 ducendum
584 849 701 914 per
720 824 1173 914 Cappadociae
1200 828 1530 914 regionem
1559 851 1722 906 eam,
1756 850 1928 914 quae
1947 827 2244 896 Ciliciam

180 922 530 1008 attingeret
538 969 566 999 ,-
610 920 868 1007 putavi:
917 942 1071 986 nam
1114 921 1173 985 si
1212 943 1319 986 me
1363 920 1432 986 in
1477 918 1790 988 Ciliciam
1826 922 2242 999 demisissem‚

182 1014 488 1084 Ciliciam
530 1015 809 1100 quidem'
834 1015 1045 1102 ipsam
1086 1027 1350 1101 propter
1393 1016 1628 1081 montis
1662 1016 1906 1081 Amani
1945 1027 2244 1084 naturam

179 1111 377 1177 facile
414 1109 765 1178 tenuissem
792 1145 885 1156 --
918 1110 1047 1175 duo
1082 1121 1233 1175 sunt
1264 1109 1439 1175 enim
1479 1110 1692 1176 aditus
1727 1111 1795 1175 in
1832 1106 2125 1176 Ciliciam
2163 1133 2244 1175 ex

184 1203 401 1290 Syria,
426 1225 701 1289 quorum
727 1215 997 1287 uterque
1025 1203 1242 1288 parvis
1265 1203 1602 1289 praesidiis
1627 1215 1888 1291 propter
1913 1203 2242 1291 angustias

180 1297 525 1366 intercludi
556 1307 791 1383 potest,
823 1319 943 1362 nec
978 1308 1077 1362 est
1110 1297 1454 1381 quiequam
1474 1295 1706 1364 Cilicia
1739 1309 1962 1364 contra
1986 1296 2244 1384 Syriam

182 1392 491 1460 munitius
525 1427 641 1470 --,
678 1392 793 1460 sed
825 1413 929 1458 me
967 1387 1386 1477 Cappadocia
1418 1392 1752 1470 movebat,
1787 1413 1954 1477 quae
1988 1401 2167 1478 patet
2201 1414 2242 1456 a

186 1485 381 1574 Syria
428 1504 743 1572 regesque
783 1485 983 1552 habet
1030 1484 1363 1564 finitimos,
1411 1486 1530 1570 'qui
1582 1485 1832 1552 etiamsi
1882 1496 2033 1552 sunt
2074 1487 2241 1554 olam

185 1581 375 1646 amici
416 1580 633 1658 nobis,
684 1590 902 1646 tamen
948 1591 1167 1666 aperte
1198 1579 1460 1644 Parthis
1503 1579 1745 1646 inimici
1779 1603 1920 1646 esse
1961 1600 2093 1645 non
2127 1603 2241 1646 au·

185 1677 357 1742 dent.
423 1675 643 1760 itaque
677 1674 746 1739 in
780 1671 1199 1760 Cappadocia
1232 1686 1521 1740 extrema
1553 1675 1683 1740 n'on
1716 1675 1912 1760 longe
1945 1696 1988 1739 a
2021 1673 2240 1740 Tauro

184 1770 359 1856 apud
392 1768 703 1856 oppidum
732 1765 1037 1854 Cybistra
1070 1779 1279 1834 castra
1312 1768 1462 1845 feci,
1498 1780 1573 1834 ut
1606 1780 1670 1835 et
1701 1765 1996 1834 Ciliciam
2030 1779 2244 1834 tuerer

182 1875 245 1930 et
274 1860 759 1949 Cappadociam
790 1874 1017 1929 tenens
1048 1867 1223 1927 nova·
1250 1861 1666 1928 finitimorum
1699 1861 1964 1928 consilia
1993 1860 2246 1948 inpedi-

182 1979 339 2023 rem.
426 1957 669 2024 interea
710 1956 781 2024 in
822 1955 951 2022 hoc
988 1965 1167 2022 tanto
1200 1967 1384 2021 motu
1425 1967 1732 2040 tantaque
1767 1955 2242 2042 exspectatione
2276 1981 2304 2021 5

182 2051 447 2116 maximi
480 2050 633 2122 belli
657 2071 773 2118 rex
789 2049 1161 2129 Deiotarus,
1197 2050 1303 2116 cui
1336 2071 1472 2116 non
1499 2050 1636 2116 sine
1663 2072 1862 2116 causa
1894 2049 2244 2137 plurimum

184 2166 437 2229 semper
469 2155 537 2209 et
568 2166 713 2210 meo
748 2155 815 2210 et
846 2156 961 2212 tuo
988 2155 1055 2210 et
1086 2156 1349 2210 senatus
1381 2143 1620 2210 iudicio
1653 2145 1964 2210 tributum
1991 2155 2108 2222 est,
2143 2143 2243 2207 vir

185 2259 331 2304 cum
376 2239 823 2306 benevolentia
864 2251 930 2305 et
970 2238 1099 2305 fide
1142 2261 1299 2325 erga
1343 2239 1656 2326 populum
1700 2239 2067 2306 Romanum
2113 2238 2242 2304 sin·

17 2303 20 2348 ἲ
142 2373 155 2383 ·
182 2333 390 2419 gulari
402 2381 421 2412 ,
475 2345 611 2399 tum
658 2334 1008 2420 praestanti
1042 2333 1487 2420 magnitudine
1522 2346 1589 2400 et
1631 2332 1829 2400 animi
1863 2345 1930 2399 et
1973 2333 2240 2407 consilii,

182 2429 429 2514 legatos
446 2429 549 2494 -ad
588 2449 697 2501 me
739 2428 913 2494 misit
954 2451 1025 2494 se
1058 2451 1209 2494 cum
1244 2429 1542 2494 omnibus
1578 2429 1712 2494 suis
1749 2429 1950 2515 copiis
1993 2429 2063 2493 in
2097 2449 2243 2492 mea

182 2533 393 2588 castra
426 2543 567 2588 esse
601 2534 977 2600 venturum3
1022 2523 1205 2588 cuius
1251 2545 1376 2608 ego
1421 2522 1636 2589 studio
1681 2522 2024 2606 officioque
2067 2542 2243 2586 com-

181 2627 399 2682 motus
434 2617 541 2702 egi
575 2615 635 2682 ei
669 2638 785 2703 per
818 2616 1060 2682 litteras
1094 2617 1337 2703 gratias
1371 2617 1570 2702 idque
1603 2629 1679 2682 ut
1711 2626 2062 2681 maturaret
2095 2614 2244 2679 hor·-

180 2722 355 2777 tatus
408 2733 571 2778 sum.
661 2729 809 2776 cum
861 2721 1079 2776 autem
1130 2711 1215 2776 ad
1261 2708 1569 2797 Cybistra
1619 2720 1883 2796 propter
1929 2707 2242 2774 rationem
2267 2713 2303 2774 ὀ

179 2805 333 2870 belli
370 2805 657 2889 quinque
692 2804 829 2871 dies
862 2825 1071 2870 essem
1104 2817 1422 2882 moratus,
1457 2827 1678 2891 regem
1711 2803 2240 2877 Ariobarzanem,

182 2899 369 2964 cuius
414 2900 689 2969 salutem
721 2923 763 2966 a
804 2909 1033 2966 senatu
1077 2909 1140 2964 te
1184 2910 1448 2965 auctore
1491 2897 2002 2966 commendatam
2045 2895 2246 2962 habe-

182 2993 363 3072 bam,
400 2993 845 3079 praesentibus
876 2992 1125 3062 insidiis
1159 2995 1650 3081 necopinantem
1684 2991 1982 3069 liberavi,
2029 3012 2240 3074 neque

182 3089 391 3154 solum
426 3089 489 3154 ei
521 3087 715 3156 saluti
746 3088 873 3166 fui,
908 3089 1025 3156 sed
1060 3089 1255 3154 etiam
1288 3090 1540 3167 curavi,
1576 3099 1649 3153 ut
1681 3110 1832 3153 cum
1867 3086 2242 3152 auctoritate

186 3195 503 3270 regnaret.
552 3181 837 3251 Metram
871 3194 937 3249 et
970 3203 1141 3261 eum,
1176 3204 1372 3268 quem
1407 3195 1480 3249 tu
1513 3182 1674 3248 mihi
1699 3181 2042 3266 diligenter
2068 3201 2242 3244 com-

182 3276 551 3354 mendaras,
596 3277 1039 3356 Athenaeum,
1080 3277 1542 3364 inportunitate
1585 3273 1972 3342 Athenaidis
2015 3271 2240 3338 exsilio

182 3372 517 3449 multatos,
567 3375 636 3437 in
678 3371 961 3436 maxima
1002 3371 1179 3458 apud
1220 3395 1444 3460 regem
1481 3371 1860 3438 auctoritate
1905 3367 2242 3455 gratiaque

184 3466 515 3544 constitui;
569 3483 847 3550 cumque
889 3487 1199 3552 magnum
1251 3466 1496 3532 bellum
1537 3467 1606 3531 in
1642 3463 2058 3552 Cappadocia
2089 3483 2242 3528 con·-

185 3560 517 3636 citaretur,
554 3559 609 3626 si
644 3559 941 3626 sacerdos
976 3559 1170 3626 armis
1206 3583 1307 3638 se,
1342 3559 1518 3644 quod
1551 3560 1838 3625 facturus
1872 3556 2241 3645 putabatur,

185 3653 579 3733 defenderet,
613 3655 989 3724 adulescens
1024 3666 1091 3721 et
1122 3654 1414 3738 equitatu
1449 3666 1513 3722 et
1547 3655 1838 3741 peditatu
1871 3665 1936 3718 et
1967 3651 2244 3738 pecunia

182 3761 449 3836 paratus
482 3761 547 3814 et
580 3760 675 3814 tot
708 3748 919 3827 sociis,
950 3749 1066 3832 qui
1097 3749 1322 3814 novari
1351 3749 1594 3834 aliquid
1625 3748 1948 3824 volebant,
1981 3745 2242 3832 perfeci,

184 3857 256 3910 ut
300 3867 339 3909 e
382 3864 586 3929 regno
627 3843 735 3910 ille
778 3842 1135 3910 discederet
1184 3865 1429 3928 rexque
1481 3843 1620 3910 sine
1661 3842 1939 3908 tumultu
1985 3863 2062 3906 ac
2105 3839 2244 3904 sine

186 3937 411 4014 armis,
456 3937 631 4002 omni
674 3937 1051 4004 auctoritate
1085 3937 1271 4004 aulae
1306 3937 1728 4014 communita,
1773 3957 2046 4026 regnum
2093 3953 2243 4000 eum

186 4030 499 4116 dignitate
534 4031 868 4098 obtineret.
918 4031 1163 4100 interea
1197 4031 1474 4119 cognovi
1507 4031 1853 4098 multorum
1887 4029 2114 4097 litteris
2147 4038 2246 4095 at·
2277 4047 2302 4088 τ
