2675 4559
475 244 576 310 ’88
1094 252 1172 334 n.
1209 249 1483 306 'runnu
1518 248 1916 307 CICERONIS

493 379 641 443 visti
668 385 899 453 essent,
934 383 1209 459 quantus
1232 371 1526 438 interitus
1555 382 1719 438 esset
1751 372 2006 437 futurus
2036 371 2268 437 civium
2305 371 2546 458 partim

489 461 1047 547 amplissimorum,
1101 459 1334 545 partim
1378 457 1570 523 etiam
1605 456 2019 542 optimorum,
2071 457 2184 540 qui
2229 480 2332 523 me
2378 458 2546 524 haec

533 548 956 611 raedicentem
1003 556 1194 628 atque
1230 543 1469 628 optime
1506 544 1940 607 consulentem
1988 543 2177 607 saluti
2204 565 2367 608 suae
2402 566 2546 608 ma-

513 635 702 695 ebnnt
734 630 1001 694 nimium
1038 630 1328 697 timidum
1356 650 1551 712 quam
1576 628 1729 693 satis
1764 629 2141 727 prudentem
2168 628 2542 693 existimari.

425 739 453 775 a
493 718 661 799 quud
695 727 907 781 autem
943 714 1099 779 mihi
1135 715 1214 779 de
1250 736 1357 791 ec,
1404 713 1573 797 quod
1609 736 1879 797 egenm,
1932 713 2270 797 gratularis
2284 761 2302 789 ,
2350 726 2417 779 te
2452 715 2546 778 ita

489 803 648 867 velle
681 812 856 866 certo
890 802 1051 877 scio,
1097 800 1211 864 sed
1245 820 1367 884 ego
1410 810 1541 862 tam
1575 799 1805 862 misero
1850 809 2133 883 tempore
2178 798 2338 863 nihil
2384 800 2544 864 novi

489 886 732 951 consilii
767 886 1105 971 cepissem,
1159 884 1281 948 nisi
1313 883 1383 947 in
1427 883 1635 947 reditu
1678 905 1844 947 meo-
1865 883 2063 948 nihilo
2106 883 2399 948 meliores
2436 906 2541 949 res

489 971 863 1035 domesticas
892 992 1086 1053 quam
1115 992 1248 1033 rem
1280 968 1603 1053 publicam
1631 967 2065 1033 offendissem:
2102 967 2335 1051 quibus
2363 969 2540 1034 enim

485 1079 601 1139 pru
645 1056 803 1121 meis
847 1054 1285 1120 inmortalibus
1331 1053 1655 1118 beneficiis
1702 1053 2025 1117 carissima
2069 1076 2213 1118 mea
2258 1054 2435 1117 salus
2475 1066 2541 1119 et

485 1163 666 1207 meae
701 1141 992 1205 fortunae
1029 1162 1167 1204 esse
1203 1138 1551 1214 debebant,
1598 1160 1745 1203 cum
1780 1149 2036 1224 propter
2070 1137 2289 1206 eorum
2322 1139 2539 1203 scelus

485 1227 642 1291 nihil
668 1225 825 1289 mihi
849 1225 1014 1289 intra
1041 1245 1214 1287 meos
1243 1223 1516 1307 parietes
1545 1234 1776 1299 tutum,
1801 1224 1959 1287 nihil
1984 1223 2227 1288 insidiis
2256 1244 2539 1288 vacuum

489 1311 786 1385 viderem,
813 1330 1121 1372 novarum
1148 1329 1252 1372 me
1279 1308 1819 1373 necessitudinum
1846 1308 2146 1373 fidelitate
2174 1318 2397 1373 contra
2426 1332 2539 1374 ve-

489 1407 692 1459 terum
726 1393 1059 1479 perfidiam
1085 1392 1500 1477 muniendum
1535 1394 1778 1479 putavi.
1832 1393 1944 1458 sed
1971 1394 2051 1458 de
2079 1394 2309 1458 nostris
2338 1394 2537 1459 rebus

425 1499 453 1539 ι
489 1479 641 1543 satis
683 1480 785 1543 vel
830 1479 1023 1542 etiam
1067 1478 1334 1541 nimium
1378 1478 1598 1543 multa.
1687 1478 1766 1543 de
1811 1478 1936 1542 tuis
1980 1477 2173 1543 velim
2213 1489 2286 1542 ut
2330 1500 2409 1543 eo
2448 1479 2536 1544 sis

485 1563 717 1640 auium,
752 1585 884 1646 quo
920 1562 1116 1628 debes
1151 1584 1319 1639 esse,
1356 1562 1424 1626 id
1459 1573 1585 1639 est,
1629 1573 1701 1627 ut
1734 1585 1815 1627 ne
1849 1563 2004 1645 quid
2040 1563 2154 1627 tibi
2188 1563 2535 1648 praecipue

485 1648 833 1715 timendum
867 1659 1080 1733 putes:
1116 1648 1172 1712 si
1207 1648 1376 1711 enim
1411 1658 1612 1712 status
1648 1647 1766 1712 erit
1799 1648 2029 1729 aliquis
2059 1648 2351 1725 civitatis,
2388 1649 2537 1731 qui-

481 1755 756 1817 sumque
784 1734 920 1811 erit,
941 1745 1004 1797 te
1033 1732 1316 1797 omnium
1342 1734 1765 1818 periculorum
1792 1732 1977 1797 video
2006 1744 2330 1817 expertem
2358 1732 2532 1810 fore3

481 1843 633 1883 narn
664 1820 894 1884 alteros
928 1817 1046 1882 tibi
1078 1818 1206 1881 iam
1240 1818 1521 1903 placatos
1559 1840 1696 1881 esse
1730 1817 2048 1902 intellego,
2086 1818 2317 1882 alteros
2343 1840 2536 1882 num-

485 1927 676 1987 quam
710 1904 902 1970 iratos
937 1902 1152 1967 fuisse.
1208 1902 1287 1966 de
1322 1924 1467 1966 mea
1500 1913 1715 1966 autem
1747 1902 1816 1965 in
1850 1914 1911 1967 te
1938 1903 2263 1967 voluntate
2299 1902 2391 1967 sic
2419 1925 2534 1968 ve-

485 1991 593 2051 lim
623 1988 882 2062 iudices,
911 2009 1035 2063 me,
1054 1986 1560 2069 quibuscumque
1587 1986 1777 2051 rebus
1799 2008 1957 2072 opus
1978 2010 2115 2053 esse
2140 1987 2531 2073 intellegam,

485 2094 872 2155 quamquam
905 2072 1177 2147 videam,
1213 2071 1325 2152 qui
1360 2071 1479 2133 sim
1507 2070 1625 2135 hoc
1659 2082 1945 2156 tempore
1980 2084 2043 2136 et
2076 2072 2233 2155 quid
2266 2072 2529 2157 possim,

481 2179 676 2239 opera
709 2167 921 2220 tamen
956 2166 1020 2219 et
1054 2155 1333 2231 consili0,
1372 2151 1580 2219 studio
1617 2156 1874 2238 quidem
1912 2167 2100 2234 certe,
2137 2157 2256 2233 rei,
2293 2157 2527 2234 famae,

481 2239 669 2303 saluti
703 2249 849 2303 tuae
894 2245 1143 2324 praesto
1187 2239 1494 2304 futurum.
1583 2250 1653 2304 tu
1701 2242 1917 2318 velim,
1972 2252 2036 2307 et
2080 2241 2235 2324 quid
2270 2263 2427 2327 agas
2464 2256 2529 2307 et

485 2323 637 2423 quid
661 2334 949 2388 acturum
978 2334 1040 2389 te
1068 2334 1274 2409 putes,
1310 2324 1508 2389 facias
1535 2348 1637 2389 me
1664 2346 1859 2408 quam
1886 2326 2363 2412 diligentissime
2391 2350 2528 2392 cer—

481 2423 724 2471 norem.

1441 2542 1569 2597 XV.

1155 2634 1268 2689 Ser.
1290 2635 1502 2690 Romae
1524 2654 1573 2691 a.
1594 2653 1648 2689 u.
1670 2654 1717 2690 e.
1740 2636 1857 2689 708.

929 2729 1004 2782 M.
1043 2730 1317 2785 CICERO
1358 2730 1412 2785 S.
1450 2730 1521 2785 D.
1560 2732 1676 2788 CN.
1700 2731 2067 2798 PLANCIO.

421 2859 441 2895 ι
609 2835 850 2919 Accepi
882 2834 1209 2919 perbrevis
1245 2847 1387 2901 tuas
1421 2836 1686 2913 litteras,
1732 2836 1965 2919 quibus
2000 2836 2098 2912 id,
2142 2837 2315 2919 quod
2361 2836 2519 2903 scire

481 2920 834 3003 eripiebam,
872 2940 1254 3004 cognoscere
1283 2940 1411 2985 non
1445 2922 1644 3006 potui,
1685 2921 1957 3005 cognovi
1986 2931 2196 2985 autem
2223 2919 2311 2996 id,
2348 2923 2519 3004 quod

477 3007 629 3067 mihi
667 3003 933 3068 dubium
966 3025 1094 3069 non
1128 3005 1268 3068 fuit.
1322 3029 1474 3069 nam
1501 3027 1694 3089 quam
1729 3006 1977 3070 fortiter
2009 3004 2207 3070 ferres
2235 3027 2520 3071 commu-

474 3091 573 3151 nis
609 3088 924 3165 miserias,
967 3112 1096 3154 non
1128 3090 1439 3168 intellexi3
1477 3113 1669 3175 quam
1705 3113 1807 3155 me
1842 3113 2116 3166 amares,
2151 3090 2341 3156 facile
2377 3114 2518 3177 per-

477 3174 681 3259 spexi:
721 3175 832 3239 sed
851 3175 972 3239 hoc
990 3175 1285 3252 scieram3
1320 3177 1480 3242 illud
1500 3178 1552 3240 si
1572 3176 1851 3252 scissem,
1880 3177 1963 3239 ad
1990 3175 2056 3239 id
2085 3198 2259 3240 meas
2276 3176 2515 3242 litteras

417 3279 441 3319 s
477 3260 1138 3325 aeenmmodavissem.
1232 3262 1346 3326 sed
1393 3273 1605 3326 tamen
1650 3260 1780 3340 etsi
1810 3271 1999 3325 antea
2050 3260 2299 3344 scripsi,
2352 3283 2514 3344 quae

477 3346 830 3411 existimavi
859 3346 1047 3410 scribi
1077 3357 1385 3431 oportere,
1424 3357 1636 3410 tamen
1669 3345 1791 3409 hoc
1826 3356 2111 3429 tempore
2150 3345 2431 3411 breviter
2465 3360 2514 3411 te

473 3430 1004 3495 commonendum
1039 3430 1280 3513 putavi,
1315 3452 1400 3495 ne
1435 3452 1563 3513 quo
1601 3434 1665 3494 in
1700 3430 1981 3514 periculo
2018 3442 2081 3494 te
2116 3431 2372 3515 proprio
2409 3454 2514 3497 ex-

469 3515 783 3577 istimares
820 3535 987 3589 esse3
1034 3515 1101 3582 in
1136 3536 1240 3577 ma
1332 3536 1370 3578 o
1408 3536 1659 3590 omnes,
1695 3514 1809 3580 sed
1845 3526 2058 3578 tamen
2090 3514 2159 3578 in
2194 3516 2514 3581 communi

473 3619 708 3663 sumus.
763 3618 892 3679 qua
916 3619 986 3661 re
1012 3618 1141 3661 non
1168 3598 1246 3661 de
1293 3621 1362 3662 es
1389 3608 1501 3663 aut
1534 3598 1853 3685 propriam
1889 3600 2209 3663 fortunam
2239 3612 2304 3665 et
2331 3623 2514 3685 prae-

469 3683 722 3770 cipuam
749 3681 1069 3766 postulare
1097 3693 1209 3747 aut
1229 3704 1632 3749 communem
1656 3706 1968 3750 recusare.
2024 3696 2413 3770 quapropter
2439 3708 2513 3751 eo

473 3771 679 3831 animo
716 3768 911 3831 simus
954 3767 1120 3832 inter
1161 3788 1310 3840 nos,
1356 3789 1484 3851 quo
1520 3792 1771 3855 semper
1805 3769 2041 3834 fuimus
2052 3794 2070 3847 3
2118 3772 2285 3853 quod
2335 3772 2414 3836 de
2452 3782 2516 3838 te

473 3875 743 3935 sperare,
781 3853 859 3917 de
897 3874 998 3916 me
1032 3864 1355 3936 praestare
1390 3875 1671 3938 possum.
1759 3868 1764 3871 “
