2675 4559
401 276 528 341 112
1013 283 1092 337 Μ.
1130 282 1405 339 TULLII
1440 280 1840 341 CICERONIS
1873 328 1879 331 Α

397 412 622 477 litteris
657 430 965 493 magnum
1001 406 1144 491 cepi
1177 404 1463 471 fructum
1504 416 1571 471 et
1603 404 1823 471 iudicii
1858 415 1924 473 et
1958 405 2154 473 officii
2186 408 2319 475 tui:
2360 410 2461 475 iu·

399 505 578 581 dicii,
637 502 814 587 quod
857 500 1160 587 intellego
1205 509 1302 577 te,
1354 499 1423 564 id
1466 499 1641 583 quod
1685 520 1906 565 omnes
1949 500 2146 569 fortes
2182 525 2261 570 ac
2306 502 2461 571 bom

397 600 520 664 viri
561 598 774 665 facere
819 596 1088 673 debent,
1140 594 1299 663 nihil
1340 604 1571 680 putare
1614 594 1771 661 utile
1815 616 1957 662 esse
1990 596 2115 662 nisi
2146 598 2325 682 quod
2358 622 2463 666 re-

397 704 573 759 ctum
605 692 1072 775 honestumque
1100 688 1210 767 sit3
1247 688 1465 766 officii,
1499 688 1675 775 quod
1700 700 1765 757 te
1792 711 2065 769 mecum,
2100 692 2461 776 quodcum-

397 810 525 873 que
573 785 889 873 cepissem
940 782 1214 860 consilii,
1268 782 1585 869 polliceris
1638 780 1805 861 fore,
1858 804 1987 869 quo
2036 806 2248 871 neque
2298 784 2465 852 mihi

398 883 644 969 gratius
679 901 920 965 neque,
963 890 1036 944 ut
1071 898 1194 964 ego
1226 878 1529 956 arbitror,
1573 878 1691 944 tibi
1734 878 2063 945 honestius
2098 902 2241 947 esse
2278 880 2464 965 quic·

399 996 596 1061 quam
647 984 876 1063 potest.
963 972 1121 1037 mihi
1173 972 1507 1039 consilium
1552 984 1811 1059 captum
1860 974 1990 1038 iam
2034 974 2146 1039 diu
2191 984 2321 1052 est3
2376 976 2461 1041 de

399 1092 528 1154 quo
566 1069 650 1134 ad
693 1082 787 1146 te,
829 1088 961 1131 non
1005 1088 1136 1151 quo
1181 1065 1483 1132 celandus
1528 1088 1730 1145 esses,
1772 1066 1931 1131 nihil
1974 1066 2199 1154 scripsi
2242 1080 2441 1134 antea

400 1164 514 1231 sed
551 1165 704 1249 quia
748 1159 1234 1227 communicatio
1269 1160 1516 1225 consilii
1558 1161 1672 1225 tali
1703 1171 1991 1247 tempore
2024 1161 2211 1246 quasi
2254 1184 2461 1246 quae-

397 1258 549 1323 dam
595 1255 942 1322 admonitio
977 1253 1234 1319 videtur
1275 1277 1417 1321 esse
1449 1254 1647 1319 officii
1680 1256 1785 1321 vel
1827 1256 2041 1342 potius
2075 1256 2461 1343 efflagitatio

397 1354 482 1417 ad
535 1350 886 1417 coeundam
939 1348 1308 1415 societatem
1357 1348 1464 1413 vel
1515 1350 1785 1435 periculi
1827 1350 1933 1416 vel
1981 1348 2247 1415 laboris:
2302 1368 2461 1417 cum

395 1467 550 1511 vero
584 1465 662 1509 ea
701 1454 817 1509 tua
860 1443 942 1509 sit
981 1442 1309 1520 voluntas,
1364 1442 1755 1521 humanitas,
1808 1444 2252 1511 benevolentia
2296 1466 2461 1531 erga

395 1562 528 1616 me,
581 1538 854 1604 libenter
911 1538 1260 1623 amplector
1310 1536 1505 1603 talem
1548 1538 1861 1616 animum,
1915 1539 2031 1605 sed
2074 1539 2165 1603 ita
2197 1574 2289 1587 --
2318 1560 2459 1605 non

395 1634 567 1699 enim
603 1632 918 1697 dimittam
952 1632 1264 1717 pudorem
1294 1631 1364 1697 in
1396 1632 1685 1719 rogando
1720 1654 1936 1699 meum
1968 1668 2082 1710 -,
2128 1634 2183 1697 si
2219 1632 2457 1701 feceris

395 1728 482 1805 id,
519 1726 693 1812 quod
727 1726 1028 1804 ostendis,
1063 1748 1369 1813 magnam
1404 1726 1654 1793 habebo
1686 1726 1989 1813 gratiam3
2024 1726 2083 1792 si
2113 1748 2244 1791 non
2277 1728 2459 1793 fece-

393 1824 502 1898 ris,
538 1822 898 1908 ignoscam,
935 1831 1002 1886 et
1035 1820 1305 1887 alterum
1339 1822 1572 1897 timori,
1610 1820 1881 1887 alterum
1914 1820 2073 1885 mihi
2111 1831 2175 1886 te
2209 1844 2456 1907 negare

395 1938 524 1981 non
567 1915 850 2001 potuisse
897 1913 1282 1993 arbitrabor3
1331 1926 1429 1979 est
1462 1914 1633 1979 enim
1676 1936 1781 1981 res
1822 1914 2109 2001 profecto
2146 1916 2453 1981 maxima.

393 2009 552 2093 quid
583 2018 828 2075 rectum
863 2007 974 2085 sit,
1027 2007 1320 2091 adparet3
1374 2008 1531 2091 quid
1565 2008 1889 2093 expediat,
1943 2008 2285 2075 obscurum
2330 2020 2456 2087 est,

392 2102 484 2166 ita
517 2111 759 2176 tamen,
794 2110 898 2177 ut,
935 2098 990 2165 si
1023 2120 1140 2165 nos
1173 2100 1220 2165 ii
1253 2121 1506 2178 sumus,
1540 2102 1653 2185 qui
1686 2124 1826 2167 esse
1862 2100 2189 2177 debemus,
2224 2102 2293 2167 id
2326 2114 2455 2180 est,

393 2194 605 2260 studio
658 2194 838 2280 digni
889 2214 968 2259 ac
1018 2194 1246 2260 litteris
1289 2196 1549 2273 nostris,
1604 2195 1896 2263 dubitare
1948 2218 2077 2263 non
2125 2196 2455 2284 possimus

393 2289 548 2373 quin
583 2310 662 2355 ea
705 2288 984 2355 maxime
1029 2290 1419 2366 conducant,
1466 2312 1631 2375 quae
1676 2302 1825 2357 sunt
1858 2291 2227 2357 rectissima:
2316 2314 2457 2377 qua

389 2405 459 2447 re
495 2392 598 2458 tn,
633 2382 690 2447 si
723 2381 914 2447 simul
953 2383 1263 2469 placebit,
1310 2384 1526 2449 statim
1560 2384 1646 2449 ad
1686 2406 1793 2451 me
1834 2386 2081 2452 venies:
2128 2386 2227 2451 sin
2269 2386 2453 2451 idem

389 2474 668 2561 placebit
703 2488 898 2561 atque
925 2477 1170 2554 eodem,
1207 2500 1327 2543 nec
1354 2478 1655 2543 continuo
1689 2479 1938 2564 poterit,
1974 2480 2187 2545 omnia
2220 2480 2341 2545 tibi
2374 2492 2453 2546 ut

389 2583 543 2637 nota
584 2571 712 2638 sint
757 2570 1009 2637 faciam.
1108 2572 1413 2657 quicquid
1458 2573 1782 2650 statueris,
1834 2584 1899 2639 te
1944 2574 2101 2639 mihi
2142 2573 2452 2653 amicum,

387 2664 487 2731 sin
521 2664 610 2743 id,
646 2665 821 2753 quod
856 2677 1028 2752 opto,
1063 2665 1256 2732 etiam
1292 2666 1749 2732 amicissimum
1782 2667 2097 2733 iudicabo,

1342 2901 1477 2957 XX.

681 2998 800 3057 Ser.
821 3002 895 3057 ad
913 3003 1109 3058 urbem
1127 3003 1311 3059 medio
1329 3020 1523 3059 mense
1538 3004 1803 3060 Ianuario
1822 3022 1872 3059 a.
1893 3022 1947 3059 u.
1966 3020 2014 3059 c.
2035 3004 2153 3061 705.

1146 3104 1423 3163 CICERO
1456 3105 1685 3164 RUFO.
1794 3100 1801 3105 ’

515 3224 787 3314 Quoquo
821 3227 1013 3295 modo
1048 3228 1419 3315 potuissem,
1455 3241 1519 3295 te
1556 3221 2022 3306 convenissem,
2060 3230 2116 3294 si
2152 3252 2229 3296 eo
2240 3274 2261 3307 ,
2307 3253 2444 3317 quo

385 3323 833 3400 constitueras,
870 3324 1088 3391 venire
1121 3325 1452 3391 voluisses.
1524 3347 1655 3409 qua
1688 3347 1758 3391 re
1794 3326 1913 3391 etsi
1946 3326 2077 3391 mei
2111 3328 2439 3392 commodi

384 3440 580 3483 causa
604 3438 1004 3483 commovere
1039 3440 1143 3483 me
1177 3418 1456 3496 noluisti,
1492 3428 1707 3485 tamen
1740 3420 1835 3487 ita
1858 3418 2183 3485 existimes
2216 3420 2437 3499 velim,

381 3534 484 3577 me
537 3511 962 3576 antelaturum
1013 3511 1244 3589 fuisse,
1299 3513 1353 3576 si
1399 3514 1483 3577 ad
1532 3536 1635 3579 me
1679 3513 1987 3591 misisses,
2039 3514 2437 3581 voluntatem

382 3615 559 3669 tuam
595 3604 928 3669 commodo
964 3626 1128 3669 meo.
1217 3606 1300 3669 ad
1335 3628 1433 3683 ea,
1470 3628 1635 3691 quae
1672 3605 1998 3692 scripsisti,
2036 3605 2435 3673 commodius

379 3693 680 3785 equidem
711 3720 967 3785 possem
1003 3698 1084 3765 de
1119 3699 1389 3785 singulis
1424 3701 1509 3766 ad
1554 3712 1617 3767 te
1651 3700 1843 3767 rebus
1888 3701 2194 3777 scribere,
2240 3701 2297 3767 si
2331 3702 2435 3769 M.

379 3793 630 3860 Tullius
643 3840 662 3871 ,
716 3792 927 3859 scriba
974 3814 1184 3870 meus,
1239 3795 1521 3861 adessem
1576 3818 1615 3859 a
1658 3816 1787 3879 quo
1828 3795 1987 3860 mihi
2030 3796 2435 3882 exploratum

377 3898 473 3951 est
505 3888 576 3953 in
609 3886 958 3953 rationibus
995 3887 1327 3953 dumtaxat
1360 3887 1711 3954 referendis
1734 3924 1825 3937 -—-
1858 3889 1941 3955 de
1976 3890 2201 3955 ceteris
2235 3890 2435 3956 rebus

377 3980 714 4045 adfirmare
739 4002 868 4047 non
902 4003 1166 4068 possum
1183 4016 1272 4031 ·—-
1285 3982 1443 4049 nihil
1472 4002 1621 4047 eum
1646 3981 1875 4052 fecisse
1904 3982 2228 4060 scientem,
2254 3985 2433 4069 quod

309 4156 314 4163 Ι
374 4083 544 4143 esset
579 4084 801 4139 contra
842 4085 954 4140 aut
995 4096 1130 4141 rem
1165 4087 1278 4141 aut
1311 4074 1843 4144 existimationem
1877 4086 2094 4164 ⁸tuam3
2148 4076 2324 4154 dein,
2370 4078 2429 4141 si

2409 0 2538 40 ³2,-

2440 1116 2460 1145 '
2637 1134 2639 1173 ι

2636 1180 2639 1241 !

2636 1242 2639 1313 Ι
