2675 4559
474 276 1030 371 EPISTOIfARUM
1064 277 1175 332 AD
1214 277 1281 344 Q.
1316 277 1693 335 FRATREM
1726 280 1803 335 ΙΙ.
1843 281 2031 338 7—10.
2153 268 2281 336 451.

213 405 252 483 †
290 401 592 486 araysira.
646 400 897 466 Marius
934 411 997 466 et
1032 401 1398 468 valetudine
1429 400 1620 468 estet
1649 411 1879 469 natura
1914 401 2284 472 inbeeillior.

214 495 303 561 de
356 494 859 582 interpellatione
911 505 1160 560 tantum
1212 519 1465 561 sumam
1513 519 1554 561 a
1603 497 1788 562 vobis
1847 499 2149 585 temporis
2201 499 2286 564 ad
2319 517 2348 560 ι.

217 588 651 666 scribendum,
689 599 1001 673 quantum
1036 589 1286 655 dabitis.
1360 591 1608 656 utinam
1643 591 1802 656 nihil
1839 593 2021 670 detis,
2059 601 2132 658 ut
2165 611 2283 680 po·-

214 685 348 748 tiu's‘
383 693 598 748 vestra
628 683 861 748 iniuria
904 705 1099 768 quam
1141 683 1403 770 ignavia
1439 695 1584 751 'me'a
1619 685 1894 754 cesseml
1945 687 2026 753 de
2061 710 2130 754 re
2165 710 2286 774 pu-

219 778 390 844 bliea
423 777 689 842 nimium
736 781 799 842 'te
842 777 1134 844 laborare
1182 777 1368 845 doleo
1415 779 1479 846 et
1504 779 1848 848 meliorem
1895 781 2100 847 civem
2146 795 2284 848 'esse

216 889 416 956 quam
467 871 924 947 Philoctetam,
986 873 1097 956 qui
1162 886 1426 960 accepta
1485 875 1718 941 iniuria
1779 899 1858 942 ea
1921 867 2286 963 spectacula

214 966 599 1052 quaerebat,
646 988 811 1053 quae
856 966 973 1031 tibi
1008 968 1241 1034 acerba
1275 991 1414 1036 esse
1461 969 1667 1036 video.
1760 971 1988 1036 amabo
2035 981 2127 1046 te,
2172 970 2285 1036 ad-

216 1063 397 1138 vola3
452 1061 830 1126 consolabor
875 1070 939 1126 te
995 1071 1060 1126 et
1102 1083 1360 1129 omnem
1416 1064 1798 1151 abstergebo
1853 1063 2165 1137 dolorem,
2221 1076 2284 1129 et

215 1154 461 1232 adduc,
508 1155 563 1220 si
596 1177 701 1221 me
736 1175 948 1234 amas,
984 1155 1293 1222 Marium.
1383 1158 1500 1223 sed
1535 1158 1974 1245 adproperate.
2061 1157 2282 1224 hortus

219 1249 395 1314 domi
432 1259 547 1314 est.

1098 1486 1202 1541 IX.
1244 1487 1400 1556 [XL]

597 1585 717 1642 Ser.
740 1587 971 1643 ineunte
994 1605 1183 1644 mense
1208 1589 1519 1646 Februario
1545 1606 1596 1645 a.
1621 1607 1677 1645 u.
1702 1607 1750 1646 e.
1779 1591 1898 1646 700.

526 1689 840 1748 MARCUS
894 1689 1192 1756 QUINTO
1238 1691 1534 1746 FRATRI
1581 1690 1969 1750 SALUTEM.

345 1811 705 1900 Epistolam
766 1813 933 1878 hane
996 1814 1275 1880 convitio
1328 1814 1765 1901 efflagitarunt
1819 1815 2094 1882 codicilli
2154 1815 2340 1893 tui31

217 1927 369 1974 nam
402 1930 505 1974 res
534 1907 845 1992 quidem
826 1931 970 1994 1psa
999 1917 1061 1974 et
1092 1907 1149 1973 is
1188 1909 1344 1987 dies,
1381 1931 1509 1992 quo
1536 1919 1607 1975 tu
1637 1933 1704 1976 es
1740 1911 2085 1996 profectus,
2121 1909 2281 1990 nihil

215 2003 375 2068 mihi
410 2002 493 2068 ad
529 2001 937 2069 scribendum
972 2004 1334 2089 argumenti
1369 2011 1526 2069 sane
1560 2003 1784 2083 dabat3
1820 2004 1933 2071 sed
1968 2023 2162 2088 quem
2198 2003 2280 2068 ad

210 2097 499 2174 modum,
538 2117 751 2163 eoram
780 2119 927 2162 eum
955 2117 1195 2175 sumus,
1232 2108 1442 2163 sermo
1469 2097 1652 2162 nobis
1684 2099 1906 2165 deesse
1930 2120 2062 2164 non
2098 2099 2277 2175 solet,

212 2191 310 2257 sie
346 2190 652 2277 epistolae
688 2201 941 2257 nostrae
979 2191 1217 2257 debent
1250 2192 1573 2258 interdum
1611 2191 1982 2259 halucinari.
2069 2191 2280 2259 Tene·-
2313 2219 2340 2258 ε

212 2287 467 2352 diorum
510 2286 707 2374 igitur
749 2286 1010 2352 libertas
1058 2288 1268 2353 securi
1304 2286 1594 2354 Tenedia
1635 2289 1926 2374 praecisa
1960 2300 2085 2367 est,
2133 2306 2282 2354 eum

212 2403 325 2447 eos
378 2393 631 2470 praeter
680 2403 785 2448 me
838 2391 902 2447 et
942 2382 1263 2448 Bibulum
1316 2395 1382 2449 e‘t
1427 2380 1754 2450 Calidium
1809 2396 1872 2450 et
1914 2384 2280 2450 Favonium

214 2497 403 2541 nemo
432 2475 829 2542 defenderet.
902 2477 983 2543 de
1020 2489 1083 2543 te
1119 2501 1158 2542 a
1190 2477 1618 2564 Magnetibus·
1649 2479 1732 2546 ab
1771 2476 2002 2565 Sipylo
2038 2479 2277 2544 mentio

212 2585 312 2638 est
356 2570 705 2636 honorifica
746 2571 947 2648 faeta,
994 2595 1143 2636 eum
1186 2582 1249 2637 te
1284 2595 1488 2637 unum
1532 2571 1818 2638 dicerent
1863 2571 2278 2680 postulationi

214 2667 297 2731 L'.
338 2663 533 2732 Sestii
564 2663 842 2730 Pansae
866 2664 1191 2729 restitisse.
1279 2667 1543 2750 reliquis
1581 2665 1807 2730 diebus
1845 2665 1898 2730 si
1935 2664 2090 2746 quid
2137 2666 2276 2741 erit,

210 2761 389 2846 quod
422 2772 487 2826 te
522 2759 683 2825 seire
711 2778 873 2845 opus
902 2759 1005 2836 sit,
1042 2771 1153 2824 aut
1182 2760 1374 2826 etiam
1412 2761 1466 2824 si
1499 2759 1659 2824 nihil
1696 2759 1836 2835 erit,
1871 2769 2088 2824 tamen
2124 2759 2279 2824 seri-

213 2857 367 2920 bam
402 2855 633 2920 cotidie
670 2845 930 2938 aliquid.
1000 2853 1207 2940 pridie
1240 2853 1401 2920 Idus
1436 2875 1646 2936 neque
1682 2851 1798 2917 tibi
1834 2873 2044 2937 neque
2079 2852 2278 2918 Pom-

214 2949 407 3034 ponio
438 2950 651 3014 deero
702 2947 993 3012 Lucretii
1018 2953 1336 3032 poemata,
1367 2958 1439 3013 ut
1468 2947 1711 3025 scribis,
1747 2946 1838 3013 ita
1863 2958 2032 3025 sunt,
2059 2949 2276 3014 multis
2311 2972 2337 3012 3

212 3043 613 3108 luminibus
594 3042 865 3127 mgenii,
902 3042 1140 3106 multae
1178 3043 1371 3108 etiam
1407 3043 1579 3108 artis.
1671 3041 1785 3107 sed
1824 3063 1970 3107 cum
2005 3042 2276 3120 veneris,

211 3139 424 3204 virum
460 3148 523 3202 te
557 3134 829 3222 putabo,
866 3135 921 3200 si
960 3134 1252 3202 Sallustii
1286 3136 1727 3222 Empedoclea
1760 3136 2027 3221 legeris3
2075 3135 2279 3201 homi-

211 3252 363 3298 nem
398 3252 527 3295 non
564 3229 825 3315 put-abo.

1095 3465 1170 3520 X.
1240 3465 1392 3520 XII:

596 3567 713 3624 Ser.
738 3567 953 3624 Romae
975 3568 1172 3624 Idibus
1196 3469 1522 3623 Rebi-niune
1549 3586 1600 3623 a.
1624 3585 1678 3623 u.
1707 3585 1755 3623 e.
1783 3569 1902 3622 700.

550 3671 862 3730 MARCUS
900 3670 1197 3736 QUINTO
1232 3671 1528 3726 FRATRI
1565 3669 1947 3728 SALUTEM.

350 3793 625 3862 Gaudeo
668 3795 785 3861 tibi
830 3795 1139 3861 iucundas
1188 3817 1327 3861 esse
1375 3817 1550 3862 meas
1594 3794 1864 3886 litteras,
1909 3813 2030 3858 nee
2065 3803 2280 3856 tamen
2315 3814 2338 3852 1

216 3889 587 3955 habuissem
640 3889 959 3956 scribendi
1010 3908 1182 3956 nune
1242 3882 1503 3973 quidem
1553 3889 1756 3954 ullum
1810 3897 2279 3974 argumentum,

218 3983 343 4048 nisi
377 3994 521 4048 tuas
557 3985 975 4070 accepissem3
1012 3981 1164 4072 narn
1200 3985 1406 4071 pridie
1435 3983 1592 4049 Idus
1629 4006 1776 4048 oum
1804 3982 2061 4068 Appius
2097 4003 2279 4046 sena-

213 4087 359 4142 tum
392 4077 861 4162 infrequentem
902 4080 1233 4166 coegisset,
1260 4090 1509 4145 tantum
1543 4078 1666 4144 fuit
1701 4077 1927 4164 frigus,
1954 4087 2028 4142 ut
2060 4074 2284 4162 populi
2355 4087 2358 4090 ’

1821 4177 1889 4233 29
1911 4180 1936 4208 ἡ
