2675 4559
429 190 516 261 42
1050 204 1125 257 M.
1165 202 1437 261 TULLII
1474 200 1874 261 CICERONIS

427 348 745 411 nusquam
773 350 925 394 sane
955 326 1255 401 arbitror-3
1297 324 1603 389 Rhodum
1624 322 2010 397 Ciceronum
2041 346 2234 393 causa
2261 346 2503 409 puero-

427 444 570 488 rum
615 442 1022 489 accessurum
1066 429 1253 503 puto;
1299 440 1510 502 neque
1553 418 1620 484 id
1664 429 1878 483 tamen
1924 429 2188 485 certum.
2261 419 2347 486 ad
2384 442 2501 490 ur·-

433 519 577 579 hem
621 514 768 580 volo
813 536 1008 599 quam
1058 512 1338 599 primum
1382 512 1630 589 venire3
1685 512 1801 578 sed
1852 523 2067 581 tamen
2110 512 2230 578 iter
2274 535 2499 584 meum

429 611 521 675 rei
557 608 851 691 publicae
887 620 950 674 et
993 630 1208 675 rerum
1242 608 1635 675 urbanarum
1670 606 1833 677 'ratio
1867 605 2272 692 gubernabit.
2348 628 2499 673 suc-

433 726 642 771 cessor
677 714 826 772 tuus
861 725 992 772 non
1026 712 1238 787 potest
1271 702 1363 767 ita
1396 713 1720 769 maturare
1756 702 1888 765 ullo
1922 699 2135 779 modo,
2170 712 2245 766 ut
2278 710 2350 766 tu
2388 723 2498 765 me

433 799 497 861 in
533 798 696 861 Asia
739 798 942 882 possis
989 797 1349 866 convenire.
1440 795 1519 860 de
1555 795 1907 866 rationibus
1942 795 2313 871 referendiS,
2360 816 2498 859 non

433 907 565 959 erat
601 892 1078 961 incommodum
1121 902 1184 963 te
1219 891 1461 960 nullam
1496 890 1762 966 referre,
1808 912 2002 973 quam
2036 889 2155 955 tibi
2189 889 2416 955 scribis
2454 913 2498 953 a

429 986 666 1051 Bibulo
691 986 829 1056 fieri
863 996 1274 1073 potestatem3
1312 985 1427 1049 sed
1460 984 1529 1048 id
1555 984 1664 1049 vix
1690 984 1845 1054 mihi
1874 984 2107 1049 videris
2136 1007 2249 1069 per
2274 984 2495 1068 legem

431 1083 663 1147 Iuliam
698 1080 909 1152 facere
945 1103 1154 1167 posse,
1193 1102 1389 1163 quam
1416 1079 1691 1146 Bibulus
1720 1089 1893 1144 certa
1928 1078 2208 1161 quadam
2242 1079 2494 1144 ratione

429 1199 557 1240 nnn
597 1187 834 1252 servat,
881 1175 999 1241 tibi
1043 1196 1278 1259 magno
1326 1195 1519 1258 opere
1565 1172 1944 1238 servandam
1980 1194 2227 1240 censeo.
2315 1173 2495 1258 quod

433 1270 673 1344 scribis,
709 1270 1007 1353 Apamea
1040 1268 1433 1353 praesidium
1468 1267 1700 1333 deduci
1734 1289 1863 1333 non
1898 1266 2273 1351 oportuisse,
2310 1266 2494 1335 vide-

433 1363 581 1427 bam
625 1362 781 1429 item
824 1372 1068 1430 ceteros
1115 1361 1478 1429 existimare
1523 1361 1915 1444 molesteque
1958 1360 2247 1429 ferebam
2292 1359 2373 1424 de
2412 1384 2494 1426 ea

433 1479 497 1519 re
529 1456 738 1519 minus
759 1456 1123 1522 commodos
1152 1476 1477 1521 sermones
1506 1454 1965 1524 malevolorum
1993 1454 2222 1522 fuisse:
2259 1454 2495 1519 Parthi

433 1549 793 1616 transierint
852 1570 1054 1618 necne
1119 1560 1371 1634 praeter
1432 1560 1496 1613 te
1549 1547 1735 1613 video
1789 1548 2081 1615 dubitare
2141 1547 2491 1614 neminem.

429 1647 644 1727 itaque
681 1644 894 1710 omnia
928 1644 1264 1729 praesidia,
1303 1660 1469 1727 quae
1504 1665 1739 1728 magna
1776 1654 1838 1707 et
1871 1643 2052 1707 firma
2088 1664 2492 1728 paraveram,

437 1748 790 1805 commotus
827 1738 1160 1807 hominum
1195 1760 1324 1803 non
1362 1736 1559 1801 dubio
1596 1757 1886 1802 sermone
1924 1736 2151 1803 dimisi.
2208 1736 2491 1801 rationes

429 1835 553 1899 mei
601 1834 950 1915 quaestoris
994 1855 1114 1898 nec
1158 1855 1383 1898 verum
1426 1831 1551 1898 fuit
1592 1852 1695 1897 me
1740 1831 1857 1896 tibi
1899 1830 2147 1896 mittere
2183 1852 2305 1895 nec
2350 1841 2490 1894 tum

429 1939 608 1991 erant
661 1927 1020 2002 confectae3
1076 1949 1184 1992 eas
1237 1947 1356 1992 nos
1400 1925 1734 2009 Apameae
1788 1925 2104 2010 deponere
2158 1923 2493 2009 cogitaba-

429 2043 593 2083 mus*
680 2019 761 2087 de
797 2020 1036 2104 praeda
1071 2042 1216 2086 mea
1249 2028 1502 2102 praeter
1537 2029 1907 2101 quaestores
1940 2018 2249 2094 urbanos,
2285 2017 2357 2081 id
2394 2029 2492 2083 est

429 2114 736 2195 populum
780 2113 1175 2188 Romanum,
1231 2112 1590 2185 teruncium
1625 2134 1745 2178 nec
1782 2113 1993 2199 attigit
2037 2134 2155 2179 nec
2197 2124 2487 2180 tacturus

429 2219 525 2271 est
561 2206 914 2289 quisquam.
1004 2206 1368 2271 Laodiceae
1406 2230 1507 2272 me
1553 2206 1821 2291 praedes
1867 2218 2281 2291 accepturum
2319 2206 2490 2273 arbi-

429 2311 557 2363 tror
597 2301 798 2366 omnis
833 2300 1143 2385 pecuniae
1188 2300 1515 2385 publicae,
1562 2312 1635 2364 ut
1671 2311 1734 2366 et
1768 2300 1925 2365 mihi
1962 2311 2025 2365 et
2058 2301 2299 2385 populo
2338 2322 2491 2365 cau-

429 2407 565 2457 tum
601 2393 682 2457 sit
725 2394 859 2460 sine
905 2404 1204 2459 vecturae
1250 2394 1554 2477 periculo.
1647 2394 1819 2478 quod
1864 2394 2087 2458 scribis
2133 2394 2217 2460 ad
2261 2415 2371 2462 me
2408 2393 2488 2458 de

429 2487 848 2555 drachumum
884 2506 1168 2565 0001000,
1223 2488 1382 2552 nihil
1432 2499 1528 2553 est
1570 2487 1744 2573 quod
1786 2488 1855 2551 in
1899 2487 2021 2553 isto
2065 2508 2303 2572 genere
2351 2488 2487 2551 cui-

425 2603 620 2663 quam
665 2582 904 2666 possim
952 2583 1386 2652 commodare:
1435 2582 1639 2648 omnis
1685 2582 1854 2649 enim
1898 2581 2175 2666 pecunia
2217 2582 2310 2645 ita
2358 2594 2485 2646 tra—

425 2687 653 2753 ctatur,
688 2688 760 2741 ut
795 2677 1034 2762 praeda
1069 2701 1107 2742 a
1141 2677 1504 2763 praefecti&
1539 2698 1703 2760 quae
1732 2688 1947 2741 autem
1981 2676 2139 2740 mihi
2174 2675 2486 2741 attributa

380 2828 381 2831 ,
425 2787 549 2847 est,
589 2795 625 2836 a
659 2783 996 2854 quaestore
1033 2782 1307 2837 curetur.
1397 2772 1571 2853 quod
1609 2771 1890 2854 quaeris,
1931 2769 2086 2854 quid
2122 2770 2487 2836 existimem

425 2867 501 2931 de
537 2865 918 2950 legionibuS,
954 2886 1119 2947 quae
1149 2865 1441 2932 decretae
1477 2876 1626 2931 sunt
1659 2865 1726 2930 in
1756 2864 2032 2949 Syriam,
2070 2876 2259 2929 antea
2296 2864 2487 2929 dubi-

421 2959 529 3023 tah
537 2980 638 3025 am
688 2968 1076 3024 venturaene
1131 2969 1371 3033 essent3
1435 2979 1605 3026 nunc
1659 2958 1814 3022 mihi
1876 2980 2006 3027 non
2061 2968 2157 3023 est
2210 2957 2488 3023 dubium

421 3055 597 3135 quin,
635 3052 688 3115 si
725 3066 913 3117 antea
949 3053 1238 3117 auditum
1267 3052 1386 3117 erit
1422 3052 1619 3116 otium
1652 3075 1791 3118 esse
1826 3053 1895 3116 in
1924 3051 2136 3136 Syria,
2173 3063 2484 3118 venturae

421 3167 549 3207 nnn
589 3144 740 3221 sint-3
786 3145 1073 3210 Marium
1118 3145 1377 3229 quidem
1412 3167 1842 3210 successorem
1892 3146 2072 3209 tarde
2110 3144 2299 3209 video
2340 3168 2483 3211 esse

421 3251 790 3315 venturum,
845 3251 1181 3324 propterea
1217 3239 1392 3323 quod
1435 3250 1693 3304 senatus
1727 3240 1818 3302 ita
1853 3239 2166 3315 decrevit,
2221 3250 2295 3303 ut
2331 3261 2483 3303 cum

421 3332 778 3419 legionibus
813 3333 952 3397 iret.

549 3423 686 3488 Uni
740 3426 1045 3509 epistolae
1097 3425 1398 3510 respondi
1409 3451 1426 3502 3
1480 3426 1669 3490 venio
1714 3426 1798 3489 ad
1852 3426 2137 3490 alteram.
2227 3426 2395 3510 petis
2443 3450 2485 3490 a

421 3543 553 3595 me,
607 3530 679 3581 ut
722 3517 958 3582 Bibulo
1005 3530 1068 3583 te
1114 3542 1308 3602 quam
1354 3518 1836 3603 diligentissime
1883 3518 2357 3583 commendem:
2413 3519 2482 3583 in

421 3635 549 3695 qun
585 3610 741 3682 mihi
777 3613 1072 3676 voluntas
1107 3635 1238 3678 non
1276 3612 1482 3688 deest,
1527 3614 1641 3679 sed
1688 3613 1867 3678 locus
1904 3635 2043 3678 esse
2089 3612 2343 3677 videtur
2387 3625 2484 3678 te—

421 3731 565 3771 cum
604 3703 1076 3791 expostulandi3
1130 3708 1301 3771 solus
1350 3708 1518 3772 enim
1562 3718 1632 3774 tu
1669 3729 1749 3771 ex
1786 3706 2113 3783 omnibus,
2167 3707 2280 3793 qui
2329 3728 2483 3771 cum

416 3802 654 3867 Bibulo
691 3811 857 3876 sunt,
896 3800 1227 3881 certiorem
1259 3822 1751 3889 menumquam
1786 3800 2019 3877 fecisti,
2054 3822 2251 3885 quam
2288 3800 2483 3880 valde

417 3895 636 3959 Bibuli
681 3896 974 3964 voluntas
1020 3918 1060 3961 a
1100 3919 1204 3960 me
1260 3895 1397 3962 sine
1451 3917 1645 3960 causa
1697 3895 2084 3961 abhorreret.
2172 3895 2481 3980 permulti

417 3991 585 4055 enim
624 3988 706 4053 ad
740 3982 843 4057 me
890 3992 1280 4069 detulerunt,
1330 4013 1475 4055 eum
1519 4011 1791 4075 magnus
1828 3988 2219 4055 Antiochiae
2265 3999 2480 4055 metus
