2675 4559
312 238 444 287 VIII
1089 236 1432 280 ADNOTA'I'IO
1471 235 1721 306 CRITIQA.

300 358 367 410 tis
384 354 723 425 Inprouisum
740 350 817 419 M,
838 351 968 405 satis
978 350 1250 419 provisum
1269 348 1384 404 alii.
1422 365 1563 404 corr.
1587 366 1657 405 ex
1678 351 1939 403 maiorum
1956 349 2031 405 M.
2056 352 2075 422 ῃ
2104 356 2153 404 3.
2172 350 2361 424 officii
2380 367 2563 407 corr.
2660 342 2662 417 ᾗ

302 440 606 503 —possent
635 428 724 483 M:
750 428 957 497 possint
987 426 1045 481 k.
1095 424 1182 482 cf.
1219 443 1306 496 ep.
1335 433 1385 494 2,
1422 444 1490 482 ex
1520 428 1705 499 auficii
1730 426 1807 481 M.
1833 458 1902 467 —
1934 445 1971 482 a
1994 444 2100 482 om.
2126 426 2203 481 M.
2228 460 2305 471 —-
2332 432 2567 501 periu-

303 518 354 563 4.
379 510 398 579 11
427 514 478 563 3.
502 510 602 563 hac
625 522 731 560 om.
756 503 859 557 Ml.
885 534 956 545 ——
981 520 1198 573 possum
1220 512 1278 556 ut
1301 522 1387 557 ex·
1421 506 1586 558 eunde
1610 520 1748 558 corr.
1774 521 1843 577 ex
1866 506 2203 575 periucumde
2224 505 2309 561 Μ.
2337 537 2421 547 -
2451 507 2565 573 ftae-

303 588 454 656 cepta
499 583 578 637 M.
625 614 694 625 -—
739 582 954 635 romani
995 595 1137 635 corr.
1185 596 1254 635 ex
1298 599 1387 634 ro·
1420 583 1555 635 erint
1567 580 1681 634 Ml.
1706 611 1773 622 —
1796 582 2109 637 liberalitate
2128 585 2191 639 de
2208 582 2296 653 (in
2322 599 2562 639 versus
2660 604 2662 613 ⁴

299 680 458 716 mano
481 658 560 713 M.
1421 656 1559 729 fine)
1576 659 1868 713 deuinctum
1885 658 1964 713 M.
1983 691 2047 699 —
2070 662 2381 730 cupiditatis
2410 670 2563 714 tuae

367 726 553 809 Ep.''5.
589 754 642 791 a.
669 732 1096 805 Inscriptionem
1121 750 1229 788 om.
1255 732 1333 787 M.
1362 736 1381 803 ΙΙ
1422 735 1490 790 ab
1512 733 1588 788 M.
1614 766 1681 775 —
1712 753 1769 789 se
1800 736 2152 791 abalienatum
2186 753 2333 792 corr.
2372 736 2449 791 in
2489 755 2561 790 se
2660 762 2662 765 ⁴

303 816 354 886 ἓ.
380 821 428 867 2.
454 816 660 881 exorta]
695 811 877 867 Erasa
912 816 999 868 est
1027 810 1221 867 littera
1242 810 1391 865 inter
1424 823 1471 867 te
1500 813 1857 867 abalienatum
1888 812 1966 869 M.
2001 816 2021 881 11
2055 821 2103 867 4.
2138 817 2243 880 sic]
2266 815 2323 867 si
2344 812 2436 869 Μ.
2472 844 2557 853 -

299 910 338 946 ,τ
372 896 430 947 et
461 910 491 945 o
524 889 584 943 in
615 888 694 943 M.
727 920 798 929 —
829 890 1098 959 impediret
1137 902 1278 943 corr.
1322 904 1391 943 ex
1422 898 1659 943 senatum
1692 892 1931 943 consultu
1952 888 2031 943 M.
2056 922 2127 932 —
2158 891 2563 947 Alexandrini
2661 916 2662 959 3

300 970 604 1037 impedirent
625 965 704 1023 M.
723 996 792 1007 —
814 967 958 1019 modi
977 982 1085 1020 om.
1111 965 1188 1019 M.
1214 996 1285 1006 —
1305 984 1387 1019 re·
1422 966 1534 1022 del.
1558 966 1759 1037 Kleyn‘
1775 965 1854 1036 (p.
1884 972 1947 1021 26
1960 966 2096 1037 sq.):
2120 984 2299 1023 uncos
2326 984 2452 1021 om.
2478 966 2551 1019 k.
2661 1022 2662 1027 χ

297 1046 530 1099 sistimus
551 1042 638 1097 M:
671 1044 968 1098 resistemus
1001 1058 1130 1097 cum
1152 1040 1387 1097 Cratan-
1423 1076 1492 1085 —
1524 1046 1766 1113 adempta
1797 1045 1899 1097 sint
1932 1042 2009 1097 M.
2042 1074 2111 1085 —-
2151 1046 2551 1114 ptolomaidae

303 1122 404 1175 dro
438 1120 495 1173 k.
531 1123 551 1189 l!
585 1126 636 1173 3.
671 1136 837 1175 causa
870 1122 1018 1189 reyia
1039 1114 1162 1174 ⁴del.
1188 1118 1388 1177 Manu·
1423 1132 1515 1175 aut
1548 1120 1684 1175 alico
1720 1118 1797 1174 Μ.
1832 1149 1901 1161 --
1931 1123 2305 1175 alexandriam
2340 1120 2430 1173 M.
2461 1150 2547 1159 -—
2661 1186 2662 1189 Ἴ

301 1198 440 1252 tius:
473 1204 650 1252 uncos
673 1212 782 1251 om.
807 1196 866 1249 k.
891 1226 962 1237 —
985 1196 1135 1266 regia
1153 1212 1295 1251 corr.
1321 1214 1390 1253 ex
1422 1216 1540 1253 cum
1571 1214 1711 1269 pace
1752 1197 1887 1267 (non
1926 1214 2083 1269 quom
2116 1198 2275 1270 paee)
2318 1196 2409 1251 Μ.
2460 1227 2543 1237 -—

301 1276 420 1344 reqi
448 1272 526 1327 M.
555 1302 628 1314 -—-
656 1272 812 1327 Fort.
845 1290 944 1327 nee
981 1274 1041 1335 Q.
1075 1274 1286 1328 Selicio.
1320 1302 1387 1314 -
1416 1278 1707 1345 ptolomeus
1730 1274 1807 1329 M.
1828 1304 1898 1317 -·-
1918 1276 2101 1344 sybille
2116 1274 2192 1328 M.
2214 1276 2235 1345 ss
2264 1280 2315 1329 5.
2344 1275 2543 1329 sentia

301 1354 478 1405 iacere
515 1368 625 1405 rem
665 1380 690 1391 -
715 1380 739 1391 -
781 1350 960 1404 delata
998 1348 1387 1421 Martyni-La·
1422 1352 1523 1406 Ml.
1551 1383 1615 1391 —
1641 1370 1705 1405 ex
1728 1362 1909 1406 euento
1934 1351 2025 1420 M,
2060 1351 2339 1407 sedidem
2365 1350 2539 1405 infra

303 1444 484 1499 guna:
515 1428 690 1482 iacere
720 1444 894 1497 reyem
919 1458 943 1468 ·
967 1458 991 1467 -
1015 1430 1240 1483 delatum
1265 1428 1385 1482 Mk.
1421 1428 1480 1482 in
1514 1429 1713 1484 eadem
1748 1430 1797 1495 ξ.
1834 1434 1972 1485 extr.
2006 1448 2071 1483 ex
2102 1439 2285 1483 euentu
2312 1468 2327 1483 .
2354 1458 2435 1469 —-
2470 1438 2537 1480 ut

315 1506 336 1573 l!
371 1510 421 1557 4.
456 1505 688 1574 positam
719 1518 863 1558 corr.
898 1520 966 1559 ex
987 1506 1276 1575 possitame
1309 1504 1385 1558 M.
1421 1508 1661 1559 uolumus
1690 1515 1747 1558 at
1772 1516 2014 1575 optamus
2036 1504 2113 1559 M.
2136 1534 2208 1550 -—
2229 1507 2282 1559 si
2309 1506 2538 1577 aliquid

302 1611 370 1621 -—
395 1599 459 1635 ex
489 1582 567 1635 llis
595 1580 676 1635 M.
709 1611 778 1622 —-
808 1582 1049 1651 quantibi
1076 1582 1153 1635 M.
1185 1614 1253 1625 —-
1295 1584 1383 1651 Q]
1421 1582 1507 1637 M:
1532 1584 1615 1635 sin
1640 1584 1841 1654 aliquid
1860 1583 1919 1636 k.
1939 1610 2007 1623 —-
2024 1585 2255 1637 diemros
2276 1594 2428 1636 corr.
2454 1598 2532 1637 ex

301 1674 402 1727 que
425 1656 529 1711 Ml.
555 1688 624 1699 —
647 1659 848 1712 maiore·
863 1656 940 1713 M.
1422 1659 1675 1714 dicituro-s
1704 1658 1785 1713 M.
1820 1689 1888 1699 -—
1920 1661 2147 1714 iudicari
2175 1658 2251 1713 M.
2272 1688 2351 1699 ——-
2386 1677 2528 1712 cun-

370 1733 477 1804 Ep.
505 1740 553 1789 5.
579 1734 636 1789 b.
671 1734 1102 1804 Inscriptionem
1123 1741 1186 1793 et
1205 1753 1387 1793 novae
1423 1739 1636 1791 tandum
1659 1736 1735 1791 M.
1772 1738 1791 1805 n
1826 1742 1876 1789 6.
1910 1739 2003 1807 qui
2034 1752 2171 1791 corr.
2197 1752 2267 1791 ex
2288 1738 2413 1807 quis
2439 1734 2524 1789 M.

303 1810 579 1881 epistolae
625 1808 1097 1883 significationem
1144 1830 1251 1869 om.
1299 1814 1388 1885 M3
1422 1844 1491 1855 -
1507 1813 1832 1883 prouimtiam
1864 1828 2006 1866 corr.
2030 1830 2100 1868 ex
2126 1816 2409 1883 prom‘ntia
2434 1814 2521 1869 M.

302 1888 515 1959 primus
557 1887 778 1942 addidit
817 1888 1169 1945 Lallemand.
1201 1893 1221 1959 η
1259 1892 1308 1961 ἓ.
1338 1898 1386 1945 1.
1421 1920 1489 1931 —-
1510 1890 1781 1959 imperium
1804 1898 1947 1941 tuum
1968 1886 2283 1945 Victorius:
2305 1894 2525 1961 imperit

303 1975 533 2034 ayuntur
577 1982 812 2035 quaeque
857 1976 979 2019 acta
1024 1976 1148 2020 sunt
1191 1967 1266 2021 Η.
1311 1968 1385 2022 A.
1422 1967 1500 2021 tui
1518 1966 1595 2019 M.
1622 1996 1689 2027 ,--
1713 1966 1972 2035 pecunias
2006 1964 2351 2023 Cratander:
2378 1986 2519 2039 pro-

303 2042 497 2113 Kleyn
530 2040 876 2111 (Observatt.
909 2040 1054 2095 critt.
1079 2042 1139 2095 in
1161 2042 1385 2099 Cicero·
1420 2044 1625 2096 uincias
1654 2040 1733 2095 M.
1760 2072 1831 2083 —
1853 2046 2211 2111 praestetisset
2230 2043 2308 2099 M.
2338 2076 2407 2087 —
2432 2044 2516 2113 fe-

301 2118 390 2173 nis
425 2116 692 2187 epistolas
727 2115 800 2170 ad
829 2116 1006 2171 famil.
1041 2118 1228 2191 Lugd.
1252 2120 1382 2177 Bat.
1421 2129 1507 2173 rat
1531 2134 1672 2173 corr.
1699 2134 1766 2173 ex
1788 2118 1966 2185 filerat
1988 2118 2064 2173 M.
2086 2148 2155 2161 -—
2172 2123 2310 2177 seire
2334 2129 2517 2193 optere

307 2197 486 2265 1860.)
511 2198 742 2263 p.26.-
762 2211 812 2247 a.
839 2194 888 2247 d.
912 2192 1092 2262 VIIL]
1121 2205 1179 2249 at
1203 2207 1384 2251 octavo
1419 2194 1506 2265 M,
1540 2196 1677 2249 scire
1710 2204 1893 2264 optare
1922 2196 2017 2250 Fr.
2052 2196 2361 2253 Hofmann.
2398 2202 2419 2267 11
2456 2205 2505 2252 7.

303 2274 381 2327 Μ.
411 2304 473 2313 --
501 2276 646 2337 cum]
679 2286 833 2339 quom
865 2268 950 2337 M,
987 2272 1089 2327 sed
1113 2292 1144 2325 o
1168 2290 1236 2328 ex
1265 2288 1385 2328 cor·
1419 2273 1547 2325 scito
1594 2274 1655 2325 de
1698 2272 1781 2343 (in
1817 2288 2013 2327 versus
2052 2272 2191 2345 fine)
2240 2278 2515 2330 dener-tere

301 2348 572 2405 rectione.
597 2379 665 2389 —
687 2350 856 2402 iactus
880 2357 956 2401 est
978 2346 1055 2401 M.
1077 2348 1102 2419 1}
1129 2355 1177 2402 2.
1203 2366 1384 2419 spera·
1419 2349 1517 2403 illa
1548 2346 1625 2401 M.
1651 2379 1719 2389 —
1750 2351 1919 2403 sentia
1950 2349 2051 2403 Ml.
2087 2380 2156 2391 -
2190 2352 2336 2406 obliti
2364 2368 2506 2408 corr.

301 2444 422 2481 mur
445 2424 522 2479 M.
547 2456 617 2465 —-
639 2426 904 2479 mollimus·
928 2422 1132 2496 (altera
1155 2426 1178 2479 l
1199 2426 1384 2498 erasa)
1420 2442 1487 2481 ex
1528 2426 1698 2480 oblitis
1738 2424 1813 2479 M.
1848 2458 1917 2465 —
1955 2428 2347 2497 consularibus]
2390 2428 2511 2485 Po—

299 2503 378 2557 M.
406 2534 474 2543 —-
507 2520 544 2556 a
569 2542 582 2555 .
611 2542 624 2555 .
650 2502 892 2571 pompeio
915 2500 993 2555 M.
1017 2532 1087 2541 --
1119 2504 1385 2557 restinctus
1420 2506 1627 2557 sti-ema
1666 2500 1891 2573 syliaba
1924 2518 1991 2557 ex
2032 2502 2376 2561 correctione
2419 2512 2508 2561 est

301 2596 442 2635 corr.
492 2596 561 2633 ex
606 2579 895 2632 restitutum
941 2578 1017 2631 M.
1053 2606 1122 2619 -—
1161 2583 1385 2648 paulum
1418 2578 1477 2633 in
1500 2578 1576 2633 M.
1612 2580 1631 2649 fl
1670 2586 1718 2635 8.
1754 2582 1879 2650 quia
1912 2579 2229 2636 Scholiasta
2258 2580 2503 2638 Bobien-

301 2674 442 2713 corr.
467 2656 527 2709 in
541 2658 787 2725 paullum
809 2652 887 2708 M.
909 2688 973 2698 -
997 2656 1217 2710 hominis
1241 2673 1381 2711 corr.
1418 2656 1495 2709 sis
1528 2654 1609 2727 (p.
1644 2660 1762 2710 288.
1800 2657 1889 2711 ed.
1920 2655 2150 2725 Oreil.):
2192 2658 2287 2729 qai
2322 2656 2397 2711 M.
2432 2688 2504 2699 -

301 2752 371 2789 ex
391 2734 620 2787 homines
637 2731 714 2801 M,
738 2732 876 2787 item
898 2730 1062 2786 infra.
1088 2764 1156 2775 —
1181 2735 1256 2787 ad
1275 2750 1551 2838 om.·quae
1582 2730 1697 2785 M2:
1736 2736 1830 2805 qui
1858 2732 1961 2787 Ml.
1992 2766 2064 2775 —
2093 2737 2187 2789 sed
2224 2738 2332 2789 iam
2364 2735 2502 2808 (uon

299 2810 403 2863 Ml.
429 2842 495 2851 -
521 2810 992 2878 praetermittemus
1013 2808 1304 2864 Ernestius
1328 2816 1386 2867 et
1416 2811 1509 2861 sed
1530 2810 1707 2880 etiam)
1738 2806 1913 2865 habet
1936 2809 2107 2865 etiam
2130 2810 2207 2866 M.
2234 2842 2301 2852 -
2323 2810 2505 2879 famsti

299 2886 492 2955 Kleyn
531 2902 588 2954 p.
623 2890 708 2937 54.
757 2914 816 2925 --
854 2887 1155 2954 praeposite
1194 2884 1272 2940 M.
1317 2916 1383 2929 --

299 2962 582 3015 hot-tesiam
601 2958 702 3013 Ml.

1420 2883 1605 2940 Schol.
1640 2884 1810 2941 Bob.:
1844 2888 2133 2956 praefuisti
2162 2888 2430 2957 (praeficis
2463 2906 2499 2945 a

1417 2962 1725 3017 recentiore
1750 2964 1942 3037 manu)
1966 2962 2045 3018 M.
2079 2964 2303 3035 praefiai
2330 2971 2415 3020 est
2436 2966 2495 3021 in

367 3038 536 3107 Ep.6.
560 3036 989 3107 Inseripfionem
1004 3053 1111 3091 om.
1121 3036 1198 3091 M.
1221 3039 1244 3109 ss
1271 3041 1318 3107 §-
1335 3044 1381 3094 1.
1416 3055 1607 3093 versus
1660 3037 1774 3094 fine
1820 3039 1880 3093 in
1922 3057 2120 3096 rasura
2174 3042 2495 3111 pauciorum

299 3115 588 3183 infriqatur
609 3112 713 3168 Ml.
747 3116 766 3183 fl
801 3119 850 3167 2.
883 3116 1117 3169 uiolatur-
1149 3132 1288 3170 corr.
1315 3134 1384 3171 ex
1416 3114 1758 3184 litterarum:
1798 3118 2038 3185 primam
2078 3134 2303 3171 manum
2345 3120 2491 3174 exhi-

299 3194 570 3245 azolantur
591 3189 672 3243 M.
697 3222 764 3231 —-
787 3197 930 3257 mea]
963 3210 1080 3247 mea
1110 3194 1258 3247 salus
1279 3193 1381 3247 Al-
1415 3191 1604 3247 baisse
1652 3192 1805 3260 fuisti
1844 3192 2215 3263 probabiliter
2262 3196 2493 3252 coniecit

301 3269 422 3339 due,
450 3267 838 3339 supplemento
859 3268 1039 3337 petito
1063 3286 1132 3322 ex
1155 3285 1226 3338 ep
1251 3276 1301 3325 5.
1328 3226 1401 3351 a!
1418 3268 1773 3339 Wesenberg
1795 3286 1853 3339 p.
1879 3270 1929 3321 4.
1956 3288 2011 3323 n.
2048 3268 2375 3327 Lectionem
2403 3274 2487 3341 fa-

301 3349 350 3413 ς.
375 3353 422 3399 1.
448 3375 517 3386 -
535 3344 744 3415 afflicta
765 3353 856 3412 est,
882 3354 1054 3398 tamen
1071 3342 1380 3401 Victorius:
1396 3347 1534 3399 ’visti
1571 3345 2021 3399 commemoravit
2059 3346 2173 3401 iam
2212 3346 2488 3405 Victorius

299 3422 518 3491 adflicta
551 3422 772 3475 sitamen
797 3436 936 3475 corr.
962 3421 1023 3474 in
1055 3421 1272 3491 adflicta
1297 3426 1378 3492 sit,
1394 3390 1401 3478 f
1413 3422 1473 3475 in
1489 3420 1986 3493 casfigafionibus.
2004 3453 2075 3462 —
2091 3424 2341 3495 simulque
2356 3426 2491 3497 (syl-

299 3508 472 3551 tamen
495 3497 572 3549 M.
599 3526 667 3537 —
690 3515 746 3551 es
769 3512 908 3554 corr.
935 3509 1002 3550 ex
1025 3506 1100 3550 est
1122 3494 1200 3551 M.
1394 3482 1549 3589 'laba
1570 3516 1670 3567 que
1694 3497 1877 3567 erasa)
1908 3496 1986 3550 M.
2010 3530 2080 3541 -
2112 3510 2310 3555 tamene
2338 3505 2486 3559 nimis

365 3573 472 3642 Ep.
487 3580 536 3625 7.
559 3571 1102 3641 Inscriptionemom.
1113 3572 1190 3625 M.
1218 3576 1238 3642 H
1265 3572 1514 3641 §.1.=M1.
1539 3602 1610 3613 —-—
1640 3574 1925 3641 paeniteret
1955 3573 2056 3628 Ml.
2088 3607 2158 3617 -
2188 3596 2343 3649 quam
2374 3578 2481 3634 M2:

295 3650 366 3718 is]
400 3649 478 3703 his
501 3647 577 3701 M.
615 3648 638 3719 ΙΙ
670 3652 719 3701 2.
753 3648 892 3701 dictu
924 3663 1062 3701 corr.
1089 3666 1158 3703 ex
1187 3652 1379 3705 dictum
1393 3624 1399 3676 ξ
1413 3666 1561 3720 quem
1584 3644 1684 3703 Ml.
1711 3650 1731 3718 ΙΙ
1768 3654 1813 3703 9.
1840 3657 1887 3704 le
1908 3668 2028 3705 vero
2052 3670 2233 3707 moneo
2259 3654 2481 3712 Cratan-

295 3724 376 3779 M.
409 3754 478 3767 -—
509 3724 604 3795 qui
619 3765 632 3778 .
655 3766 668 3779 .
691 3734 740 3779 te
772 3724 849 3778 M.
892 3755 960 3765 -—
991 3735 1268 3795 potuerunt
1297 3708 1539 3795 iu-fder,
1578 3736 1625 3780 te
1647 3744 1769 3779 vero
1792 3745 1885 3797 eqo
1908 3743 2090 3783 moneo
2112 3730 2189 3785 H.
2214 3732 2285 3785 A.
2308 3731 2477 3790 Koch.

293 3820 422 3858 vare
443 3801 683 3871 Kayser.
708 3833 778 3843 —-
799 3818 1050 3856 memores
1082 3800 1169 3855 M:
1200 3804 1376 3857 imme·
1391 3776 1480 3877 ¹¹——
1514 3804 1853 3876 benefieentits
1884 3804 1961 3859 M.
1998 3836 2066 3848 --
2102 3826 2220 3861 cum
2261 3811 2477 3881 aliquam

294 3896 466 3933 mores
487 3876 545 3931 k.
570 3908 642 3920 --
664 3880 870 3933 uirtutis
894 3895 1033 3934 corr.
1060 3894 1126 3933 ex
1157 3881 1393 3953 uirtutes¹
1410 3889 1517 3933 tum
1558 3900 1621 3935 ex
1658 3884 1933 3951 provintia
1972 3880 2047 3936 M.
2091 3914 2160 3925 —
2198 3889 2477 3959 sentiasque

292 3954 371 4009 M.
408 3986 470 3995 -
507 3954 696 4027 officii]
733 3954 1000 4011 Ulfimam
1029 3956 1273 4011 litteram
1305 3954 1393 4020 ex}
1408 3972 1548 4011 corr.
1592 3974 1661 4013 ex
1699 3960 2079 4029 sententiasque
2118 3960 2194 4013 M.
2232 3991 2300 4002 ——
2328 3968 2476 4021 mouit

292 4032 636 4088 correctione
679 4030 860 4088 habet
901 4030 980 4087 M.
1013 4064 1080 4076 --
1121 4034 1372 4088 maiorem
1388 4023 1545 4089 'corn
1581 4051 1647 4089 ex
1679 4044 1849 4091 mouet
1880 4033 1943 4089 M
1992 4065 2061 4078 -—
2100 4040 2305 4111 reliqua
2340 4057 2469 4097 corr.
