2675 4559
504 280 645 348 404
1124 289 1202 343 M.
1238 285 1515 345 TULLII
1551 283 1954 344 CICERONIS

510 417 725 487 miano
762 438 818 483 a.
856 413 919 480 d.
954 437 1042 480 m.
1078 410 1169 478 K.
1208 433 1350 478 esse
1384 411 1562 478 volox
1595 408 1688 476 ibi
1723 421 1786 478 te
1819 421 1894 476 ut
1926 407 2178 474 firmum
2212 407 2504 489 offendam,

452 541 477 580 ε
510 517 601 585 mi
635 513 790 578 Tiro
804 557 823 589 ,
878 509 1083 578 effice.
1170 506 1488 573 litterulae
1541 527 1722 572 meae
1776 505 1912 572 sive
1954 515 2205 571 nostrae
2255 506 2342 570 tui
2380 505 2509 571 desi·

512 607 689 676 derio
725 606 1229 690 oblanguerunt3
1284 601 1407 667 hac
1455 609 1669 666 tamen
1705 601 1998 687 epistola,
2051 618 2248 683 quam
2279 599 2509 665 Acastus

512 703 745 778 attulit,
780 701 1001 766 oculos
1036 697 1300 786 panim
1336 696 1748 762 sustulerunt.
1837 694 2186 780 Pompeius
2220 705 2346 759 erat
2377 693 2510 779 apud

512 819 646 874 me,
691 814 839 862 oum
872 795 1033 861 haec
1068 790 1457 868 scribebam,
1493 789 1694 855 hilare
1727 799 1793 855 et
1826 789 2147 855 lubenter:
2195 788 2253 855 ei
2285 787 2512 874 cupienti

514 891 738 958 audire
789 899 1009 955 nostra
1061 887 1194 952 dixi
1247 885 1386 952 sine
1445 895 1510 950 te
1563 883 1778 950 omnia
1829 905 1975 950 mea
2024 893 2204 948 muta
2253 900 2395 948 esse.
2463 895 2514 945 tu
2603 941 2605 966 ,

514 986 727 1052 Musis
778 983 1012 1050 nostris
1060 999 1220 1068 para
1271 992 1347 1046 at
1395 997 1622 1066 operas
1673 979 1934 1057 reddas;
1996 989 2217 1044 nostra
2265 978 2342 1042 ad
2387 975 2514 1041 diem
2603 971 2605 1060 ξ

518 1080 755 1146 dictam
790 1079 971 1155 fient3
1027 1076 1216 1141 docui
1254 1075 1428 1140 enim
1461 1085 1554 1151 te,
1606 1073 1767 1140 fides
1805 1071 2042 1156 ἔτυμον
2077 1073 2250 1157 quod
2289 1073 2518 1137 haberet.
2603 1099 2605 1156 ς

518 1174 625 1240 fac
658 1173 849 1260 plane
882 1183 958 1236 ut
988 1170 1225 1236 valeas.
1280 1189 1398 1234 nos
1437 1168 1760 1234 adsumus.
1815 1167 1978 1233 vale.
2033 1187 2187 1232 mn.
2223 1167 2307 1232 Κ.
2603 1165 2605 1204 ³

1497 1413 1604 1468 XI.

846 1517 963 1574 Scr.
987 1517 1063 1574 ad
1080 1517 1276 1572 urbem
1292 1515 1438 1590 prid.
1458 1515 1593 1572 Idus
1609 1475 1902 1572 Ianuarias
1924 1531 1974 1570 a.
1996 1531 2053 1569 u.
2075 1533 2126 1570 c.
2145 1516 2262 1570 705.

520 1619 864 1682 TULLIUS
886 1619 989 1676 ΕΤ
1015 1617 1309 1688 CICERO,
1337 1617 1756 1685 TERENTIA„
1781 1617 2104 1688 TULLIA,
2129 1617 2198 1684 Q.
2219 1617 2284 1683 Q.
2309 1614 2521 1674 TIRONI

1147 1700 1311 1762 SAL.
1348 1703 1771 1762 PLURIMAM
1801 1703 1954 1760 Dm.

463 1857 486 1895 1
649 1831 797 1899 Etsi
828 1829 1374 1918 opportunitatem
1417 1848 1648 1914 operae
1683 1837 1836 1893 tuae
1869 1829 2174 1895 omnibus
2215 1829 2362 1894 locis
2401 1825 2528 1891 desi·

522 1927 705 2005 dero,
751 1938 967 1993 tamen
1001 1947 1132 1990 non
1166 1936 1300 1990 tam
1332 1945 1478 1990 mea
1516 1945 1711 2008 quam
1747 1932 1859 1988 tua
1893 1942 2097 1991 causa
2134 1925 2314 1991 doleo
2351 1935 2406 1990 te
2432 1943 2526 1986 non
2605 1879 2607 1990 l

522 2023 763 2100 valere3
802 2020 917 2086 sed
950 2019 1255 2105 quoniam
1286 2017 1353 2082 in
1384 2027 1763 2102 quartanam
1790 2037 2103 2084 conversa
2133 2019 2228 2085 vis
2255 2029 2342 2086 est
2367 2014 2524 2082 morbi

518 2149 609 2164 --
642 2114 735 2180 sic
777 2113 947 2180 enim
992 2112 1210 2178 scribit
1254 2109 1494 2177 Curius
1529 2143 1645 2187 ---,
1683 2130 1868 2197 spero
1909 2121 1976 2177 te
2025 2113 2347 2200 diligentia
2391 2107 2526 2177 adhi-
2605 2103 2607 2124 ²

520 2209 657 2273 bita
688 2208 819 2272 iam
853 2206 1197 2272 firmiorem
1230 2205 1389 2270 fore.
1462 2205 1652 2270 modo
1689 2205 1813 2283 fac,
1849 2203 1918 2270 id
1953 2209 2134 2292 quod
2170 2219 2262 2275 est
2294 2203 2528 2272 humani-

522 2301 669 2368 tatis
704 2312 873 2375 tuae,
910 2322 991 2365 ne
1028 2300 1185 2384 quid
1221 2299 1397 2364 aliud
1421 2321 1607 2366 cures
1645 2300 1765 2366 hoc
1791 2311 2104 2388 tempore,
2139 2303 2260 2368 nisi
2293 2313 2528 2385 utquam

520 2393 1027 2460 commodissime
1062 2391 1493 2458 convalescas.
1557 2415 1688 2460 non
1719 2394 1969 2481 ignoro,
2009 2410 2319 2481 quantum
2351 2417 2419 2462 ex
2448 2394 2530 2456 de-

520 2489 753 2555 siderio
787 2489 1065 2566 labores3
1104 2487 1218 2554 sed
1253 2498 1442 2552 erunt
1476 2488 1692 2553 omnia
1725 2488 1959 2566 facilia,
1997 2491 2055 2554 si
2093 2491 2347 2558 valebis.
2393 2485 2532 2553 festi·

519 2606 674 2652 nare
718 2593 782 2650 te
826 2583 977 2648 nolo
988 2629 1006 2660 ,
1059 2603 1141 2648 ne
1184 2581 1468 2650 nauseae
1509 2583 1866 2648 molestiam
1912 2586 2224 2671 suscipias
2279 2605 2446 2671 aeger
2486 2591 2529 2644 et

461 2700 487 2740 2
521 2679 877 2766 periculose
912 2678 1121 2744 hieme
1155 2679 1444 2766 naviges.
1497 2700 1621 2765 ego
1657 2679 1740 2745 ad
1775 2680 2003 2746 urbem
2031 2682 2272 2748 accessi
2298 2699 2383 2768 pr.
2400 2677 2454 2743 N
2455 2700 2530 2742 on.

519 2776 659 2840 Ian.
750 2773 1009 2839 obviam
1052 2774 1209 2840 mihi
1245 2774 1336 2840 sic
1374 2785 1470 2840 est
1503 2773 1859 2860 proditum,
1904 2785 1976 2839 ut
2019 2777 2181 2842 nihil
2214 2775 2401 2862 possit
2429 2769 2530 2836 fieri
2607 2839 2609 2852 ἶ

520 2867 834 2944 ornatius;
891 2867 1005 2934 sed
1048 2868 1243 2934 incidi
1275 2869 1346 2933 in
1387 2868 1596 2955 ipsam
1630 2869 1956 2933 flammam
1991 2870 2198 2935 civilis
2235 2863 2531 2934 discordiae
2607 2865 2609 2882 ³

517 2961 622 3025 vel
657 2961 873 3047 potius
908 2961 1079 3037 belli,
1116 2963 1222 3029 cui
1256 2983 1406 3028 cum
1443 2985 1744 3052 cuperem
1779 2962 2021 3029 mederi
2057 2976 2152 3043 et,
2189 2975 2260 3029 ut
2293 2961 2528 3029 arbitror,

518 3076 802 3142 possem,
848 3057 1231 3143 cupiditates
1266 3067 1585 3124 certorum
1620 3057 1950 3124 hominum
1986 3093 2076 3106 -—
2108 3082 2260 3124 nam
2294 3079 2370 3123 ex
2399 3066 2527 3119 utra-

520 3171 648 3236 que
682 3163 864 3237 parte
900 3162 1051 3216 sunt
1084 3151 1195 3237 qui
1228 3173 1521 3238 pugnare
1558 3151 1821 3238 cupiant
1844 3187 1933 3198 —
1959 3152 2383 3240 inpedimento
2414 3142 2528 3212 mihi

519 3245 799 3312 fuerunt.
882 3247 1141 3311 omnino
1178 3259 1243 3312 et
1274 3247 1416 3333 ipse
1455 3244 1724 3324 Caesar,
1763 3248 2005 3314 amicus
2038 3260 2284 3325 noster,
2318 3239 2530 3310 minacis

520 3338 604 3404 ad
639 3350 932 3405 senatum
968 3351 1031 3406 et
1067 3340 1333 3406 acerbas
1366 3341 1613 3408 litteras
1647 3341 1926 3417 miserat,
1964 3352 2029 3407 et
2064 3353 2202 3408 erat
2237 3339 2429 3406 adhuc
2456 3334 2528 3397 in·

516 3432 793 3520 pudens,
840 3433 952 3517 qui
987 3433 1337 3499 exercitum
1367 3445 1439 3502 et
1480 3435 1876 3521 provinciam
1910 3435 2109 3500 invito
2146 3445 2364 3502 senatu
2396 3441 2534 3494 tene-

516 3537 641 3605 ret,
696 3537 760 3592 et
806 3522 1007 3592 Curio
1062 3549 1243 3592 meus
1295 3529 1480 3595 illum
1530 3528 1855 3595 incitabat.
1944 3529 2269 3595 Antonius
2319 3522 2532 3611 quidem

514 3633 733 3687 noster
766 3632 831 3688 et
866 3619 951 3703 Q.
984 3615 1273 3701 Cassius,
1308 3625 1488 3690 nulla
1521 3623 1586 3690 vi
1624 3624 1896 3711 expulsi,
1935 3623 2017 3689 ad
2049 3621 2384 3689 Caesarem
2417 3635 2530 3681 oum

518 3711 805 3781 Curione
838 3715 1111 3802 profecti
1148 3729 1360 3796 erant,
1407 3729 1630 3806 postea
1666 3740 1862 3803 quam
1899 3729 2154 3785 senatus
2192 3709 2528 3782 consulibus,

516 3808 947 3894 praetoribus,
1002 3811 1273 3876 tribunis
1316 3813 1405 3898 pl.
1454 3823 1516 3878 et
1550 3813 1768 3890 nobis,
1823 3814 1933 3897 qui
1976 3833 2092 3898 pro
2137 3833 2294 3882 coss.
2331 3821 2530 3872 sumus,

515 3899 848 3984 negotium
884 3903 1166 3984 dederat,
1202 3917 1275 3972 ut
1310 3925 1702 3985 curaremus,
1739 3929 1821 3974 ne
1850 3907 2007 3993 quid
2039 3927 2136 3974 res
2173 3902 2416 3991 publica
2445 3895 2530 3959 de‘

459 4006 483 4044 ⁸
518 3991 799 4095 tri-menti
847 4010 1123 4082 caperet.
1211 4020 1568 4086 numquam
1611 4003 1853 4070 maiore
1897 4004 1966 4068 in
2018 3995 2293 4089 periculo
2343 3991 2528 4061 civita⁸

517 4077 669 4156 fult3
698 4107 1050 4171 numquam
1068 4092 1323 4179 inprobi
1343 4097 1513 4163 cives
1543 4095 1904 4164 habuerunt
1930 4095 2301 4184 paratiorem
2319 4088 2532 4154 ducem·
