2675 4559
509 241 1065 320 EPISTOLARUM
1099 262 1210 319 AD
1249 262 1318 329 Q.
1356 264 1733 320 FRATREM
1766 266 1873 321 111.
1910 267 1961 320 1.
2132 254 2263 321 463

190 389 420 454 Idibus
469 384 682 473 Sept„
737 405 934 470 quam
981 409 1038 450 a.
1088 386 1150 449 d.
1195 410 1308 451 1111.
1356 386 1515 451 Idus
1564 386 1746 455 Sext.
1801 412 1882 455 ex
1926 389 2263 455 Britannia

191 482 483 548 dederas.
571 481 640 546 in
684 503 762 546 ea
803 479 960 545 nihil
1006 502 1160 546 sane
1205 492 1343 547 erat
1386 482 1539 547 novi
1580 495 1839 567 praeter
1882 478 2258 570 Erigonam,-

189 600 392 662 quam
429 576 484 641 si
519 575 602 641 ab
629 572 848 662 Oppio'
875 598 1203 661 acceperO,
1241 576 1519 643 scribam
1556 577 1639 643 ad
1676 589 1739 645 te
1772 578 1933 663 quid
1970 579 2259 655 sentiam,

189 692 314 738 nec
359 670 584 736 dubito
629 669 784 757 quin
829 670 986 736 mihi
1028 670 1343 757 placitura
1390 671 1490 738 sit.
1581 682 1678 749 et,
1723 672 1899 756 quod
1942 673 2261 759 praeterii,

189 766 276 831 de
321 786 430 843 οο,
482 786 676 849 quem
721 764 1030 849 scripsisti
1075 764 1156 829 de
1202 764 1469 831 Milonis
1523 766 1757 849 plausu
1802 766 2131 852 scripsisse
2178 766 2293 847 ad·

191 857 562 936 Caesarem,
599 880 726 944 ego
740 880 894 923 vero
912 857 1103 925 facile
1141 859 1350 945 patior
1384 860 1479 925 ita
1497 857 1845 926 Caesarem
1869 860 2256 937 existimare,

187 953 375 1019 illum
400 968 596 1037 quam
625 952 976 1019 maximum
1003 952 1212 1029 ,fuisse
1239 955 1539 1039 plausum
1549 977 1569 1033 ς’
1606 966 1671 1020 et
1705 976 1969 1041 prorsus
1992 954 2085 1021 ita
2118 951 2286 1030 fuit,

186 1058 259 1113 et
293 1059 510 1113 tamen
543 1046 652 1111 ille
685 1047 973 1132 plausus,
1010 1047 1124 1130 qui
1158 1048 1250 1112 illi
1285 1048 1493 1127 datur,
1531 1049 1816 1133 quodam
1849 1048 2041 1113 modo
2076 1047 2263 1113 nobis

191 1142 448 1209 videtur
494 1140 652 1206 dari.
739 1140 990 1206 reddita
1033 1141 1226 1205 etiam
1278 1142 1437 1206 mihi
1483 1154 1581 1208 est
1624 1153 1926 1231 pervetus
1970 1140 2259 1227 epistola,
2290 1162 2341 1201 14

187 1236 310 1303 sed
355 1258 496 1302 sero
541 1235 808 1312 adlata,
839 1234 908 1299 in
953 1256 1084 1321 qua
1127 1236 1211 1302 de
1241 1237 1416 1327 'aede
1452 1236 1731 1303 Telluris
1777 1247 1843 1303 et
1888 1237 1967 1303 de
2012 1236 2265 1323 porticu

193 1329 418 1397 Catuli
451 1351 557 1397 me
593 1330 919 1395 admones.
973 1330 1047 1395 fit
1082 1342 1427 1417 utrumque
1464 1328 1821 1419 diligenter.
1877 1331 1961 1398 ad
1986 1330 2263 1400 Telluris

189 1425 460 1511 quidem
495 1424 694 1491 etiam
731 1434 910 1490 tuam
945 1435 1228 1490 statuam
1271 1425 1500 1491 locavi.
1581 1427 1739 1493 item
1782 1426 1863 1493 de
1914 1422 2115 1491 hortis
2158 1448 2263 1491 me

189 1518 371 1603 quod
412 1518 750 1595 admones,
803 1540 924 1585 nec
959 1518 1057 1583 fui
1101 1541 1411 1605 umquam
1454 1517 1642 1585 valde
1680 1520 1953 1607 cupidus
1990 1530 2057 1587 et
2090 1539 2262 1585 nunc
2367 1515 2374 1523 ’

187 1612 424 1677 domus
457 1612 824 1698 suppeditat
865 1612 1024 1677 mihi
1058 1613 1389 1679 hortorum
1424 1614 1894 1681 amoenitatem.
1985 1614 2262 1679 Romam

187 1724 344 1772 cum
377 1706 692 1773 venissem
729 1730 786 1772 a.
825 1707 888 1771 d.
913 1730 1044 1772 xm.
1075 1708 1230 1773 Kal.
1251 1706 1577 1787 Octobris,
1615 1708 1981 1775 absolutum
2017 1704 2261 1773 offendi

185 1800 259 1865 in
305 1799 570 1865 aedibus
616 1801 744 1865 tuis
788 1812 1062 1879 tectum3
1119 1802 1293 1886 quod
1337 1824 1537 1888 supra
1580 1800 1909 1868 conclavia
1943 1822 2074 1867 non
2118 1800 2260 1887 pla-

187 1906 414 1959 cuerat
456 1894 576 1960 tibi
621 1916 761 1960 esse
805 1896 1154 1961 multorum
1199 1895 1637 1983 fastigiorum,
1682 1896 1751 1961 id
1785 1917 1958 1961 nunc
1992 1896 2259 1961 honeste
2358 1944 2363 1946 -

186 1988 402 2073 vergit
435 1988 504 2053 in
537 2000 778 2055 tectum
812 1989 1132 2055 inferioris
1165 1991 1470 2076 porticus.
1562 1988 1795 2057 Cicero
1830 2001 2067 2067 noster,
2104 1989 2260 2054 dum
2402 1990 2411 1997 ’

186 2104 316 2169 ego
352 2083 599 2161 absum,
635 2105 765 2149 non
799 2084 1075 2149 cessavit
1109 2086 1282 2171 apud
1325 2085 1667 2151 rhetorem.-
1757 2084 1839 2151 de
1873 2084 2012 2151 eius
2048 2083 2259 2150 erudi-
2342 2127 2344 2129 -

185 2178 364 2243 tione
401 2179 574 2263 quod
607 2178 860 2257 iabores
895 2179 1055 2243 nihil
1091 2190 1188 2245 est
1205 2225 1224 2257 ,
1263 2179 1567 2264 quoniam
1602 2181 1937 2267 ingenium
1970 2180 2109 2247 eius
2144 2200 2260 2245 no-

185 2271 306 2349 sti,
348 2272 632 2340 studium
677 2294 803 2359 ego
839 2273 1048 2339 video.
1137 2284 1352 2339 cetera
1386 2273 1525 2340 eius
1560 2277 1647 2341 sic
1682 2274 1993 2361 suscipiO,
2038 2285 2113 2341 ut
2156 2296 2259 2339 me
2476 2346 2485 2353 Ι

193 2377 412 2453 putem
446 2378 769 2454 praestare
808 2367 1064 2435 debere.

323 2458 678 2527 Gabinium
712 2473 840 2529 tres
876 2462 1091 2529 adhuc
1126 2462 1439 2530 factiones
1474 2464 1833 2573 postulant·
1882 2462 1967 2528 L.
2004 2462 2256 2530 Lentu·
2290 2462 2327 2516 5

187 2558 290 2622 lus
301 2603 322 2634 ,
374 2555 648 2619 flaminis
681 2556 883 2632 filius,
931 2558 1045 2641 qui
1079 2558 1211 2623 iam
1247 2558 1328 2625 de
1364 2558 1698 2624 maiestate
1732 2558 2113 2643 postulavit3
2151 2536 2307 2621 Ti.1

188 2652 365 2717 Nero
411 2671 560 2714 cum
601 2650 788 2715 bonis
831 2652 1397 2737 subscriptoribus3
1448 2651 1527 2718 O.
1564 2652 1916 2720 Memmius
1962 2651 2255 2716 tribunus

187 2743 282 2834 pl.
328 2768 479 2812 cum
511 2744 594 2809 L.
634 2741 971 2830 Capitone.
1063 2747 1146 2811 ad
1191 2748 1422 2812 urbem
1456 2746 1727 2812 accessit
1762 2769 1820 2811 a.
1858 2746 1921 2810 d.
1958 2768 2064 2809 xn.
2101 2746 2256 2810 Kal.

191 2840 461 2907 Octobr.
487 2838 674 2904 -nihil
709 2839 957 2925 turpius
993 2862 1113 2907 nec
1140 2840 1472 2906 desertius.
1526 2840 1641 2905 sed
1677 2840 1777 2905 his
1812 2838 2063 2905 iudiciis
2098 2838 2258 2907 nihil

190 2935 400 3001 audeo
437 2934 772 3001 confidere.
861 2934 1034 3018 quod
1073 2932 1240 3001 Cato
1276 2957 1409 3000 non
1444 2934 1731 3013 valebat,
1782 2934 2005 3001 adhuc
2030 2935 2111 3001 de
2146 2956 2259 3021 pe-

189 3029 397 3095 cuniis
441 3028 812 3115 repetundis
856 3050 988 3093 non
1026 3040 1172 3095 erat
1221 3030 1601 3115 postulatus.
1688 3029 2043 3115 Pompeius
2080 3052 2120 3095 a
2154 3052 2259 3095 me

191 3124 381 3190 valde
432 3123 760 3189 contendit
811 3123 893 3188 de
935 3123 1145 3189 reditu
1191 3124 1258 3189 in
1309 3124 1615 3211 gratiam,
1668 3124 1783 3190 sed
1836 3124 2049 3190 adhuc
2099 3124 2259 3189 nihil

190 3217 467 3305 profecit
499 3240 650 3295 nec,
687 3216 742 3282 si
776 3217 975 3281 ullam
1015 3234 1266 3303 partem
1299 3218 1613 3319 libertatis
1648 3218 1880 3285 tenebo
1892 3263 1911 3296 ,
1946 3218 2257 3309 proficiet.

191 3324 337 3379 tuas
382 3312 622 3379 litteras
666 3312 1078 3378 vehementer
1121 3324 1443 3399 exspecto.
1506 3310 1721 3400 quod
1763 3312 1991 3379 scribis
2034 3324 2097 3379 te
2142 3334 2257 3377 au·
2286 3332 2336 3371 16

193 3408 366 3474 disse
414 3408 486 3473 in
537 3408 1020 3475 candidatorum
1077 3409 1511 3475 consularium
1566 3410 1839 3477 coitione
1904 3432 2009 3476 me
2060 3409 2256 3474 inter-

191 3504 422 3580 fuisse,
473 3503 543 3568 id
596 3503 831 3567 falsum
875 3514 969 3569 est
981 3528 999 3582 3
1055 3504 1194 3571 eius
1239 3504 1415 3571 modi
1461 3507 1633 3571 0111111
1683 3505 2012 3591 pactiones
2059 3504 2129 3569 in
2182 3526 2261 3570 ea

193 3598 467 3663 coitione
502 3598 711 3663 factae
745 3609 894 3663 sunt
905 3645 924 3676 ,
973 3620 1136 3683 quas
1169 3611 1395 3685 postea
1429 3598 1781 3665 Memmius
1817 3598 2149 3686 patefecit,
2184 3610 2258 3663 ut

191 3713 384 3759 nemo
418 3691 626 3757 bonus
661 3692 966 3758 interesse
997 3693 1312 3772 debuerit,
1348 3704 1412 3761 et
1446 3693 1637 3759 simul
1671 3692 1830 3759 mihi
1858 3692 2257 3761 committen-

194 3788 352 3852 dum
385 3808 516 3851 non
549 3786 675 3852 fuit
707 3798 784 3853 ut
827 3788 904 3853 iis
942 3789 1322 3867 coitionibus
1358 3790 1761 3867 interessem,
1806 3788 2043 3873 quibus
2076 3788 2258 3853 Mes-

193 3882 332 3947 sala
383 3881 860 3961 excluderetur,
925 3884 1031 3948 cui
1097 3884 1357 3971 quidem
1417 3884 1827 3951 vehementer
1879 3884 2033 3949 satis
2086 3882 2255 3948 facio

192 3978 388 4043 rebus
441 3977 772 4055 omnibus,
825 3990 901 4043 ut
953 3978 1250 4057 arbitror,
1305 3981 1501 4047 etiam
1542 3978 1877 4048 MemmiO.
1964 3976 2255 4044 Domitio

148 4070 150 4073 ’
191 4071 320 4158 ipsi
365 4072 568 4137 multa
611 4072 742 4138 iam
784 4072 946 4149 feci,
993 4094 1161 4158 quae
1203 4076 1406 4142 voluit
1449 4096 1743 4163 quaeque
1780 4098 1821 4143 a
1862 4090 1966 4141 me
2007 4074 2255 4164 petivit.
