2675 4559
61 0 90 14 τ
472 0 497 10 Ὗ
586 0 891 18 ..w-...NJ

904 168 1457 227 EPISTOLARUM
1491 170 1563 227 V.
1599 172 1681 225 12.
2198 164 2326 232 103

263 294 639 363 excellentis
673 292 984 380 ancipites
1009 292 1296 377 variique
1325 316 1514 358 casus
1547 294 1786 361 hahent
1822 296 2322 378 admirationem,

263 387 848 476 exspectationem,
881 386 1218 465 laetitiam,
1253 387 1647 467 molestiam,
1676 412 1875 473 spem,
1910 391 2231 459 timorem:
2268 396 2323 462 si

264 506 418 549 vero
448 481 638 549 exitu
671 480 940 547 notabili
967 482 1453 561 concluduntur,
1489 482 1779 567 expletur
1812 484 2063 551 animus
2096 486 2325 553 iucun-

261 578 534 645 dissima
565 575 856 643 lectionis
890 577 1238 662 voluptate.
1327 596 1457 661 quo
1490 575 1647 643 mihi
1690 576 1989 645 acciderit
2024 581 2318 667 optatius,
2356 602 2383 643 σ

259 674 314 739 si
346 673 419 737 in
453 669 584 737 hac
612 670 926 737 sententia
959 669 1176 747 fueris,
1211 680 1286 735 ut
1319 693 1361 735 a
1388 669 1854 737 continentibus
1889 672 2014 739 tuis
2049 676 2317 760 scriptis,

259 768 326 831 in
361 765 609 850 quibus
653 774 1030 851 perpetuam
1073 785 1287 830 rerum
1330 774 1657 850 gestarum
1700 764 2027 833 historiam
2064 772 2319 855 conple-

261 859 474 936 cteris,
513 880 812 924 secernas
845 858 1014 923 hanc
1047 858 1232 942 quasi
1265 857 1554 924 fabulam
1580 880 1794 925 rerum
1820 871 2318 947 eventorumque

261 963 631 1019 nostrorum
642 976 661 1029 3
723 951 918 1017 habet
966 952 1139 1017 venim
1201 951 1410 1017 varios
1464 962 1645 1017 actus
1695 952 2203 1039 mutationesque
2256 968 2320 1022 et

263 1045 679 1111 oonsiliorum
729 1054 796 1110 et
845 1054 1224 1130 temporum.
1311 1066 1389 1111 ac
1438 1068 1570 1112 non
1618 1067 1844 1111 vereor
1892 1068 1975 1113 ne
2026 1048 2333 1114 adsenta-.

263 1140 555 1205 tiuncula
587 1138 870 1223 quadam
896 1139 1203 1225 aucupari
1234 1150 1415 1205 tuam
1440 1140 1715 1225 gratiam
1740 1138 1983 1219 videar,
2016 1163 2163 1206 cum
2198 1142 2319 1219 hoc

263 1233 728 1311 demonstrem,
785 1255 892 1297 me
944 1256 984 1297 a
1035 1244 1098 1297 te
1159 1231 1563 1318 potissimum
1614 1232 1825 1299 ornari
1885 1234 2319 1320 celebrarique

261 1330 458 1393 velle:
505 1348 718 1410 neque
760 1328 930 1392 enim
973 1336 1044 1391 tu
1077 1326 1134 1391 is
1171 1348 1267 1405 es,
1295 1332 1406 1414 qui
1424 1375 1443 1405 ,
1479 1328 1637 1412 quid
1670 1329 1790 1406 sis,
1823 1330 2073 1396 nescias
2108 1342 2171 1397 et
2204 1332 2317 1415 qui

261 1444 393 1487 non
427 1442 543 1486 eos
578 1419 807 1506 magis,
841 1420 954 1503 qui
987 1431 1052 1485 te
1075 1442 1208 1485 non
1231 1420 1641 1499 admirentur,
1675 1422 1926 1489 invidos
1956 1445 2151 1509 quam
2186 1446 2317 1503 eos,

259 1516 376 1600 qui
425 1514 726 1591 laudent,
788 1513 1222 1581 adsentatores
1273 1514 1611 1589 arbitrere3
1620 1536 1872 1599 neque
1923 1528 2140 1585 autem
2192 1542 2315 1605 ego

263 1631 412 1673 sum
462 1608 558 1671 ita
609 1606 899 1684 demens,
950 1617 1024 1671 ut
1073 1629 1178 1672 ms
1231 1582 1652 1691 sempiternae
1712 1607 1951 1693 gloriae
2002 1632 2117 1695 per
2167 1634 2313 1675 eum

261 1700 702 1767 commendari
733 1700 946 1777 velim,
981 1700 1095 1783 qui
1127 1722 1258 1765 non
1291 1700 1431 1784 ipse
1466 1719 1723 1783 quoque
1756 1700 1825 1765 in
1858 1724 1960 1766 me
1996 1723 2317 1767 commen·

263 1795 480 1860 dando
542 1794 866 1880 propriam
923 1794 1184 1903 ingenii·
1225 1792 1499 1879 gloriam
1558 1804 2001 1876 consequatur.
2106 1816 2323 1879 neque,

263 1890 438 1955 enim
473 1888 848 1955 Alexander
878 1888 986 1953 ille
1018 1888 1264 1973 gratiae
1299 1909 1495 1953 causa
1531 1887 1613 1953 ab
1646 1886 1883 1973 Apelle
1917 1888 2332 1973 potissimum

261 1984 448 2071 pingi
485 1994 550 2049 et
585 2006 626 2047 a
658 1981 948 2092 Lysippo
981 1982 1144 2067 fingi
1174 1982 1451 2058 volebat,
1488 1982 1602 2047 sed
1629 1982 1803 2067 quod
1835 1982 2089 2047 illorum
2114 1994 2315 2051 artem

263 2101 418 2143 cum
451 2077 612 2163 ipsis
645 2088 782 2141 tum
817 2074 1010 2142 etiam
1045 2076 1166 2141 sibi
1201 2076 1445 2162 gloriae
1479 2075 1621 2143 fore
1652 2076 1939 2163 putabat.
2010 2078 2191 2161 atqui
2224 2078 2315 2143 1111

261 2172 547 2237 artifices
579 2170 858 2255 corporis
893 2170 1234 2235 simulacra
1275 2169 1515 2257 ignotis
1548 2182 1701 2236 nota
1742 2169 2096 2249 faciebant,
2149 2193 2313 2255 quae

263 2267 368 2346 ve]
406 2265 464 2329 si
497 2266 674 2329 nulla
709 2264 864 2341 sint,
906 2264 1104 2329 11111110
1140 2264 1265 2329 sint
1297 2274 1513 2331 tamen
1546 2265 1941 2334 obscuriores
1976 2266 2129 2331 olari
2164 2266 2313 2343 viri3

257 2380 388 2424 nec
419 2358 632 2423 minus
667 2368 765 2423 est
801 2356 1154 2444 Spartiates
1188 2358 1535 2443 Agesilaus
1568 2357 1675 2427 ille
1708 2359 2167 2444 perhibendus,
2203 2360 2315 2443 qui

258 2474 476 2537 neque
521 2451 758 2538 pictam
801 2473 1012 2536 neque
1062 2451 1278 2534 fictam
1319 2452 1667 2538 imaginem
1712 2458 1896 2519 suam
1946 2476 2173 2539 passus
2218 2465 2312 2519 est

259 2569 427 2624 esse,
465 2568 660 2629 quam
694 2544 805 2629 qui
837 2545 906 2609 in
941 2566 1017 2610 eo
1050 2566 1286 2631 genere
1320 2546 1719 2624 laborarunt3
1764 2568 1933 2612 unus
1966 2547 2137 2611 enim
2170 2546 2313 2612 Xe-

257 2640 608 2726 nophontis
645 2639 951 2705 libellus
929 2663 1002 2703 m
1035 2661 1111 2704 eo
1146 2660 1298 2725 rege
1332 2639 1657 2705 laudando
1690 2640 1879 2705 facile
1915 2641 2119 2704 omnis
2154 2641 2311 2705 ima-

257 2736 448 2845 gines
485 2734 768 2799 omnium
803 2744 1172 2826 statuasque
1207 2734 1551 2819 superavit.
1606 2744 1798 2817 atque
1830 2734 1955 2799 hoc
1988 2744 2313 2819 praestan-

261 2830 392 2894 tius
445 2826 604 2891 mihi
654 2827 849 2892 fuerit
891 2838 956 2892 et
998 2828 1080 2891 ad
1131 2828 1439 2893 laetitiam
1492 2828 1687 2894 animi
1730 2838 1795 2893 et
1837 2827 1921 2892 ad
1971 2828 2313 2893 memoriae

263 2922 674 3009 dignitatem,
711 2921 764 2986 si
797 2919 866 2985 in
899 2932 1011 2986 tua
1045 2921 1282 3006 scripta
1312 2943 1692 3006 pervenerO,
1729 2944 1923 3006 quam
1956 2922 2011 2987 si
2044 2922 2112 2986 in
2148 2932 2315 2987 cete-

259 3038 513 3093 rorum,
576 3015 750 3099 quod
799 3037 929 3079 non
989 3014 1319 3101 ingenium
1370 3016 1528 3079 mihi
1580 3017 1787 3084 solum
1838 3016 2313 3102 suppeditatum

258 3110 461 3177 fuerit
495 3121 699 3187 tuum,
737 3110 902 3175 sicut
935 3109 1321 3175 Tim01eonti
1358 3132 1398 3171 a
1423 3110 1689 3173 Timaeo
1726 3120 1838 3173 aut
1872 3109 1953 3172 ab
1981 3110 2312 3175 Herodoto

259 3203 710 3279 Themistocli,
755 3202 868 3268 sed
903 3202 1094 3267 etiam
1139 3201 1479 3265 auctoritas
1516 3200 1847 3264 clarissimi
1887 3211 1953 3265 et
1986 3202 2315 3285 spectatis-

261 3297 411 3363 simi
445 3296 568 3361 viri
595 3308 659 3363 et
691 3295 760 3361 in
785 3296 877 3361 rei
913 3295 1208 3381 publicae
1235 3293 1531 3359 maximis
1558 3291 2078 3379 gravissimisque
2104 3294 2313 3358 causis

261 3390 508 3478 cogniti
543 3400 734 3475 atque
767 3390 838 3455 in
870 3382 1090 3477 primis
1125 3388 1407 3475 probati:
1444 3398 1519 3453 ut
1551 3386 1707 3451 mihi
1732 3408 1862 3451 non
1889 3386 2098 3451 solum
2126 3395 2315 3475 prae-

259 3485 554 3561 conium,
605 3484 808 3568 quod,
859 3506 1007 3549 cum
1049 3484 1117 3548 in
1155 3480 1425 3569 Sigeum
1458 3480 1763 3559 venisset,
1816 3480 2189 3548 Alexander
2231 3481 2315 3546 ab

259 3579 558 3645 Homero
588 3577 830 3643 Achilli
863 3577 1172 3645 tributum
1207 3600 1347 3643 esse
1383 3576 1570 3654 dixit,
1618 3576 1732 3642 sed
1765 3576 1956 3641 etiam
1990 3590 2206 3661 grave.
2222 3586 2316 3639 te-

261 3672 638 3739 stimonium
677 3672 1070 3758 impertitum
1113 3672 1264 3739 clari
1307 3671 1581 3737 hominis
1624 3672 1967 3759 magnique
2002 3670 2313 3747 videatur.

259 3768 477 3854 plaeet
511 3767 682 3833 enim
716 3767 962 3835 Hector
993 3767 1100 3832 ille
1134 3767 1288 3831 mihi
1323 3766 1722 3845 Naevianus,
1758 3766 1871 3850 qui
1902 3785 2033 3830 non
2066 3774 2315 3827 tantum
2428 3770 2431 3777 '

261 3860 572 3927 ‘laudari'
625 3884 698 3926 se
737 3860 1040 3939 laetatur,
1094 3860 1210 3925 sed
1253 3860 1431 3925 addit
1476 3860 1667 3925 etiam
1720 3866 1793 3923 ‘a
1832 3858 2091 3925 laudato
2134 3854 2312 3920 vir0.’

259 3956 442 4041 quod
477 3954 534 4021 si
567 3978 610 4021 a
642 3968 708 4021 te
737 3976 867 4021 non
902 3956 1174 4041 impetro
1183 4002 1203 4033 ,
1247 3954 1373 4019 hoc
1407 3964 1536 4031 est,
1578 3954 1633 4019 si
1677 3974 1843 4037 quae
1878 3962 1941 4018 te
1976 3972 2077 4017 res
2111 3949 2316 4037 impe·
2348 3964 2376 4003 8
