2675 4559
709 232 1260 291 EPISTOLARUM
1293 235 1424 292 VH.
1460 236 1632 292 3-5,
2063 224 2191 292 149

95 413 98 415 >
178 372 389 436 autem,
424 359 479 424 si
513 358 675 424 haee
709 357 930 422 civitas
967 368 1091 433 est,
1130 357 1334 424 civem
1371 381 1511 426 esse
1546 382 1649 425 me
1658 384 1679 438 3
1716 359 1771 424 si
1804 381 1962 437 non,
1999 383 2189 427 exsu-

91 492 107 504 -
177 458 278 522 lem
314 476 449 520 esse
490 475 625 518 non
665 450 1159 517 incommodiore
1204 453 1378 530 loco,
1430 475 1625 537 quam
1669 453 1722 518 si
1757 453 2060 519 Rhodum
2094 479 2189 521 me

175 561 263 617 aut
300 547 643 634 Mytilenas
686 546 1115 611 contulissem.
1212 545 1374 612 haec
1426 558 1639 612 tecum
1683 569 1900 613 coram
1942 548 2186 614 malue-

173 667 309 720 ram3
360 643 469 708 sed
512 643 666 726 quia
706 641 961 728 longius
1006 641 1229 718 fiebat,
1284 641 1462 706 volui
1505 664 1620 727 per
1663 642 1902 707 litteras
1938 643 2185 720 eadem,

172 750 229 802 ut
254 737 526 814 haberes,
564 736 722 820 quid
749 734 1011 810 diceres,
1048 735 1103 798 si
1138 735 1396 818 quando
1423 736 1492 800 in
1519 736 1982 821 vituperatores
2009 759 2184 802 meos

77 807 90 920 j
171 831 490 909 incidisses3
528 841 680 895 sunt
714 829 884 895 enim
910 828 1044 912 qui,
1079 850 1226 894 cum
1261 853 1443 894 meus
1477 829 1767 895 interitus
1802 828 1961 897 nihil
1994 831 2188 896 fuerit

77 921 82 925 ”
172 925 243 990 rei
272 924 554 1011 publicae
589 924 995 1010 profuturus,
1041 923 1320 988 criminis
1355 923 1498 989 loco
1532 934 1760 1009 putent
1795 947 1934 989 esse
1947 971 1967 1001 ,
2012 925 2188 1009 quod

172 1019 377 1097 vivam,
428 1019 670 1103 quibus
722 1039 845 1103 ego
898 1027 1072 1083 certo
1125 1017 1257 1083 scio
1310 1039 1442 1082 non
1492 1018 1696 1083 videri
1749 1018 1901 1084 satis
1953 1019 2185 1083 multos

173 1114 398 1198 perisse:
439 1113 585 1198 qui,
632 1112 689 1177 si
722 1134 825 1178 me
862 1110 1217 1188 audissent,
1265 1112 1558 1195 quamvis
1593 1112 1815 1195 iniqua
1848 1134 2039 1198 pace,
2074 1112 2188 1176 ho·-

85 1203 86 1208 ’
172 1218 313 1272 ueste
352 1218 565 1273 tamen
610 1207 929 1283 viverent3
973 1205 1166 1270 armis
1212 1205 1383 1272 enim
1416 1205 1781 1284 inferiores,
1826 1228 1958 1271 non
1994 1228 2188 1271 causa

171 1300 415 1366 fuissent.
518 1300 725 1366 habes
770 1301 1103 1386 epistolam
1154 1299 1585 1368 verbosiorem
1638 1301 1940 1378 fortasse,
1993 1323 2184 1384 quam

171 1395 354 1460 velles.
406 1395 581 1479 quod
616 1395 737 1459 tibi
770 1395 861 1458 ita
894 1394 1096 1459 videri
1140 1393 1415 1480 putab0,
1468 1394 1592 1460 nisi
1627 1394 1786 1459 mihi
1827 1394 2185 1481 longiorem

170 1488 460 1555 remiseris.
550 1510 700 1574 ege,
738 1488 821 1565 si,
856 1509 1024 1572 quae
1058 1487 1235 1565 v010,
1274 1488 1646 1573 expedierO,
1682 1489 1866 1554 brevi
1900 1500 2185 1574 tempore

171 1594 241 1656 te,
270 1594 333 1646 ut
364 1603 569 1669 spero,
607 1581 863 1647 videbo.

1105 1730 1207 1786 IV.

749 1833 865 1917 Ser.
885 1833 943 1886 in
962 1831 1213 1888 Cumano
1233 1849 1283 1886 a.
1304 1851 1358 1886 u,
1381 1850 1429 1886 c.
1453 1833 1569 1887 708.

650 1936 726 1989 Μ.
765 1933 1039 1991 CICERO
1078 1934 1134 1990 S.
1172 1935 1245 1988 D.
1280 1935 1360 1988 M.
1397 1933 1663 1989 MARIO.

611 1783 647 1814 s

267 2050 342 2112 A.
376 2050 437 2115 d.
468 2074 628 2116 vnn.
673 2049 824 2114 Kal.
868 2050 936 2113 in
975 2047 1340 2114 Cumanum
1386 2049 1535 2115 veni
1581 2070 1731 2114 cum
1774 2047 2028 2115 Libone
2072 2059 2183 2112 tuo

174 2143 249 2207 vel
290 2156 492 2210 nostro
543 2144 791 2231 potius3
844 2143 914 2207 in
963 2143 1437 2228 Pompeianum
1503 2143 1719 2209 statim
1773 2143 2015 2230 cogitO,
2069 2143 2185 2208 sed

104 2229 106 2236 ’
171 2235 363 2302 faciam
393 2251 540 2305 ante
578 2249 647 2305 te
682 2238 1032 2303 certiorem.
1121 2249 1184 2304 te
1231 2259 1379 2303 eum
1423 2260 1676 2323 semper
1721 2238 1936 2304 valere
1970 2236 2181 2324 cupit),

172 2344 277 2396 tum
306 2345 485 2412 certe,
521 2335 684 2399 dum
718 2333 825 2397 hic
858 2354 1107 2410 sumus3
1144 2333 1325 2398 vides
1363 2333 1564 2411 enim,
1600 2343 1838 2417 quanto
1874 2343 2020 2418 post
2055 2354 2185 2396 una

170 2423 329 2491 futuri
360 2429 581 2494 simus.
671 2448 804 2515 qua
834 2449 925 2505 re,
962 2427 1017 2491 si
1051 2427 1225 2510 quod
1262 2428 1678 2492 constitutum
1713 2449 1863 2493 cum
1897 2427 2184 2536 podagra

171 2516 354 2598 habes,
403 2522 507 2588 fac
550 2531 634 2586 ut
675 2522 744 2586 in
787 2521 984 2586 alium
1028 2511 1197 2586 diem
1242 2521 1521 2587 differas.
1629 2543 1783 2586 cura
1833 2521 2058 2606 igitur,
2112 2531 2184 2585 ut

69 2611 70 2632 ¹
173 2612 362 2693 valeas,
397 2627 459 2682 et
494 2639 608 2682 me
642 2615 764 2680 hoc
796 2614 994 2681 biduo
1032 2627 1144 2680 aut
1178 2615 1390 2681 triduo
1426 2626 1746 2701 exspecta.

1120 2850 1191 2906 V.

593 2953 711 3009 Scr.
729 2953 943 3008 Romae
962 2969 1151 3008 mense
1169 2951 1375 3007 Martio
1395 2968 1446 3007 a.
1468 2969 1521 3007 u.
1544 2969 1592 3007 c.
1613 2952 1731 3007 700.

638 3052 911 3110 CICERO
949 3053 1279 3110 CAESARI
1312 3055 1472 3109 IMP.
1513 3054 1568 3110 S.
1605 3054 1680 3109 D.

275 3175 449 3256 Vide,
485 3199 682 3262 quam
716 3176 874 3241 mihi
906 3177 1333 3263 persuaserim
1369 3188 1431 3242 te
1458 3197 1563 3242 me
1591 3198 1731 3241 esse
1758 3176 2028 3240 alterum
2054 3198 2185 3241 non

180 3268 333 3333 modo
362 3271 427 3335 in
459 3272 539 3336 iis
576 3270 799 3349 rebus,
853 3292 1021 3355 quae
1054 3270 1138 3335 ad
1172 3293 1276 3336 me
1311 3271 1556 3356 ipsum,
1611 3270 1724 3334 sed
1759 3269 1951 3334 etiam
1985 3269 2052 3332 in
2085 3268 2184 3343 iis,

179 3379 311 3440 quae
343 3364 419 3428 ad
450 3387 629 3432 meos
671 3365 1015 3452 pertinent:
1066 3361 1145 3429 C.
1182 3364 1563 3430 Trebatium
1601 3363 1979 3448 cogitaram,
2025 3381 2186 3444 quo-

182 3474 411 3542 cumque
455 3461 725 3538 exirem,
776 3482 1031 3526 mecum
1075 3459 1338 3538 ducere,
1393 3471 1466 3524 ut
1501 3481 1650 3524 eum
1694 3457 1852 3522 meis
1888 3454 2184 3520 omnibus

184 3551 387 3631 studiis,
419 3555 742 3621 beneficiis
780 3577 974 3639 quam
1003 3555 1476 3620 ornatissimum
1505 3554 1767 3619 domum
1793 3551 2182 3616 reducerem.

184 3643 273 3706 sed
299 3660 509 3731 postea
544 3671 738 3734 quarn
774 3661 840 3714 et
864 3649 1162 3735 Pompeii
1190 3648 1601 3714 commoratio
1639 3641 1996 3713 diuturnior
2030 3652 2185 3718 erat,

185 3754 342 3815 quam
382 3755 701 3827 putaram,
755 3753 820 3808 et
861 3766 1008 3809 mea
1051 3744 1372 3827 quaedam
1405 3743 1524 3808 tibi
1567 3764 1694 3807 non
1739 3740 1962 3828 ignota
2004 3735 2189 3801 dubi-

185 3830 309 3895 tatio
355 3848 461 3901 aut
520 3836 804 3924 inpedire
866 3837 1329 3923 profectionem
1395 3858 1608 3901 meam
1677 3833 2017 3899 videbatur
2079 3839 2190 3892 aut

189 3938 327 3991 certe
358 3930 616 4009 tardare,
651 3932 818 4009 vide,
855 3931 1016 4015 quid
1048 3931 1207 3996 mihi
1241 3931 1652 4016 sumpserim.
1699 3927 1882 4013 coepi
1915 3925 2077 3991 velle
2113 3942 2190 3987 ea

192 4012 517 4088 Trebatium
553 4037 922 4112 exspectare
957 4049 998 4091 a
1032 4037 1127 4104 te,
1172 4047 1338 4111 quae
1377 4035 1694 4112 sperasset
1729 4046 1770 4088 a
1802 4043 1936 4098 me,
1981 4041 2190 4105 neque
