2675 4559
454 157 587 222 328
1074 167 1151 222 M.
1188 165 1464 224 TULLII
1497 163 1895 224 CICERONIS
2550 0 2602 263 'l

1423 335 1555 390 XX.

1134 438 1254 494 Ser.
1271 437 1488 494 Romae
1507 453 1558 492 a.
1579 454 1634 492 ιι.
1655 453 1704 491 c.
1725 437 1842 491 708.

1092 538 1368 596 CICERO
1407 535 1682 595 SERVIO
1719 536 1883 594 SAL.

586 664 957 750 Aselapone
972 661 1290 739 Patrensi,
1326 659 1596 737 medicO,
1633 669 1778 726 utor
1811 659 2211 726 familiariter
2247 660 2483 744 eiusque

460 779 610 824 cum
644 756 1039 823 consuetudo
1072 755 1231 820 mihi
1259 754 1543 820 iucunda
1575 753 1718 832 fuit,
1753 763 1892 818 tum
1923 776 2027 819 ars
2063 753 2281 830 etiam,
2317 773 2484 838 quam
2602 779 2603 814 3

460 875 605 918 sum
646 861 949 938 expertus
992 850 1061 916 in
1104 849 1468 914 valetudine
1511 868 1830 925 meorum3
1881 848 1951 912 in
1997 869 2130 931 que
2173 847 2330 912 mihi
2361 869 2484 912 cum
2601 913 2603 924 ,

458 947 603 1033 ipsa
636 945 926 1023 scientia,
970 955 1111 1009 tum
1156 942 1350 1009 etiam
1391 942 1697 1010 fidelitate
1742 941 2319 1026 benevolentiaque
2355 940 2484 1006 satis

459 1039 632 1104 feeit.
719 1039 891 1105 hunc
934 1038 1136 1124 igitur
1176 1038 1293 1102 tibi
1340 1035 1714 1102 commendo
1759 1045 2017 1102 etate
2051 1046 2206 1121 peto
2219 1082 2238 1113 ,
2281 1045 2352 1100 ut
2391 1034 2484 1099 des
2601 1031 2603 1082 3

460 1153 750 1218 operam,
811 1143 883 1197 ut
934 1131 1261 1218 intellegat
1313 1131 1650 1216 diligenter
1701 1151 1805 1196 me
1857 1129 2191 1216 scripsisse
2245 1129 2323 1196 de
2369 1150 2486 1194 sese
2601 1135 2603 1138 ⁴

459 1246 799 1310 meamque
842 1224 1456 1292 commendationem
1501 1223 1648 1290 usui
1689 1245 1926 1310 magno
1961 1223 2087 1288 sibi
2124 1223 2348 1290 fuisse:
2389 1221 2486 1288 erit
2604 1277 2605 1308 3

459 1319 529 1384 id
561 1319 717 1384 mihi
751 1318 1159 1384 vehementer
1190 1329 1468 1404 gratum.
2604 1319 2605 1322 ’

1313 1609 1316 1611 ,
1405 1551 1567 1606 ΧΧΙ.

1131 1652 1247 1709 Ser.
1267 1654 1482 1708 Romae
1504 1671 1629 1708 a.-u.
1649 1671 1697 1709 c.
1719 1654 1836 1709 708.

1092 1754 1368 1812 CICERO
1407 1753 1685 1812 SERVIO
1721 1755 1884 1811 SAL.

587 1879 686 1946 M.
733 1879 1051 1946 Aemilius
1106 1877 1402 1942 Avienus
1455 1878 1538 1944 ab
1603 1878 1872 1944 ineunte
1919 1877 2358 1946 adulescentia
2401 1894 2484 1938 me

460 1973 827 2040 observavit
860 1993 1238 2059 semperque
1284 1972 1536 2050 dilexit,
1588 1972 1688 2037 vir
1719 1994 1867 2038 eum
1903 1972 2144 2051 bonus,
2199 1984 2334 2038 tum
2365 1990 2483 2055 per-

458 2066 779 2132 humanus
834 2077 899 2134 et
949 2067 1019 2132 in
1072 2065 1247 2131 omni
1298 2088 1536 2152 genere
1587 2065 1783 2130 officii
1837 2065 2146 2152 diligens·
2212 2085 2394 2151 quem
2441 2060 2484 2124 si
2605 2109 2607 2130 2

458 2159 803 2226 arbitrarer
853 2181 995 2226 esse
1040 2158 1319 2245 Sicyone
1363 2170 1428 2226 et
1471 2159 1596 2225 nisi
1646 2159 1933 2226 audirem
1983 2160 2077 2226 ibi
2123 2183 2274 2226 eum
2317 2156 2478 2224 etiam
2605 2159 2607 2170 '

456 2273 661 2329 nune,
712 2251 829 2316 ubi
872 2273 995 2336 ego
1037 2251 1299 2335 reliqui,
1355 2250 1636 2339 Ciby-rae
1679 2253 2090 2331 commorari,
2145 2250 2302 2320 nihil
2345 2259 2483 2318 esset

456 2365 721 2412 necesse
760 2344 951 2430 plura
991 2366 1096 2410 me
1138 2344 1224 2410 ad
1266 2355 1330 2412 te
1366 2345 1450 2412 de
1493 2369 1571 2412 eo
1607 2346 1910 2425 scribene3
1961 2349 2299 2433 perficeret
2339 2343 2482 2410 enim

454 2436 595 2524 ipse
639 2437 926 2524 profecto
970 2437 1103 2504 suis
1146 2438 1434 2505 moribus
1478 2462 1722 2525 suaque
1771 2441 2200 2518 humanitate,
2251 2451 2324 2506 ut
2368 2439 2482 2502 sine

458 2532 837 2618 cuiusquam
870 2532 1420 2600 commendatione
1457 2534 1825 2621 diligeretur
1868 2536 1984 2602 abs
2023 2547 2092 2604 te
2135 2557 2266 2601 non
2297 2533 2480 2598 minus

458 2645 655 2710 quam
680 2637 745 2694 et
769 2650 812 2692 a
828 2647 932 2692 me
948 2638 1019 2694 et
1040 2650 1081 2694 a
1098 2628 1323 2694 ceteris
1356 2627 1488 2694 suis
1515 2628 1953 2695 familiaribus.
2008 2631 2128 2696 sed
2153 2652 2300 2696 cum
2324 2626 2482 2692 illum
2607 2667 2609 2670 ⁴

456 2721 682 2788 abesse
724 2731 976 2807 putem,
1030 2722 1407 2788 commendo
1451 2721 1570 2788 tibi
1608 2723 1678 2788 in
1726 2723 2034 2790 maiorem
2087 2722 2353 2790 modum
2385 2719 2481 2782 do-

454 2837 635 2880 mum
660 2815 820 2893 eius,
856 2837 1023 2900 quae
1052 2827 1151 2884 est
1174 2814 1473 2902 Sicyone,
1500 2837 1762 2900 remque
1789 2817 2193 2894 familiarem,
2227 2814 2478 2882 maxime

456 2903 538 2971 Ο.
570 2907 927 2974 Avianium
958 2909 1445 2988 Hammonium,
1479 2911 1778 2976 libertum
1813 2911 1973 2988 eius,
2011 2932 2208 2995 quem
2243 2907 2476 2994 quidem

452 2999 573 3064 tibi
614 3001 809 3067 etiam
852 3025 971 3069 suo
1012 3005 1271 3070 nomine
1314 3005 1722 3070 commendo·
1773 3027 1926 3070 nam
1971 3027 2121 3072 cum
2170 3013 2478 3092 propterea

453 3091 613 3159 mihi
646 3105 746 3160 est
778 3097 1115 3182 probatus,
1151 3098 1327 3183 quod
1359 3110 1458 3165 est
1489 3097 1558 3164 in
1589 3109 1932 3209 patronum
1966 3121 2158 3166 suum
2193 3096 2392 3165 officio
2422 3102 2474 3156 et

332 3239 337 3245 .
452 3187 581 3254 fide
614 3189 947 3276 singuhti,
979 3201 1117 3256 tum
1151 3192 1346 3258 etiam
1369 3192 1440 3257 in
1471 3213 1576 3258 me
1607 3192 1822 3279 ipsum
1846 3215 2089 3280 magna
2111 3193 2321 3260 officia
2345 3208 2472 3254 con-

452 3282 601 3348 tulit
634 3283 917 3368 mihique
950 3285 1410 3351 molestissimis
1445 3285 1836 3373 temporibus
1879 3288 1972 3354 ita.
2003 3286 2274 3355 fideliter
2304 3285 2471 3348 bene·

452 3375 724 3460 voleque
756 3387 1011 3463 praesto
1046 3378 1197 3456 fuit,
1231 3391 1305 3446 ut
1348 3380 1406 3444 si
1438 3402 1479 3444 a
1509 3403 1614 3448 me
1647 3381 2082 3447 manumissus·
2111 3389 2291 3449 esset.
2371 3375 2470 3438 ita·

452 3491 579 3552 que
612 3481 770 3556 peto
797 3495 838 3536 a
872 3482 967 3548 te,
1010 3482 1085 3536 ut
1118 3493 1269 3538 eum
1306 3471 1829 3560 [Hammonium]
1865 3484 1936 3540 et
1964 3475 2033 3540 in
2076 3471 2323 3561 patroni
2353 3466 2468 3534 eius

450 3564 709 3648 negotio
744 3565 837 3630 sic
860 3576 1101 3642 tueare,
1135 3576 1209 3630 ut
1234 3567 1373 3632 eius
1399 3578 1896 3652 procuratorem,
1933 3567 2158 3655 [quem
2181 3565 2296 3632 tibi
2310 3581 2464 3632 ,com-

448 3655 738 3742 mendo,]
776 3668 840 3724 et
880 3659 1094 3745 ipsum
1136 3680 1253 3726 suo
1297 3660 1556 3726 nomine
1591 3659 1820 3748 diliges
1867 3661 2233 3746 habeasque
2271 3659 2336 3724 in
2364 3674 2465 3718 nu·

448 3770 625 3814 mero
670 3762 956 3817 tuorum:
1000 3751 1323 3820 hominem
1367 3755 1716 3840 pudentem
1751 3766 1816 3821 et
1857 3755 2214 3824 officiosum
2255 3766 2461 3836 cogno-

452 3863 590 3908 sces
626 3854 692 3912 et
724 3844 1012 3931 dignum,
1048 3847 1159 3933 qui
1194 3871 1235 3914 a
1268 3858 1331 3914 te
1367 3849 1688 3936 diligatur.
1776 3849 1938 3916 vale.
