2675 4559
499 242 628 308 272
1119 251 1196 304 M.
1234 249 1508 307 TULLH
1544 246 1947 306 CICERONIS

498 401 630 464 qua
663 401 732 444 re
767 376 960 442 velim
997 373 1293 460 equidem
1306 424 1324 452 ,
1360 373 1430 437 id
1464 372 1639 457 quod
1674 391 1891 457 spere,
1938 380 2011 435 ut
2040 369 2230 456 plane
2264 368 2507 435 abiectus

497 484 563 539 et
605 473 846 537 fractus
893 471 972 536 sit
1014 468 1342 536 Antonius
1354 491 1372 545 ;
1428 467 1526 531 sin
1572 465 1813 548 aliquid
1857 464 2087 528 virium
2132 463 2295 528 forte
2335 464 2510 528 eonle·

497 565 682 652 gerit,
719 565 948 632 sentiet
989 586 1111 629 nee
1155 560 1407 628 senatui
1443 561 1777 625 eonsilium
1822 581 1945 625 nee
1986 558 2226 646 populo
2258 557 2511 624 Romano

499 659 798 725 virtutem
852 658 1072 724 deesse
1123 679 1244 723 nee
1285 655 1380 721 rei
1424 654 1718 742 publicae
1771 664 1835 719 te
1888 654 2035 718 vivo
2086 653 2510 738 imperatorem.

499 777 650 819 xxm.
685 754 840 818 Kal.
874 753 1020 818 Iun.

1452 899 1614 954 XIX.

921 1005 1038 1062 Ser.
1057 1003 1332 1062 Vercellis
1351 1002 1485 1058 XII.
1504 1003 1637 1058 Kal.
1655 1001 1779 1056 Iun.
1801 1019 1853 1056 a.
1871 1018 1927 1056 u.
1946 1017 1994 1056 e.
2017 1000 2137 1055 711.

599 1104 686 1168 D.
719 1108 1030 1166 BRUTUS
1066 1107 1222 1165 IMP.
1260 1104 1418 1162 COS.
1454 1102 1707 1160 DESIG.
1746 1103 1805 1160 S.
1840 1104 1913 1159 D.
1952 1102 2028 1158 Μ.
2066 1101 2427 1160 CICERONI.

443 1249 467 1288 1
635 1226 740 1290 Ad
784 1225 1076 1290 senatum
1119 1243 1280 1306 quas
1324 1220 1567 1285 litteras
1607 1219 1755 1286 misi
1797 1219 1991 1285 velim
2032 1218 2215 1304 prius
2266 1216 2511 1302 perlegas

503 1332 590 1399 et,
644 1321 698 1384 si
749 1342 879 1404 qua
929 1318 1048 1382 tibi
1098 1316 1515 1392 videbuntur,
1568 1325 1943 1381 commutes.
2045 1311 2394 1378 necessario
2436 1329 2512 1372 me

498 1413 824 1500 scripsisse
857 1414 996 1499 ipse
1033 1411 1531 1476 animadvertes:
1575 1433 1728 1478 nam
1762 1431 1912 1474 eum
1944 1419 2241 1494 putarem
2267 1414 2511 1490 quartam

501 1517 565 1572 et
587 1506 893 1575 Martiam
925 1507 1212 1592 legiones
1247 1525 1501 1571 meeum
1534 1503 1807 1581 futuras,
1849 1514 1924 1568 ut
1950 1501 2175 1568 Druso'
2201 1500 2513 1582 Paufloque

498 1603 828 1688 placuerat
873 1601 1058 1665 vobis
1095 1599 1635 1676 adsentientibus,·
1684 1599 1895 1663 minus
1932 1597 2013 1664 de
2057 1595 2318 1680 reliquis
2356 1591 2509 1658 rebus

407 1704 414 1710 '
497 1695 920 1762 laborandum
955 1695 1314 1762 existimavi
1325 1719 1345 1772 3
1381 1715 1551 1760 nune
1586 1713 1767 1770 vero,
1814 1713 1964 1756 oum
1998 1692 2125 1757 sim
2160 1709 2304 1755 eum
2336 1685 2511 1753 tironi·

498 1792 622 1857 bus
649 1791 1096 1878 egentissimis,
1123 1789 1310 1855 valde
1342 1800 1407 1854 et
1433 1811 1644 1854 meam
1671 1799 1733 1854 et
1760 1797 2040 1852 vestram
2056 1787 2269 1852 vicem
2294 1782 2509 1848 timeam

441 1909 465 1948 2
497 1907 760 1953 neeesse
795 1895 910 1951 est.
963 1885 1246 1952 Vieetini
1281 1906 1385 1948 me
1418 1893 1486 1950 et
1520 1883 1617 1948 M.
1648 1883 1925 1946 Brutum
1959 1883 2303 1968 praecipue
2334 1875 2510 1942 obser-

497 1990 682 2046 vant:
719 1979 817 2044 his
848 2000 934 2044 ne
969 2001 1166 2064 quam
1199 1979 1445 2064 patiare
1480 1977 1776 2042 iniuriam
1800 1976 1942 2042 fieri
1976 1977 2046 2041 in
2072 1985 2301 2043 senatu
2325 1989 2509 2037 verna·

499 2095 643 2138 rum
679 2093 893 2148 eausa,
929 2095 970 2136 a
1003 2083 1066 2138 te
1102 2084 1270 2159 peto.
1342 2095 1603 2138 eausam
1636 2071 1877 2136 habent
1909 2071 2239 2156 optimam,
2273 2063 2508 2133 offieium

497 2167 566 2230 in
607 2188 744 2232 rem
786 2166 1112 2252 publicam
1160 2189 1481 2232 summum
1495 2214 1513 2244 ,
1558 2187 1763 2250 genus
1796 2164 2133 2229 hominum
2170 2156 2507 2228 adversario-

497 2282 640 2324 rum
675 2258 1048 2324 seditiosum
1085 2269 1149 2324 et
1183 2259 1659 2326 inertissimum.
1713 2281 1819 2322 111.
1850 2258 2004 2323 Kal.
2041 2257 2191 2322 Iun.
2226 2248 2505 2323 Vercellis.

1463 2493 1596 2551 XX.

867 2595 984 2652 Ser.
1003 2596 1318 2668 Eporediae
1335 2595 1527 2652 VIIII.
1548 2597 1679 2652 Kal.
1698 2595 1825 2650 Iun..
1847 2613 1898 2652 a.
1919 2614 1973 2650 u.
1996 2611 2043 2650 e.
2065 2595 2190 2653 711.

950 2699 1022 2754 D.
1060 2697 1371 2756 BRUTUS
1408 2697 1466 2754 S,
1502 2699 1577 2754 D.
1612 2698 1691 2754 M.
1728 2696 2107 2756 CICERONI.

439 2849 460 2885 1
628 2823 825 2904 Quod
857 2842 975 2910 pro
1009 2845 1114 2888 me
1150 2844 1280 2888 non
1313 2822 1511 2901 facin,
1554 2821 1625 2887 id
1654 2843 1773 2916 pro
1806 2833 1877 2888 te
1908 2821 2123 2889 faeere
2158 2841 2329 2888 amor
2358 2831 2501 2880 meus

495 2918 564 2980 in
599 2927 664 2982 te
699 2927 938 3000 tuaque
973 2916 1187 2982 officia
1221 2927 1483 3004 cogunt,
1518 2927 1591 2982 ut
1625 2909 1905 2982 timeam.
1962 2936 2157 3004 saepe
2193 2914 2351 2982 enim
2380 2903 2502 2974 mihi

495 3033 643 3075 eum
697 3021 866 3074 esset
909 3009 1152 3075 dietum
1195 3031 1406 3094 neque
1451 3033 1491 3076 a
1533 3029 1637 3076 me
1690 3021 2157 3095 contemptum,
2208 3002 2501 3074 novissime

493 3103 722 3170 Labeo
761 3102 1095 3190 Segulius,
1139 3106 1329 3170 homo
1366 3105 1466 3170 sui
1500 3104 1891 3182 simillimus,
1934 3097 2153 3170 uari-at
2187 3100 2335 3169 mihi
2365 3089 2500 3181 apud

493 3197 843 3266 Caesarem
879 3220 948 3265 se
983 3198 1184 3266 fuisse
1217 3199 1618 3283 multumque
1655 3219 2015 3264 sermonem
2042 3199 2123 3264 de
2158 3210 2220 3264 te
2254 3191 2497 3259 habitum

497 3315 664 3371 esse3
709 3293 921 3379 ipsum
959 3289 1304 3360 Gaesarem
1348 3291 1507 3358 nihil
1542 3313 1697 3358 sane
1732 3291 1813 3358 de
1856 3301 1921 3358 te
1956 3303 2253 3376 questum
2293 3284 2401 3352 nisi
2428 3278 2499 3343 di·

495 3397 670 3452 etum
704 3387 879 3470 quod
913 3386 1154 3454 diceret
1195 3399 1260 3456 te
1305 3387 1572 3463 dixisse,
1614 3387 2011 3452 laudandum
2055 3386 2497 3476 adulesoontemg

493 3480 871 3558 ornandum,
905 3481 1288 3559 tollendum3
1325 3503 1395 3546 se
1430 3503 1559 3546 non
1596 3503 1735 3547 esse
1764 3481 2269 3556 oommissurum,
2300 3484 2365 3540 ut
2393 3464 2499 3533 toll¹

492 3585 726 3660 posset.
813 3574 937 3640 hoe
981 3597 1104 3660 ego
1138 3575 1516 3641 Labeonem
1560 3575 1750 3640 eredo
1792 3573 1887 3640 illi
1920 3574 2235 3640 rettulisse
2268 3576 2369 3636 aut
2404 3561 2496 3626 fin·

493 3668 664 3736 xisse
708 3667 950 3734 dietum
962 3715 982 3747 ‚
1033 3690 1166 3735 non
1209 3669 1294 3734 ab
1339 3668 1746 3736 adulescente
1790 3663 2139 3756 prolatum.
2212 3671 2495 3732 veteranos

497 3783 646 3827 vero
681 3763 958 3848 pessime
997 3763 1174 3848 loqui
1209 3763 1468 3829 volebat
1501 3763 1729 3831 Labeo
1771 3785 1875 3828 me
1910 3763 2167 3830 eredere
2200 3771 2263 3826 et
2298 3751 2400 3820 tibi
2430 3743 2493 3811 ab

492 3853 572 3919 iis
605 3855 842 3923 instare
877 3856 1262 3943 perieulum,
1309 3857 1717 3941 maximeque
1750 3855 2091 3943 indignari,
2122 3852 2290 3940 quod
2318 3848 2377 3914 31¹
2406 3839 2493 3905 ἅθ’

495 3949 788 4014 eemviris
833 3970 1043 4034 neque
1068 3951 1333 4024 ,Caesar
1376 3970 1585 4036 neque
1631 3973 1753 4038 ego
1798 3951 1996 4016 habiti
2034 3969 2304 4018 essemus
2336 3947 2489 4018 atque

432 4059 461 4098 8
492 4042 710 4105 omnia
753 4043 836 4106 ad
877 4057 1160 4110 vestrum
1206 4047 1539 4114 arbitrium
1582 4057 1795 4112 essent
1838 4047 2109 4112 conlata.
2192 4044 2353 4108 haee·
2373 4043 2489 4096 oum
