2675 4559
843 190 1401 249 EPISTOLARUM
1434 188 1479 247 1.
1520 190 1571 247 9.
1958 168 1961 171 ’
2153 184 2239 249 23

205 326 589 404 praesentem
633 315 1028 393 habuissem,
1081 326 1154 380 ut
1187 315 1403 400 opinio
1436 336 1582 381 mea
1624 315 1777 392 fert,
1830 316 2040 383 essem
2082 338 2239 385 usus

203 412 452 488 eisdem3
497 410 659 477 novi
693 410 860 475 enim
892 410 1382 497 temperantiam
1418 421 1483 475 et
1510 406 2017 477 moderationem
2050 424 2242 479 natu-

201 528 292 571 rae
317 516 484 582 tuae,
519 505 683 569 novi
713 506 996 569 animum
1025 522 1172 569 cum
1201 504 1359 568 mihi
1386 498 1860 581 amicissimum,
1896 516 2035 573 tum
2060 508 2241 573 nulla

197 602 253 664 in
301 609 544 665 ceteros
597 598 1049 664 malevolentia
1099 594 1419 667 suffusum
1430 644 1449 675 ,
1504 610 1851 683 contraque
1904 620 2051 665 eum
2101 622 2239 667 ma-

196 714 375 779 gnum
425 702 496 758 et
549 692 907 769 excelsum,
967 703 1107 757 tum
1159 691 1353 756 etiam
1408 702 1697 776 apertum
1750 702 1813 757 st
1863 694 2234 780 simplicem.

193 785 308 851 vidi
347 802 472 872 ego
521 787 846 871 quosdam
887 786 955 851 in
995 797 1059 851 te
1103 785 1277 860 talis,
1329 785 1541 869 qualis
1592 795 1663 849 tu
1714 786 1969 852 eosdem
2022 788 2091 853 in
2130 809 2237 853 me

196 880 386 945 videre
419 880 728 965 potuisti:
776 900 940 964 quae
971 900 1078 944 me
1113 886 1481 956 moverunt,
1529 879 1879 945 movissent
1912 881 2154 951 eadem.
2172 893 2237 948 te

193 972 477 1058 profecto.
573 972 721 1049 sed,
767 992 1172 1056 quocumque
1215 983 1501 1057 tempore
1534 970 1695 1037 mihi
1736 984 2017 1058 potestas
2052 996 2237 1061 prae-

193 1066 365 1132 sentis
397 1067 500 1131 tui
547 1065 779 1143 fuerit,
831 1077 902 1131 tu
945 1066 1070 1131 eris
1104 1067 1391 1132 omnium
1430 1066 1800 1132 moderator
1830 1068 2237 1133 consiliorum

193 1180 490 1237 meorum3
525 1154 652 1225 tibi
688 1160 808 1226 erit
839 1160 1066 1237 eidem,
1099 1161 1208 1225 cui
1241 1162 1415 1225 salus
1450 1182 1599 1226 mea
1629 1160 1773 1237 fixit,
1809 1160 2001 1225 etiam
2025 1160 2236 1247 digni—

191 1264 272 1317 tas
312 1276 528 1320 curae.
623 1274 728 1319 me
771 1254 1034 1337 quidem
1077 1248 1248 1321 certe
1289 1265 1547 1319 tuarum
1584 1254 1937 1331 actionum,
1978 1266 2235 1321 senten·-
2302 1312 2305 1315 ,

189 1346 429 1426 tiaram,
477 1350 919 1425 voluntatum,
963 1371 1178 1414 rerum
1211 1348 1487 1433 denique
1522 1350 1809 1413 omnium
1842 1350 2089 1415 socium
2124 1372 2234 1415 co·-

189 1441 518 1527 mitemque
557 1443 849 1518 habebis,
883 1462 1094 1527 neque
1129 1442 1289 1507 mihi
1319 1444 1389 1507 in
1424 1444 1598 1507 omni
1632 1444 1767 1509 vita
1808 1467 1911 1510 res
1942 1456 2079 1509 tam
2110 1446 2233 1511 erit

188 1534 302 1621 ulla
347 1537 717 1622 proposita,
771 1558 968 1621 quam
1013 1548 1088 1601 ut
1130 1536 1361 1601 cotidie
1402 1536 1841 1605 vehementius
1893 1550 1959 1604 te
2003 1540 2084 1605 de
2127 1562 2231 1605 me
2280 1602 2285 1605 .

189 1630 402 1713 optime
445 1632 755 1697 meritum
805 1654 948 1697 esse
999 1632 1255 1695 laetere.
1342 1630 1519 1713 quod
1560 1652 1749 1719 rogas
1760 1676 1779 1707 ,
1832 1643 1905 1696 ut
1938 1656 2082 1699 mea
2114 1634 2231 1701 tibi

190 1723 402 1809 scripta
449 1726 746 1802 mittam,
795 1746 966 1809 quae
1018 1736 1166 1810 post
1209 1722 1563 1789 discessum
1615 1735 1799 1789 tuum
1850 1727 2231 1811 scripserim,

190 1828 316 1882 sunt
347 1821 678 1885 orationes
706 1820 1044 1903 quaedam,
1082 1839 1248 1902 quas
1273 1818 1637 1889 Menocrito
1674 1818 1863 1897 dabo,
1898 1841 2109 1903 neque
2142 1822 2234 1885 ita

187 1911 436 1991 multae3
483 1936 575 1980 ne
623 1915 1052 1999 pertimescas.
1141 1912 1367 1997 scripsi
1410 1913 1603 1979 etiam
1637 1948 1727 1959 -—
1754 1935 1908 2003 nam
1952 1936 2057 1979 me
2102 1914 2232 1979 iam

189 2004 260 2066 ab
299 2007 694 2073 orationibus
747 2008 1013 2093 diiungo
1068 2008 1204 2073 fere
1255 2007 1593 2091 referoque
1639 2007 1722 2072 ad
1774 2010 2230 2075 mansuetiores

187 2095 416 2179 Musas,
449 2123 628 2186 quae
659 2124 768 2167 me
804 2100 1082 2167 maxime
1119 2099 1283 2165 sicut
1315 2098 1447 2165 iam
1480 2124 1522 2165 a
1556 2102 1762 2187 prima
1796 2102 2231 2169 adulescentia

191 2188 570 2261 delectarunt
583 2230 675 2243 --·
689 2194 914 2280 scripsi
939 2195 1134 2281 igitur
1153 2195 1525 2259 Aristotelio
1554 2217 1751 2273 more,
1772 2198 1965 2279 quem
1984 2198 2067 2263 ad
2092 2220 2231 2263 mo-

189 2282 321 2351 dum
347 2292 617 2373 quidem
644 2291 838 2367 volui,
875 2292 990 2355 tris
1023 2290 1218 2355 libros
1247 2288 1345 2375 [in
1377 2290 1807 2377 disputatione
1832 2314 1911 2357 ae
1939 2290 2227 2379 dialogo]

191 2376 282 2444 ‘de
311 2384 618 2460 orator-e,'
653 2406 816 2467 quos
849 2383 1121 2448 arbitror
1155 2384 1435 2449 Lentulo
1472 2394 1583 2449 tuo
1616 2384 1753 2450 fore
1788 2408 1919 2450 non
1952 2386 2225 2463 inutilis3

189 2471 508 2543 abhorrent
547 2478 720 2543 enim
755 2502 795 2543 a
841 2478 1286 2543 communibus
1329 2480 1686 2564 praeceptis
1722 2490 1788 2544 et
1822 2500 2078 2545 omnem
2114 2502 2227 2543 an-

191 2566 490 2651 tiquorum
541 2584 606 2641 et
639 2574 1077 2639 Aristoteliam
1123 2584 1188 2638 et
1232 2572 1607 2637 Isocratiam
1659 2572 1969 2638 rationem
2016 2582 2227 2638 orato-

188 2660 330 2729 riam
375 2668 890 2753 conplectuntur.
989 2667 1215 2777 scripsi
1269 2665 1464 2731 etiam
1516 2665 1808 2741 versibus
1860 2666 1973 2729 tris
2027 2664 2222 2731 libros

191 2753 258 2821 de
287 2762 682 2853 temporibus
716 2762 896 2837 meis,
931 2782 1092 2845 quos
1125 2762 1255 2825 iam
1287 2758 1539 2845 pridem
1574 2760 1658 2823 ad
1692 2770 1755 2823 te
1788 2757 2133 2836 misissem,
2169 2761 2224 2824 si

191 2869 308 2917 esse
341 2855 624 2921 edendos
659 2866 986 2941 putassem
1001 2888 1090 2903 -—
1115 2864 1266 2919 sunt
1301 2853 1473 2919 enim
1507 2864 1701 2919 testes
1736 2863 1802 2918 et
1838 2863 2025 2919 erunt
2058 2874 2225 2919 sem-

191 2942 394 3024 piterni
425 2949 800 3015 meritorum
841 2970 996 3034 erga
1037 2971 1140 3015 me
1177 2960 1434 3013 tuorum
1478 2968 1789 3033 meaeque
1826 2947 2081 3033 pietatis
2113 2982 2221 3024 --—,

194 3037 290 3101 sed
323 3038 536 3129 [quia]
581 3043 850 3109 verebar
891 3063 1022 3106 non
1066 3064 1206 3118 eos,
1251 3042 1363 3123 qui
1408 3064 1479 3107 se
1524 3042 1731 3107 laesos
1768 3042 2223 3107 arbitrare-ntur

194 3137 508 3201 *etenim
541 3138 608 3202 id
644 3137 770 3202 feci
801 3158 994 3223 parce
1031 3147 1098 3201 et
1129 3135 1537 3211 molliter—-‚
1574 3135 1690 3201 sed
1725 3157 1855 3211 eos,
1890 3158 2052 3219 quos
2088 3146 2223 3200 erat

195 3219 484 3295 infinitum
526 3231 692 3297 bene
737 3230 818 3295 de
852 3252 956 3295 me
993 3228 1259 3293 meritos
1287 3228 1490 3292 omnis
1524 3227 1884 3304 nominare;
1930 3248 2091 3311 quos
2126 3238 2224 3319 ta-

195 3334 320 3383 men
341 3321 515 3408 ipsos
541 3324 760 3402 libros,
789 3324 862 3390 si
873 3345 1086 3408 quem,
1118 3321 1223 3387 cui
1249 3332 1423 3386 recte
1452 3320 1863 3397 committam,
1896 3320 2220 3398 invenem,

199 3414 436 3482 curabo
450 3419 536 3484 ad
575 3431 642 3485 te
686 3418 1116 3505 perferendos.
1205 3426 1397 3499 atque
1440 3417 1630 3485 istam
1670 3414 1933 3499 quidem
1975 3426 2223 3509 partem

197 3502 341 3573 vitae
373 3512 976 3597 consuetudinisque
1001 3522 1256 3579 nostrae
1289 3521 1491 3575 totam
1518 3510 1601 3575 ad
1634 3520 1699 3577 te
1736 3510 1982 3577 defero:
2020 3531 2223 3595 quan-

200 3604 316 3666 tum
352 3604 604 3685 litteris,
659 3617 970 3692 quantum
1001 3606 1260 3682 studiis,
1313 3605 1635 3671 veteribus
1679 3606 1909 3672 nostris
1946 3603 2223 3671 delecta-

199 3688 464 3778 tionibus,
495 3702 806 3785 consequi
831 3700 1202 3787 poterimus,
1235 3698 1305 3763 id
1331 3720 1518 3765 omne
1548 3698 1632 3765 ad
1658 3698 1991 3764 arbitrium
2016 3709 2218 3773 tuum,

2266 1654 2319 1693 23

202 3787 294 3865 (1ῦὶ
321 3789 474 3861 haec
504 3818 762 3904 semper
795 3794 1054 3871 amasti,
1089 3792 1507 3859 libentissime
1543 3792 1963 3858 conferemus.
2054 3807 2219 3871 quae
2254 3804 2307 3845 24

204 3876 270 3941 ad
313 3905 410 3953 me
457 3889 538 3955 de
589 3889 716 3954 tuis
768 3888 962 3954 rebus
1025 3887 1388 3953 domesticis
1443 3886 1665 3952 scribis
1720 3903 2011 3968 quaeque
2064 3880 2221 3945 mihi

206 3983 594 4061 commendas,
633 4006 709 4054 ea
746 3994 960 4050 tantae
995 3982 1153 4047 mihi
1189 4003 1382 4047 curae
1418 3990 1595 4058 sunt,
1630 3990 1703 4045 ut
1734 4001 1839 4057 me
1876 3976 2073 4045 nolim
2108 3976 2223 4041 ad-
