2675 4559
700 279 1257 342 EPISTOLARUM
1289 285 1453 344 XVI.
1492 289 1680 344 7-10.
2089 281 2222 348 403

159 406 521 484 lenissimo,
576 406 755 473 caelo
790 426 1049 485 seren0,‘
1088 419 1277 474 nocte
1310 409 1422 474 illa
1457 420 1521 476 et
1555 410 1658 478 die
1694 425 1951 499 postero
1985 415 2053 482 in
2088 416 2222 484 Ita-

156 504 317 568 liam
369 501 453 567 ad
504 501 919 586 Hydruntem
969 501 1309 567 ludibundi
1360 505 1799 590 pervenimus,
1866 510 2219 598 eodemque

158 608 357 664 vento
390 594 694 683 postridie
730 631 817 642 ——
849 595 918 661 id
953 607 1086 660 erat
1124 620 1182 661 a.
1221 596 1283 660 d.
1320 620 1428 663 vn.
1463 599 1555 662 K.
1592 599 1756 666 Deo.
1793 639 1882 650 —-
1914 603 2072 670 hora
2105 630 2217 671 ΗΠ.

154 691 582 756 Brundisium
606 690 919 767 venimus,
957 690 1312 774 eodemque
1348 702 1633 778 tempore
1661 694 1850 760 simul
1884 699 2219 766 nobiseum

151 786 225 851 in
264 786 576 873 oppidum
610 784 849 849 introiit
882 783 1205 864 Terentia,
1243 807 1412 870 quae
1446 797 1511 852 te
1545 787 1701 854 facit
1733 790 2011 875 plurimi.
2068 817 2124 859 a.
2155 795 2217 859 d.

154 905 217 947 v.
238 882 331 946 K.
351 880 517 947 Deo.
553 901 776 945 servus
796 875 918 944 Cn.
938 877 1189 952 Planoii
1216 879 1547 946 Brundisii
1580 883 1840 950 tandem
1875 887 2218 970 aliquando

150 975 316 1040 mihi
352 999 392 1040 a
426 987 489 1040 te
533 973 1111 1060 exspectatissimas
1141 973 1387 1040 litteras
1421 974 1726 1054 reddidit,
1774 978 1954 1044 datas
1989 981 2215 1048 Idibus

152 1071 221 1136 N
220 1091 357 1147 ov.,
393 1090 560 1153 quae
602 1090 708 1133 me
750 1067 1044 1134 molestia
1086 1068 1274 1134 valde
1307 1068 1630 1150 levarunt,
1676 1072 1921 1140 utinam
1956 1077 2214 1142 omnino

148 1161 563 1231 liberassent!
610 1162 725 1228 sed
758 1173 975 1233 tamen
1006 1162 1294 1249 Aselapo
1328 1164 1616 1231 medicus
1660 1167 1851 1252 plane
1886 1168 2219 1242 confirmat

149 1256 531 1346 propediem
576 1267 639 1322 te
683 1257 1005 1322 valentem
1048 1255 1206 1322 fore.
1292 1280 1466 1323 nuno
1510 1259 1668 1343 quid
1713 1282 1835 1348 ego
1871 1273 1934 1328 te
1979 1262 2214 1340 horter,

148 1365 229 1418 ut
293 1373 551 1417 omnem
614 1349 1012 1436 diligentiam
1072 1350 1380 1417 adhibeas
1445 1353 1529 1417 ad
1600 1355 2214 1422 convalescendum?

146 1459 337 1513 tuam
370 1445 795 1533 prudentiam,
833 1445 1318 1530 temperantiam
1331 1493 1350 1520 ,
1387 1469 1670 1514 amorem
1707 1471 1862 1535 erga
1895 1473 1999 1516 me
2034 1453 2184 1516 novi
2196 1477 2214 1529 ;

150 1542 291 1608 scio
327 1551 391 1607 te
425 1539 641 1605 omnia
674 1539 1023 1616 facturum,
1068 1551 1140 1605 ut
1174 1539 1523 1606 nobiseum*
1547 1563 1744 1626 quam
1778 1545 2057 1630 primum
2097 1545 2182 1611 sis
2194 1571 2213 1623 3

146 1635 272 1702 sed
306 1645 525 1700 tamen
555 1633 648 1699 ita
681 1631 905 1710 velim,
941 1644 1015 1698 ut
1047 1637 1129 1699 ne
1163 1631 1321 1718 quid
1356 1656 1680 1720 properes.
1769 1637 2215 1723 symphoniam

148 1729 439 1816 Lysonis
475 1728 707 1794 vellem
749 1727 1047 1805 vitasses,
1102 1749 1185 1794 ne
1227 1728 1296 1793 in
1339 1739 1636 1813 quartam
1677 1729 2083 1796 hebdomada
2115 1732 2214 1797 in-

146 1824 431 1901 cideres3
466 1822 612 1898 sed,
648 1821 953 1906 quoniam
984 1821 1219 1908 pudori
1253 1833 1365 1887 tuo
1400 1822 1680 1889 maluisti
1715 1825 1984 1909 obsequi
2019 1848 2214 1911 quam

147 1917 537 1994 valetudini,
590 1917 840 2000 reliqua
884 1938 1064 2006 cura.
1150 1913 1352 1982 Curio
1386 1916 1560 1992 misi,
1611 1929 1685 1983 ut
1728 1918 1978 1986 medico
2013 1920 2214 1987 honos

146 2013 499 2078 haberetur
525 2022 591 2077 et
624 2010 740 2075 tibi
767 2010 945 2076 daret
973 2010 1149 2094 quod
1174 2031 1339 2096 opus
1369 2023 1564 2089 esset;
1601 2034 1728 2090 me,
1765 2013 1871 2078 oui
1904 2013 2215 2093 iussisset,

146 2119 548 2176 curaturum.
617 2127 855 2190 equum
890 2116 956 2170 et
986 2105 1235 2170 mulum
1270 2105 1600 2170 Brundisii
1633 2106 1752 2172 tibi
1785 2106 2032 2192 reliqui.
2085 2109 2218 2176 Ro-

146 2225 299 2269 mae
334 2225 559 2269 vereor
590 2223 673 2266 ne
709 2224 788 2267 ex
823 2201 913 2265 K.
933 2199 1073 2265 Ian.
1104 2200 1324 2287 magni
1360 2202 1672 2266 tumultus
1708 2201 1855 2268 sint.
1909 2225 2026 2269 nos
2063 2209 2216 2290 age-

146 2321 299 2362 mus
336 2295 551 2362 omnia
584 2294 853 2360 modice.
941 2294 1263 2378 reliquum
1298 2305 1418 2372 est,
1450 2305 1525 2360 ut
1558 2305 1622 2360 te
1657 2295 1780 2362 hoo
1814 2318 2038 2383 rogem
2073 2309 2140 2364 et
2175 2322 2214 2362 a

146 2403 211 2457 te
259 2401 505 2478 petam,
550 2412 632 2455 ne
677 2401 915 2454 temere
958 2387 1227 2474 naviges
1259 2423 1349 2434 —
1382 2389 1588 2456 solent
1632 2401 1870 2456 nautae
1903 2390 2213 2459 festinare

150 2496 463 2571 quaestus
502 2483 603 2548 sui
637 2506 832 2548 causa
864 2517 981 2559 —,
1018 2494 1244 2548 cautus
1281 2483 1395 2560 sis,
1431 2482 1522 2548 mi
1554 2483 1712 2550 Tiro
1746 2522 1833 2532 --
1867 2507 2044 2550 mare
2079 2509 2215 2550 ma-

141 2602 355 2667 gnum
389 2590 453 2646 et
490 2578 749 2644 difficile
784 2576 902 2643 tibi
936 2588 1135 2644 restat
1166 2613 1283 2656 —,
1319 2577 1378 2643 si
1410 2579 1671 2664 poteris,
1707 2601 1856 2645 oum
1891 2578 2210 2645 Mescinio

142 2711 235 2722 --
270 2684 459 2739 caute
510 2672 565 2736 is
618 2673 780 2738 solet
830 2671 1136 2757 navigare
1181 2707 1297 2748 --,
1335 2673 1390 2736 si
1441 2671 1686 2748 minus,
1738 2693 1888 2736 oum
1941 2671 2210 2737 honest-o

142 2769 367 2852 aliquo
402 2766 689 2844 homine,
734 2765 915 2852 ouius
960 2763 1334 2830 auctoritate
1379 2764 1810 2829 navicularius
1855 2775 2208 2830 moveatur.

138 2864 209 2928 in
248 2862 375 2926 hoo
410 2883 664 2927 omnem
712 2860 1109 2947 diligentiam
1145 2860 1200 2924 si
1236 2859 1603 2925 adhibueris
1651 2870 1842 2944 teque
1883 2858 2070 2926 nobis
2113 2859 2214 2924 in-

138 2957 468 3023 columem
502 2954 759 3032 stiteris,
794 2954 1009 3020 omnia
1043 2977 1083 3019 a
1117 2964 1181 3020 te
1215 2954 1490 3022 habebo.
1547 2953 1742 3020 etiam
1776 2965 1970 3038 atque
1997 2954 2210 3032 etiam,

138 3062 363 3117 noster
398 3049 587 3128 Tiro,
632 3050 797 3115 vale.
867 3048 1148 3126 medico,
1196 3046 1427 3126 Curio,
1473 3047 1720 3134 Lysoni
1766 3048 1845 3115 de
1889 3059 1954 3114 te
1989 3048 2212 3134 scripsi

140 3144 657 3232 diligentissime.
711 3144 874 3221 vale,
911 3143 1109 3209 salve.

1145 3295 1218 3348 X.

754 3395 872 3452 Ser.
894 3398 953 3451 in
971 3397 1222 3453 Cumano
1244 3412 1391 3451 anno
1411 3397 1641 3451 incerto.

752 3498 1093 3556 TULLIUS
1131 3497 1408 3554 TIRONI
1445 3496 1607 3553 SAL.

273 3614 423 3700 Ego
477 3634 630 3679 vero
682 3612 873 3698 oupio
919 3624 981 3678 te
1028 3613 1111 3680 ad
1162 3635 1265 3677 me
1309 3610 1557 3689 venire,
1611 3612 1726 3677 sed
1773 3611 1942 3676 viam
1987 3611 2208 3675 time0=

136 3709 525 3798 gravissime
560 3706 925 3793 aegrotasti,
961 3707 1175 3772 inedia
1206 3717 1271 3772 et
1303 3705 1794 3793 purgationibus
1819 3715 1885 3770 et
1910 3704 1976 3770 vi
2010 3703 2210 3790 ipsius

134 3802 353 3866 morbi
391 3811 809 3887 consumptus
856 3824 954 3879 es3
1001 3823 1231 3886 graves
1280 3801 1487 3866 solent
1522 3798 1908 3867 offensiones
1953 3821 2093 3864 esse
2129 3821 2212 3863 ex

133 3897 458 3982 gravibus
502 3895 771 3972 morbis,
828 3894 885 3960 si
929 3915 1095 3980 quae
1142 3896 1332 3982 eulpa
1377 3894 1718 3960 commissa
1762 3905 1876 3960 est.
1963 3893 2094 3958 iam
2130 3892 2213 3956 ad

132 3990 207 4054 id
243 3990 547 4066 biduum,
584 3990 759 4074 quod
794 3989 991 4055 fueris
1025 3989 1093 4054 in
1128 3990 1262 4066 via,
1308 3990 1464 4055 dum
1498 3989 1565 4054 in
1603 3987 1973 4055 Cumanum
2009 3988 2210 4065 venis,
2239 4053 2242 4055 Α

132 4085 455 4151 accedent
491 4086 789 4150 continuo
828 4083 911 4150 ad
945 4085 1222 4152 reditum
1260 4084 1398 4150 dies
1435 4085 1737 4171 quinque.
1793 4107 1915 4172 ego
1950 4084 2020 4150 in
2053 4083 2214 4148 For-

1746 4187 1852 4240 26·
