2675 4559
394 203 528 271 438
1019 218 1096 273 M.
1135 215 1410 275 TULLII
1444 213 1843 273 CICERONIS

403 364 597 427 quam
623 365 745 420 ne,
791 365 940 409 cum
974 342 1349 427 intellegant
1386 340 1708 417 homines,
1754 349 2066 423 quantum
2103 337 2448 405 misericor-

401 438 544 503 diae
584 438 774 503 nobis
819 448 972 503 tuae
1015 458 1239 523 preces
1285 447 1351 504 et
1394 446 1507 499 tua
1552 435 1743 499 salus-
1762 434 2055 499 adlatura
2096 432 2209 511 sit,
2236 432 2451 521 ¹oppu-

337 552 362 591 9
397 542 597 617 guent
650 542 714 597 te
778 531 1235 611 vehementius.
1342 529 1697 594 Messalam
1748 527 1843 594 tui
1904 527 2285 602 studiosum,
2320 548 2453 593 esse

397 625 696 703 arbitron
741 625 1128 713 Pompeium
1173 624 1369 690 etiam
1404 624 1837 689 simulatorem
1879 632 2057 709 put0.
2149 620 2267 687 sed
2301 622 2456 687 haec

395 719 641 785 utinam
675 744 751 785 ne
788 718 1146 806 experiare!
1188 719 1367 803 quod
1400 739 1697 803 precarer
1730 717 1905 794 deos,
1940 717 2065 782 nisi
2098 740 2281 783 meas
2317 739 2459 801 pre-

395 835 502 879 ces
539 812 760 880 audire
789 814 1120 880 desissent.
1173 836 1399 879 verum
1426 823 1641 878 tamen
1676 832 1921 898 precor,
1956 822 2030 877 ut
2054 810 2159 875 his
2192 810 2461 877 infinitis

386 906 628 974 nostris
664 910 850 973 malis
885 908 1166 975 contenti
1201 908 1378 983 sint3'
1404 906 1473 973 in
1508 906 1743 990 quibus
1780 904 1943 993 [non
1976 902 2205 991 modo]
2244 915 2461 971 tamen

393 1000 632 1067 nullius
665 1002 834 1067 inest
867 1002 1115 1089 peccati
1149 1000 1445 1077 infamia,
1498 1001 1613 1066 sed
1648 1001 1854 1065 omnis
1890 999 2073 1066 dolor
2107 1009 2239 1077 est,
2286 998 2465 1083 quod

319 1116 370 1157 10
395 1096 634 1183 optime
670 1095 859 1161 factis
892 1118 1102 1181 poena
1135 1095 1419 1161 maxima
1454 1106 1552 1161 est
1586 1095 1951 1161 constituta.
2006 1093 2209 1159 filiam
2246 1116 2464 1160 meam

393 1200 460 1255 et
491 1205 670 1254 tuam
707 1187 1212 1273 Ciceronemque
1247 1201 1539 1255 nostrum
1573 1190 1729 1274 quid
1762 1210 1909 1275 ego,
1944 1188 2037 1253 mi
2069 1188 2307 1263 frater,
2346 1186 2463 1251 tibi

393 1284 874 1351 commendem?
907 1285 1064 1367 quin
1099 1284 1259 1349 illud
1291 1306 1570 1361 maeret),
1607 1283 1782 1368 quod
1816 1284 1934 1351 tibi
1968 1304 2099 1348 non
2134 1281 2463 1349 minorem

393 1377 678 1443 dolorem
719 1378 974 1443 illorum
1013 1378 1262 1443 orbitas
1309 1378 1559 1444 adferet
1592 1400 1790 1463 quam
1836 1378 2010 1443 mihi.
2100 1376 2221 1443 sed
2264 1388 2333 1442 te
2368 1376 2467 1439 in-

393 1471 629 1535 columi
673 1472 814 1536 orbi
857 1494 990 1538 non
1033 1484 1237 1539 erunt.
1342 1473 1617 1557 reliqua,
1668 1473 1761 1537 ita
1805 1472 1964 1537 mihi
2014 1472 2189 1536 salus
2246 1470 2467 1555 aliqua

393 1564 581 1631 detur
614 1576 1024 1652 potestasque
1051 1567 1121 1631 in
1154 1566 1365 1653 patria
1391 1566 1724 1644 moriendi,
1758 1577 1832 1631 ut
1858 1588 1961 1631 me
1995 1564 2308 1632 lacrimae
2334 1585 2469 1630 non

392 1660 610 1727 sinunt
655 1660 962 1727 scribere!
1019 1662 1212 1727 etiam
1247 1661 1616 1727 Terentiam
1662 1658 1855 1727 velim
1898 1672 2121 1726 tueare
2168 1659 2468 1745 mihique

393 1754 472 1820 de
507 1755 802 1821 omnibus
839 1756 1032 1822 rebus
1067 1756 1383 1821 rescribas
1395 1780 1413 1832 3
1464 1756 1549 1823 sis
1584 1756 1765 1821 fortis
1777 1803 1796 1833 ,
1848 1754 2063 1840 quoad
2096 1756 2195 1821 rei
2231 1766 2468 1821 natura

390 1849 690 1934 patiatur.
779 1848 1006 1915 Idibus
1039 1851 1265 1927 Iuniis,
1301 1850 1816 1917 Thessalonicae.
2282 1846 2287 1849 ’

1376 2094 1476 2151 IV.

733 2194 849 2251 Ser.
872 2196 1309 2253 Thessalonicae
1330 2215 1521 2253 mense
1544 2198 1807 2255 Sextilia.
1829 2214 1884 2251 ιι.
1906 2213 1954 2251 c.
1980 2172 2100 2258 696.

681 2296 996 2352 MARCUS
1051 2298 1351 2361 QUINTO
1405 2300 1704 2355 FRATRI
1758 2298 2148 2355 SALUTEM.
2174 2350 2181 2355 .

327 2430 350 2467 1
511 2407 772 2473 Amabo
817 2420 915 2487 te,
969 2412 1060 2475 mi
1093 2412 1324 2489 frater,
1378 2435 1493 2488 ne,
1548 2415 1603 2477 si
1647 2436 1778 2478 uno
1812 2435 1958 2479 meo
1992 2412 2133 2479 fato
2169 2424 2237 2478 et
2285 2423 2361 2478 tu
2396 2424 2463 2479 et-

384 2524 606 2569 omnes
648 2503 778 2567 mei
821 2504 1190 2582 conruistis,
1246 2505 1619 2592 inprobitati
1669 2520 1737 2572 >et
1780 2506 2004 2573 sceleri
2046 2528 2195 2573 meo
2240 2508 2459 2592 potius

385 2619 579 2682 quam
643 2598 1090 2683 inprudentiae
1150 2600 1579 2685 miseriaeque
1640 2601 1968 2687 adsignes:
2040 2601 2294 2667 nullum
2359 2610 2459 2666 est

383 2714 602 2759 meum
645 2703 1016 2778 peccatum„
1069 2694 1194 2761 nisi
1237 2696 1415 2779 quod
1456 2696 1537 2759 iis
1582 2695 1855 2773 credidi,
1900 2718 1940 2761 a
1983 2696 2221 2779 quibus
2268 2694 2457 2761 nefas

380 2795 678 2868 putaram
706 2808 848 2852 esse
883 2810 988 2853 me
1017 2788 1245 2875 decipi,
1283 2800 1397 2855 aut
1425 2790 1638 2867 etiam,
1674 2788 1911 2873 quibus
1940 2812 2025 2854 ne
2050 2790 2119 2854 id
2147 2790 2457 2875 expedire

379 2876 642 2958 quidem
687 2880 1064 2949 arbitrabar.
1153 2884 1445 2961 intimus,
1499 2884 1860 2969 proximus,
1914 2883 2455 2949 familiarissimus

379 2970 653 3056 quisque
689 2984 804 3038 aut
839 2974 962 3040 sibi
997 2978 1324 3061 pertimuit
1350 2989 1464 3043 aut
1489 2978 1649 3043 mihi
1678 2978 1913 3044 invidit
1920 3004 1938 3056 3
1976 2980 2068 3044 ita
2101 2979 2262 3043 mihi
2290 2979 2456 3045 nihil

377 3067 610 3132 misero
654 3079 910 3153 praeter
951 3070 1145 3137 fidem
1189 3073 1542 3137 amicorum
1585 3076 1619 3155 †
1664 3083 1929 3157 cautum
1973 3096 2192 3139 meum
2236 3074 2455 3139 consi-

317 3178 343 3217 2
375 3160 536 3227 lium
569 3160 712 3227 fuit.
763 3165 940 3247 quod
975 3165 1030 3229 si
1065 3177 1130 3231 te
1166 3165 1320 3232 satis
1356 3167 1720 3233 innocentia
1752 3178 1868 3233 tua
1903 3179 1969 3234 et
2002 3168 2453 3235 misericordia

375 3254 708 3321 hominum
733 3256 1036 3323 vindi-cat
1057 3259 1179 3325 hoc
1213 3271 1503 3346 tempore
1529 3260 1587 3325 a'
1598 3260 1912 3339 molestia,
1948 3260 2261 3347 perspicis
2299 3284 2453 3349 pro-

375 3346 566 3426 fecto,
605 3370 998 3433 ecquaenam
1029 3353 1218 3419 nobis
1253 3376 1401 3439 spes
1430 3354 1653 3419 salutis
1681 3356 2103 3440 relinquatur.
2159 3378 2317 3421 nam
2341 3380 2453 3421 me

373 3440 772 3528 Pomponius
807 3456 872 3511 et
889 3444 1142 3513 Sestius
1169 3458 1234 3513 et
1257 3448 1417 3513 Piso
1448 3458 1663 3514 noster
1696 3448 1912 3515 adhuc
1941 3448 2452 3517 Thessalonicae

372 3534 801 3613 retinuerunt,
849 3561 998 3604 cum
1042 3540 1297 3627 longius
1344 3541 1670 3609 discedere
1716 3554 1979 3629 propter
2022 3543 2244 3609 nescio
2282 3566 2453 3628 quos

371 3639 584 3693 motus
618 3640 927 3697 vetarent.
982 3656 1210 3699 verum
1245 3657 1371 3721 ego
1396 3635 1605 3721 magis
1640 3636 1887 3702 exitum
1920 3638 2181 3703 illorum
2214 3638 2455 3705 litteris

371 3740 566 3825 quam
599 3744 716 3807 spe
752 3736 926 3791 certa
961 3730 1445 3813 exspectabam:
1490 3750 1643 3794 nam
1678 3730 1839 3815 quid
1882 3754 2169 3818 sperem,
2215 3746 2459 3820 poten-

369 3811 614 3917 ussimo
655 3815 915 3885 inimico
930 3866 949 3895 ,
1005 3819 1441 3889 dominatione
1485 3824 2021 3904 obtrectatorum,
2072 3826 2453 3893 infidelibus

307 3914 333 3954 ⁸
369 3904 618 4003 fumeis,
653 3907 947 3989 plurimis
981 3912 1258 3979 invidis?
1301 3916 1383 3981 de
1418 3917 1605 3983 novis
1650 3930 1871 3985 autem
1904 3918 2183 3985 tribunis
2220 3921 2310 4006 pl.
2350 3934 2453 3987 est

367 3988 472 4052 ¹11⁶
499 3996 758 4071 quidem
783 4002 852 4069 in
877 4027 982 4070 me
1013 4008 1519 4077 officiosissimus
1540 4011 1793 4080 Sestius
1820 4024 1905 4093 et,
1936 4037 2146 4101 spero,
2176 4014 2449 4095 Curius,
