2675 4559
541 230 1099 292 EPISTOLARUM
1131 235 1244 291 AD
1279 234 1349 301 Q.
1386 236 1761 295 FRATREM
1794 241 1841 295 1.
1879 242 1929 297 1.
2138 230 2268 299 417
2332 193 2335 194 f

205 354 542 422 sustinere.
596 354 899 442 intellego
925 378 1351 445 permagnum
1382 382 1522 428 esse
1548 362 1880 449 negotium
1909 374 1975 431 et
2006 368 2271 435 maximi

205 449 478 527 consilii,
517 450 630 515 sed
662 462 984 516 memento
1020 453 1268 518 consilii
1301 476 1407 521 me
1440 454 1563 521 hoc
1594 479 1733 523 esse
1766 460 2098 547 negotium
2129 486 2271 532 ma-

202 544 306 631 gis
343 543 672 629 aliquanto
715 565 911 629 quam
953 545 1252 613 fortunae
1294 560 1523 634 putare
1532 574 1552 627 3
1600 550 1757 635 quid
1800 564 1901 621 est
1942 556 2113 623 enim
2154 581 2271 623 ne-

201 638 366 725 gotii
399 639 725 705 continere
761 661 902 718 eos,
949 641 1182 725 quibus
1218 645 1492 729 praesis,
1540 644 1595 709 si
1628 656 1693 711 te
1727 647 1867 733 ipse
1903 651 2269 737 contineas?

200 733 270 799 id
313 742 534 799 autem
579 733 659 797 sit
701 755 1010 820 magnum
1056 747 1122 802 et
1156 736 1417 803 difficile
1463 738 1717 817 ceteris,
1766 740 1929 807 sicut
1969 755 2065 809 est
2098 744 2269 811 diffi-
2374 793 2377 795 v

203 827 542 893 cillimumt
577 825 694 891 tibi
729 838 794 893 et
825 827 952 894 fuit
984 829 1108 895 hoc
1142 852 1397 919 semper
1430 831 1807 899 facillimum
1840 846 1908 901 et
1941 858 2097 905 vero
2124 862 2267 906 esse

205 921 460 999 debuit3
495 920 680 987 cuius
713 932 948 988 natura
980 923 1126 989 talis
1163 936 1287 1003 est,
1334 936 1409 991 ut
1443 926 1637 993 etiam
1672 928 1813 994 sine
1849 929 2136 997 doctrina
2171 933 2268 999 vi-

201 1015 434 1081 deatur
457 1016 788 1082 moderata
813 1038 953 1083 esse
978 1019 1284 1103 potuisse,
1313 1042 1393 1085 ea
1426 1029 1640 1089 autem
1666 1021 1953 1089 adhibita
1980 1024 2269 1093 doctrina

202 1120 329 1187 est,
375 1130 546 1195 quae
580 1111 685 1177 vel
720 1109 1194 1177 vitiosissimam
1228 1124 1525 1179 naturam
1562 1116 1851 1183 excolere
1887 1120 2106 1203 possit.
2194 1132 2266 1187 tu

203 1224 354 1271 cum
388 1203 732 1291 pecuniae,
770 1227 918 1271 cum
953 1206 1296 1293 voluptati,
1333 1229 1484 1273 cum
1518 1210 1805 1277 omnium
1836 1234 2053 1279 rerum
2090 1216 2267 1301 cupi·

201 1297 388 1364 ditati
419 1297 707 1376 resistes,
743 1311 814 1365 ut
850 1298 1031 1379 facis,
1069 1302 1218 1379 erit,
1257 1301 1447 1369 credo
1462 1350 1481 1381 ,
1516 1304 1900 1389 periculum,
1936 1330 2017 1373 ne
2051 1308 2267 1395 inpro-

200 1392 362 1459 bum
393 1392 880 1479 negotiatorem,
916 1396 1112 1479 paulo
1139 1396 1535 1482 cupidiorem
1570 1399 1987 1484 publicanum
2016 1402 2267 1490 conpri-

201 1510 379 1553 mere
413 1509 544 1553 non
577 1488 1004 1573 possis1·nam
1035 1486 1272 1557 Graeci
1307 1490 1567 1575 quidem
1602 1493 1695 1559 sic
1729 1504 1796 1560 te
1826 1493 1919 1559 ita
1944 1496 2266 1565 viventem

199 1581 643 1659 intuebuntur,
678 1592 752 1647 ut
777 1583 1101 1667 quendam
1128 1607 1210 1651 ex
1235 1586 1563 1654 annalium
1591 1588 1900 1654 memoria
1926 1601 2038 1655 aut
2072 1591 2265 1657 etiam

201 1674 284 1741 de
322 1676 502 1741 caelo
537 1675 826 1742 divinum
861 1676 1188 1744 hominem
1223 1700 1363 1745 esse
1396 1679 1465 1743 in
1499 1681 1895 1765 provinciam
1930 1682 2265 1770 delapsum

197 1779 449 1855 putent.
537 1779 732 1853 atque
767 1770 928 1837 haec
960 1794 1135 1837 nunc
1167 1793 1300 1837 non
1333 1784 1409 1837 ut
1442 1772 1675 1851 facias,
1720 1774 1836 1839 sed
1870 1784 1943 1841 ut
1978 1786 2041 1843 te
2076 1790 2133 1843 et
2164 1777 2264 1843 fa-
2292 1793 2319 1833 8

199 1885 348 1929 cere
401 1874 466 1929 et
518 1863 749 1929 fecisse
802 1865 1089 1951 gaudeas
1102 1912 1122 1942 ,
1185 1866 1398 1931 scribo
1409 1891 1427 1943 ;
1490 1868 1891 1952 praeclarum
1943 1882 2049 1937 est.
2094 1871 2264 1937 enim

199 1979 452 2023 summo
507 1979 654 2023 cum
705 1957 974 2045 imperio
1007 1958 1228 2025 ·fuisse
1277 1960 1349 2024 in
1400 1960 1566 2047 Asia
1594 1958 1963 2027 'triennium
2014 1964 2136 2043 sic,
2190 1977 2265 2031 ut

199 2053 454 2119 nullum
471 2058 544 2127 [te
571 2052 848 2139 signum,
883 2054 1062 2119 nulla
1086 2053 1356 2139 pictura,
1392 2054 1641 2119 nullum
1670 2077 1805 2133 vas,
1839 2056 2020 2122 nulla
2044 2060 2263 2137 vestis,

195 2146 448 2211 nullum
493 2146 910 2231 mancipium,
967 2148 1144 2215 nulla
1187 2147 1397 2214 forma
1432 2148 1807 2233 cuiusquam
1820 2196 1839 2227 ‚
1892 2150 2069 2219 nulla
2112 2175 2264 2219 con-

197 2240 369 2305 dicio
403 2241 742 2325 pecuniae,
791 2242 1025 2327 quibus
1061 2242 1256 2309 rebus
1291 2243 1581 2309 abundat
1614 2244 1738 2311 ista
1771 2245 2130 2331 provincia,
2178 2249 2261 2314 ab

197 2357 454 2401 summa
484 2336 848 2421 integritate
883 2337 1404 2422 continentiaque
1436 2338 1790 2405 deduxerit.
1860 2342 2017 2425 quid
2046 2353 2262 2409 autem
2293 2358 2321 2398 ⁹

193 2427 463 2515 reperiri
498 2438 631 2493 tam
667 2428 972 2497 eximium
1007 2442 1120 2497 aut
1153 2443 1288 2499 tam
1323 2433 1755 2518 expetendum
1790 2444 2029 2520 potest,
2064 2457 2261 2520 quam

191 2524 390 2589 istam
425 2521 756 2601 virtutem,
793 2525 1296 2591 moderationem
1333 2527 1560 2604 animi,
1606 2528 2093 2613 temperantiam
2128 2553 2259 2595 non

192 2618 398 2683 latere
430 2616 500 2682 in
533 2617 812 2683 tenebris
847 2640 1056 2703 neque
1093 2642 1234 2685 esse
1271 2620 1577 2698 abditam,
1614 2621 1729 2687 sed
1761 2621 1831 2686 in
1865 2622 2011 2686 luce
2035 2622 2257 2699 Asiae,

190 2711 264 2777 in
291 2710 493 2777 oculis
522 2710 932 2777 clarissumae
958 2713 1326 2797 provinciae
1354 2724 1547 2797 atque
1574 2714 1643 2778 in
1670 2713 1934 2779 auribus
1971 2715 2259 2780 omnium

189 2804 488 2892 gentium
532 2827 608 2871 ac
650 2806 981 2871 nationum
1027 2828 1168 2873 esse
1213 2806 1530 2893 positam?
1579 2828 1713 2871 non
1753 2805 2087 2875 itineribus
2130 2808 2258 2875 tuis

190 2900 534 2986 perterreri
569 2899 859 2965 homines
870 2946 891 2978 ,
942 2921 1072 2967 non
1107 2912 1371 2987 sumptu
1406 2899 1755 2977 exhauriri,
1810 2920 1942 2967 non
1976 2900 2258 2969 adventu

194 2994 622 3065 commoveri?
665 3016 836 3072 esse,
869 3014 1282 3078 quocumque
1320 2994 1571 3061 veneris
1584 3042 1604 3072 ,
1637 3004 1703 3059 et
1736 2994 1993 3080 publice
2028 3007 2093 3063 et
2126 2999 2259 3084 pri-

191 3087 398 3155 vatim
457 3088 804 3153 maximam
865 3088 1206 3167 laetitiam,
1276 3110 1426 3155 cum
1488 3088 1645 3154 urbs
1699 3089 2057 3167 custodem,
2126 3112 2260 3157 non

191 3193 570 3267 tyrannum,
623 3180 852 3248 domus
904 3181 1251 3268 hospitem,
1304 3203 1437 3247 non
1483 3182 1899 3269 expilatorem
1940 3183 2259 3269 recepisse

194 3275 532 3341 videatur?

330 3368 451 3433 His
486 3379 702 3435 autem
736 3369 802 3435 in
840 3370 1034 3436 rebus
1077 3370 1212 3437 iam
1245 3381 1309 3437 te
1354 3392 1512 3435 usus
1546 3370 1687 3457 ipse
1721 3368 2010 3460 profecto
2047 3371 2257 3437 erudi-.
2284 3364 2337 3474 ᾗ)

189 3464 289 3531 vit
322 3485 732 3550 nequaquam
777 3466 931 3531 satis
975 3488 1116 3533 esse
1159 3466 1374 3553 ipsum
1407 3465 1525 3531 has
1574 3476 1637 3533 te
1682 3465 1921 3532 habere
1966 3465 2257 3545 virtutes,

191 3559 312 3625 sed
345 3580 488 3625 esse
523 3560 1162 3647 circumspiciendum
1197 3560 1565 3647 diligenter,
1601 3570 1675 3625 ut
1708 3560 1778 3625 in
1813 3560 1937 3627 hac
1971 3560 2263 3627 custodia

189 3653 564 3741 provinciae
597 3676 729 3719 non
762 3665 828 3721 te
861 3676 1063 3720 unum
1074 3702 1094 3733 ,
1127 3655 1246 3721 sed
1281 3655 1489 3721 omnis
1524 3653 1847 3722 ministros
1882 3654 2133 3740 imperii
2166 3654 2262 3719 tui

190 3748 384 3815 sociis
421 3759 486 3814 et
520 3749 766 3815 civibus
796 3760 860 3815 et
885 3749 980 3817 rei
1013 3750 1312 3837 publicae
1348 3760 1671 3837 praestare
1703 3749 1978 3815 videare.
2034 3770 2263 3833 quam·-

190 3865 394 3928 quam
444 3843 694 3929 legatos
735 3842 937 3911 habes
992 3866 1131 3924 eos,
1186 3844 1300 3929 qui
1352 3844 1477 3930 ipsi
1524 3864 1641 3931 per
1684 3866 1755 3910 se
1809 3842 2089 3910 habituri
2134 3841 2263 3907 sint

189 3936 506 4003 rationem
555 3937 883 4024 dignitatis
927 3962 1111 4016 suae,
1166 3939 1248 4005 de
1282 3938 1521 4023 quibus
1565 3938 1807 4005 honore
1842 3948 1909 4005 et
1950 3935 2262 4024 dignitate

191 4042 260 4098 et
296 4042 506 4099 aetate
541 4044 824 4119 praestat
853 4034 1135 4115 Tubero,
1172 4054 1367 4120 quem
1402 4056 1527 4121 ego
1562 4030 2263 4188 arbitror-&praesertim

303 4132 522 4179 ciceronis
540 4133 622 4179 vol.
641 4132 712 4179 tx.
