2675 4559
724 241 852 297 EPI
860 241 948 297 ST
956 241 1284 301 OLARUM
1320 245 1397 297 Π,
1441 245 1517 297 ΙΕ.
1541 245 1625 297 Π.
2129 233 2213 297 41

147 371 269 434 filio
303 389 485 443 me0,
542 388 735 451 quem
769 365 886 430 tibi
921 388 1142 432 carum
1179 388 1318 431 esse
1354 366 1639 451 gaudeo,
1688 367 1743 431 si
1778 367 1898 431 erit
1941 368 2073 432 ulla
2104 374 2209 433 ‘res
2246 388 2273 429 5

147 463 422 550 publica,
460 461 616 526 satis
655 461 940 545 amplum
973 459 1430 545 patrimonium
1455 461 1812 545 relinquam
1841 462 2217 527 memoriam

146 556 416 622 nominis
454 555 613 632 mei3
659 554 760 619 sin
803 565 1022 619 autem
1053 554 1231 618 nulla
1266 554 1415 632 erit,
1459 555 1617 621 nihil
1652 555 1900 621 accidet
1936 555 1995 621 ei
2032 578 2216 642 sepa-

146 652 330 716 ratim
365 674 408 715 a
443 649 710 733 reliquis
755 648 1026 713 civibus.
1114 672 1264 713 nam
1309 649 1485 732 quod
1528 672 1719 737 rogas
1762 661 1837 715 ut
1880 650 2217 736 respiciam

145 768 456 833 generum
493 766 710 809 meum
725 791 744 821 ‚
781 743 1257 810 adulescentem
1293 745 1609 830 optimum
1642 744 1929 829 mihique
1965 746 2216 811 carissi-

145 863 340 917 mum,
378 862 468 904 an
503 837 789 915 dubitas,
836 838 947 922 qui
983 838 1179 916 scias,
1225 838 1453 923 quanti
1488 861 1636 904 cum
1670 840 1853 905 illum
1888 851 2027 907 tum
2062 861 2215 906 vero

149 934 428 998 Tulliam
465 953 680 997 meam
713 931 980 1009 faciam,
1025 934 1181 1016 quin
1217 955 1294 999 ea
1330 956 1437 999 me
1473 955 1628 1000 cura
1661 933 2215 1000 vehementissime

48 1048 52 1053 ·
149 1026 483 1093 sollicitet?
518 1038 583 1093 et
618 1049 695 1092 eo
729 1027 958 1113 magis,
995 1027 1172 1110 quod
1207 1028 1274 1092 in
1302 1028 1751 1093 communibus
1787 1028 2057 1094 miseriis
2093 1028 2215 1093 hac

150 1134 359 1187 tamen
397 1120 773 1186 oblectabar
819 1122 1108 1206 specula,
1146 1120 1559 1187 Dolabellam
1600 1145 1820 1188 meum
1854 1122 1956 1187 vel
2000 1122 2214 1207 potius

150 1227 440 1281 nostrum
474 1213 612 1280 fore
649 1215 731 1279 ab
777 1214 854 1280 iis
891 1216 1228 1291 molestiis,
1273 1237 1435 1300 quas
1480 1216 1863 1282 liberalitate
1912 1236 2029 1281 sua
2062 1237 2214 1280 con-

150 1320 461 1386 traxerat,
514 1309 807 1374 liberum.
896 1310 1090 1375 velim
1134 1333 1438 1396 quaeras,
1492 1332 1654 1396 quos
1699 1312 1807 1394 ille
1844 1310 1980 1376 dies
2026 1310 2216 1376 susti-

148 1406 376 1478 nuerit,
412 1404 486 1469 in
519 1404 681 1469 urbe
717 1405 873 1473 dum
908 1404 1059 1483 fuit,
1106 1426 1302 1490 quam
1337 1406 1603 1471 acerbos
1639 1405 1791 1484 sibi,
1828 1426 2025 1490 quam
2060 1404 2218 1469 mihi

145 1499 264 1585 ipsi
300 1520 531 1565 socero
565 1520 695 1564 non
728 1498 1049 1564 honestos.
1113 1500 1330 1584 itaque
1366 1522 1577 1584 neque
1613 1522 1736 1586 ego
1770 1500 1943 1565 hunc
1976 1500 2279 1587 Hispa-⁶

146 1594 439 1659 niensem
473 1614 694 1658 casum
730 1605 1053 1679 exspecto,
1092 1594 1172 1659 de
1206 1616 1336 1678 quo
1372 1594 1532 1659 mihi
1570 1594 1971 1680 exploratum
1998 1605 2097 1659 est
2128 1594 2219 1658 ita

149 1711 317 1766 esse,
372 1699 450 1752 ut
500 1699 575 1751 tu
624 1687 878 1765 scribis,
940 1708 1153 1772 neque
1207 1688 1554 1772 quicquam
1605 1699 1815 1754 astute
1869 1688 2110 1773 cogito:
2164 1687 2218 1752 si

43 1835 47 1855 ς
150 1781 408 1866 quando
447 1781 570 1847 erit
603 1781 855 1858 civitas',
901 1782 1022 1849 erit
1055 1781 1346 1868 profecto
1380 1781 1567 1848 nobis
1603 1783 1812 1859 locus3
1860 1782 1960 1846 sin
2004 1791 2219 1846 autem

149 1899 273 1942 non
311 1877 468 1953 erit,
511 1877 582 1941 in
617 1876 875 1942 easdem
911 1876 1288 1943 solitudines
1332 1887 1405 1941 tu
1440 1878 1608 1963 ipse,
1656 1887 1729 1940 ut
1763 1876 2084 1953 arbitror,
2110 1896 2220 1940 ve-

149 1972 317 2048 nies,
363 1972 432 2035 in
471 1970 706 2055 quibus
740 1993 859 2036 nos
895 1972 1258 2037 consedisse
1295 1971 1540 2037 audies.
1629 1970 1744 2036 sed
1790 1991 1911 2055 ego
1947 1969 2218 2034 fortasse

150 2067 466 2132 vaticinor
499 2076 567 2133 et
599 2065 760 2132 haec
786 2066 1002 2131 omnia
1037 2066 1330 2132 meliores
1368 2065 1700 2132 habebunt
1734 2065 1971 2131 exitus:
2006 2085 2222 2129 recor-

151 2160 262 2225 dor
318 2160 497 2226 enim
551 2159 1025 2246 desperationes
1082 2182 1332 2237 eorum,
1388 2162 1501 2246 qui
1544 2182 1728 2226 senes
1774 2171 1956 2224 crant
2000 2158 2220 2223 adule-

154 2266 369 2321 scente
415 2277 521 2319 me
533 2280 553 2331 ;
600 2276 709 2320 eos
755 2276 877 2341 ego
921 2255 1194 2321 fortasse
1239 2277 1413 2321 nunc
1458 2255 1671 2320 imitor
1706 2264 1771 2320 et
1812 2265 1959 2320 utor
1993 2252 2219 2319 aetatis

154 2349 326 2414 vitio.
399 2349 597 2414 velim
637 2349 729 2413 ita
774 2349 875 2413 sit.
949 2348 1063 2414 sed
1107 2350 1353 2415 tamen!
1392 2397 1409 2414 .
1431 2398 1448 2415 .
1469 2398 1486 2414 .
1558 2360 1779 2436 togam
1821 2358 2219 2435 praetextam
2256 2377 2282 2417 ι

156 2444 281 2509 texi
328 2440 554 2529 Oppio
598 2454 754 2529 puto
798 2454 863 2509 te
916 2443 1203 2522 audisse3
1255 2468 1409 2509 nam
1455 2442 1720 2510 Curtius
1773 2454 1989 2509 noster
2040 2441 2222 2506 diba-

157 2538 355 2623 phum
382 2538 645 2625 cogitat,
682 2539 795 2604 sed
823 2560 971 2605 eum
996 2539 1267 2605 infector
1295 2552 1599 2607 moratur.
1653 2541 1776 2606 hoc
1803 2539 2111 2626 adspersi,
2148 2548 2222 2603 ut

159 2636 351 2700 scires
405 2658 510 2701 me
565 2646 779 2701 tamen
828 2636 897 2700 in
942 2636 1270 2722 stomacho
1319 2640 1523 2702 solere
1574 2637 1801 2701 ridere.
1901 2639 1973 2700 de
2015 2632 2221 2698 Dola-

160 2728 351 2805 bella,
405 2728 583 2813 quod
618 2730 873 2815 scripsi,
928 2732 1169 2797 suadeo
1203 2731 1457 2809 videas,
1503 2742 1834 2814 tamquam
1869 2728 1925 2792 si
1971 2740 2083 2793 tua
2117 2749 2219 2791 res

165 2834 403 2908 agatur.
478 2834 837 2889 extremum
870 2825 1032 2890 illud
1067 2826 1213 2891 erit:
1251 2848 1378 2892 ‘nos
1413 2825 1571 2890 nihil
1606 2823 2025 2900 turbulenter,
2061 2821 2220 2886 nihil

164 2929 392 2983 temere
417 2917 732 2983 faciemus
741 2943 761 2996 3
797 2930 860 2983 te
888 2929 1104 2985 tamen
1131 2941 1411 2997 oramus,
1438 2920 1953 3004 quibuscumque
1982 2915 2219 2983 erimus

169 3012 230 3075 in
261 3013 464 3089 terris,
499 3022 574 3077 ut
607 3034 725 3077 nos
759 3013 1122 3098 liberosque
1151 3025 1402 3080 nostros
1438 3015 1528 3079 ita
1554 3026 1793 3092 tueare,
1830 3025 1904 3078 ut
1940 3011 2221 3078 amicitia

171 3119 373 3173 nostra
408 3119 476 3174 et
508 3119 622 3173 tua
657 3107 814 3174 fides
851 3107 1219 3195 postulabit.

1099 3344 1214 3403 XV
1214 3345 1290 3400 Π.

487 3446 607 3503 Ser.
629 3447 868 3503 Tarsia.
889 3449 944 3502 d.
963 3447 1122 3505 XVI.
1141 3448 1272 3504 Kal.
1296 3446 1536 3504 Sextiles
1555 3464 1605 3502 a.
1627 3464 1683 3501 u.
1703 3463 1753 3501 c.
1776 3445 1894 3501 704.

261 3548 330 3603 M.
365 3549 638 3607 CICERO
675 3550 833 3605 IMP.
873 3550 928 3606 S.
965 3550 1038 3605 D.
1076 3550 1192 3608 CN.
1234 3548 1616 3609 SALUSTIO
1653 3546 2136 3614 PROQUAEST.

298 3670 571 3739 Litteras
608 3697 648 3738 a
682 3685 746 3739 te
779 3674 936 3740 mihi
972 3685 1173 3740 stator
1207 3685 1357 3740 tuus
1392 3674 1670 3740 reddidit
1697 3672 1887 3739 Tarsi
1922 3694 1980 3737 a.
2009 3671 2071 3735 d.
2097 3692 2223 3736 m.
2262 3694 2286 3733 1

189 3761 324 3829 Kal.
358 3766 644 3834 Sextilis·
698 3770 799 3835 his
844 3792 966 3856 ego
1004 3770 1258 3847 ordine,
1311 3780 1388 3836 ut
1430 3769 1668 3837 videris
1715 3769 1909 3844 velle,
1964 3786 2228 3849 respon-

191 3855 356 3924 debo.
439 3863 518 3929 de
556 3886 924 3931 successore
959 3886 1103 3931 meo
1139 3864 1298 3932 nihil
1344 3865 1562 3930 audivi
1604 3885 1801 3950 neque
1837 3879 2228 3947 quemquam

196 3948 315 4017 fore
354 3956 636 4024 arbitror.
724 3961 881 4045 quin
926 3962 1009 4026 ad
1054 3961 1222 4027 diem
1270 3961 1607 4037 decedam,
1659 3958 1836 4024 nulla
1880 3977 2077 4022 causa
2110 3967 2227 4034 est,

198 4052 537 4127 Praesertim
588 4056 841 4123 sublato
884 4070 1063 4124 metu
1103 4058 1429 4124 Parthico.
1531 4064 2073 4124 commoraturum
2121 4077 2228 4120 me
