2675 4559
693 232 1250 292 ammomum
1276 232 1391 290 m
1428 234 1511 291 13.
1546 234 1651 295 ιν.
1688 236 1773 330 ι.ἡ
2157 222 2254 289 69·
2346 304 2351 311 ‚

679 784 780 850 M.
835 744 1170 851 TUL'Ln
1223 781 1731 857 <nonnosus

1153 894 1268 949 ΕΤ

431 989 580 1057 AD
633 989 732 1057 M.
786 990 1284 1059 TULLIUM
1338 990 1974 1062 CICERONEM

765 1138 770 1141 ·
813 1100 1597 1171 EPISTOLARUM

777 1223 1082 1292 ΜΒΕΒ
1133 1234 1635 1302 QUARTUS.

655 1339 801 1407 AD
858 1338 1072 1409 SER„
1127 1336 1788 1411 SULPICIUM.‘

1187 1528 1234 1582 1.

520 1628 640 1685 Scr.
676 1630 737 1685 in
771 1628 1023 1686 Cumano
1039 1647 1254 1721 ‘mense
1287 1631 1473 1701 Aprili
1508 1649 1561 1686 a.
1596 1650 1653 1687 u.
1690 1650 1737 1688 c.
1774 1634 1893 1689 705.

603 1730 682 1787 Μ.
719 1730 994 1788 CICERO
1033 1730 1090 1787 S.
1127 1732 1202 1786 D.
1242 1730 1399 1789 SER.
1440 1730 1815 1790 SULPICIO.

294 1870 378 1939 O.
416 1871 804 1949 Trebatius,
821 1871 1156 1939 familiaris
1191 1894 1395 1950 meus,
1432 1873 1517 1938 ad
1545 1896 1647 1939 me
1677 1874 1931 1961 scripsit
1963 1884 2027 1939 te
2054 1897 2138 1939 ex
2164 1896 2233 1939 se
2272 1896 2295 1933 ι

163 1967 532 2053 quaesisse,
597 1966 832 2049 quibus
883 1966 952 2029 in
1001 1966 1160 2031 locis
1214 1988 1425 2033 essem
1478 1968 1875 2051 molesteque
1926 1978 1991 2033 te
2042 1968 2231 2044 ferre,

162 2062 340 2170 quod
375 2082 487 2126 me
521 2069 784 2145 propter
827 2056 1260 2125 valetudinem
1295 2070 1507 2141 tuam,
1555 2082 1703 2127 cum
1738 2061 1823 2126 ad
1866 2061 2092 2127 urbem
2128 2082 2237 2125 ac-

159 2156 538 2231 cessissem,
573 2174 705 2218 non
739 2152 1037 2229 vidisses,
1075 2164 1140 2219 et
1175 2154 1298 2219 hoc
1333 2166 1621 2240 tempore
1656 2156 1822 2222 velle
1859 2166 1923 2221 te
1957 2178 2231 2233 mecum,

161 2250 218 2313 si
276 2248 549 2336 propius
612 2246 1053 2323 accessissem,
1126 2248 1206 2313 de
1267 2248 1481 2315 officio
1544 2248 1877 2341 utriusque
1944 2260 2235 2315 nostrum

161 2342 664 2408 communicare.
753 2341 1030 2419 utinam,
1079 2340 1297 2419 Servi,
1342 2342 1535 2410 salvis
1577 2334 1769 2409 rebus
1802 2380 1891 2391 -—
1925 2344 2016 2409 sic
2062 2344 2233 2410 enim

163 2448 264 2503 est
296 2431 1066 2520 dicendum—conloqui
1100 2436 1530 2521 potuissemus
1562 2438 1728 2505 inter
1761 2438 1907 2505 nosl
1943 2438 2231 2525 profecto

164 2532 414 2617 aliquid
449 2531 592 2617 opis
627 2530 942 2597 occidenti
975 2532 1068 2597 rei
1103 2531 1401 2618 publicae
1436 2533 1822 2599 tulissemus.
1885 2556 2231 2619 cognoram

165 2625 340 2693 enim
385 2626 518 2691 iam
563 2626 796 2691 absens
838 2637 902 2691 te
945 2626 1106 2693 haec
1147 2627 1320 2692 mala
1364 2629 1563 2693 multo
1600 2638 1747 2694 ante
1794 2627 2233 2713 providentem

167 2720 578 2785 defensorem
621 2718 798 2805 pacis
833 2730 898 2783 et
931 2719 1000 2783 in
1035 2720 1373 2785 consulatu
1407 2730 1529 2789 tuo,
1556 2731 1620 2785 et
1651 2731 1798 2806 post
1834 2718 2235 2784 consulatum

167 2815 399 2880 fuisse:
455 2832 578 2899 ego
633 2823 876 2890 autem,
941 2836 1089 2879 cum
1141 2813 1478 2879 consilium
1538 2826 1722 2879 tuum
1778 2813 2117 2901 probarem
2170 2825 2235 2879 et

167 2908 341 2973 idem
386 2907 528 2992 ipse
575 2906 908 2985 sentirem,
951 2906 1110 2973 nihil
1152 2908 1595 2994 proficiebam3
1644 2931 1783 2975 sero
1828 2908 1999 2975 enim
2041 2904 2256 2975 vene?

165 3025 340 3079 ram,
377 3002 554 3066 solus
591 3022 796 3077 eram,
832 3000 1010 3067 rudis
1046 3025 1186 3070 esse
1222 3003 1489 3069 videbar
1522 3003 1593 3067 in
1627 3026 1851 3081 causa,
1885 3003 2235 3069 incideram

163 3096 234 3161 in
267 3094 610 3164 hominum
641 3094 975 3180 pugnandi
1019 3096 1413 3181 cupidorum,
1440 3096 1740 3161 insanias.
1828 3119 2029 3175 nunc,
2073 3117 2238 3182 quo-2

163 3190 348 3257 niam
391 3186 552 3253 nihil
595 3188 725 3253 iam
769 3189 1062 3256 videmur
1107 3188 1407 3275 opitulari
1448 3209 1639 3274 posse
1670 3191 1766 3254 rei
1800 3190 2124 3274 publicae,
2180 3192 2259 3255 si·

165 3284 326 3368 quid
363 3292 492 3358 est,
536 3283 606 3347 in
638 3303 768 3366 quo
803 3282 1125 3348 nobismet
1157 3282 1314 3368 ipsis
1354 3282 1685 3347 consulere
1720 3282 2066 3367 possimus,
2102 3304 2233 3347 non

165 3390 240 3442 ut
289 3374 542 3461 aliquid
585 3398 668 3443 ex
720 3376 990 3463 pristino
1045 3387 1216 3441 statu
1268 3386 1486 3441 nostro
1529 3376 1947 3453 retineamus,
2001 3376 2115 3440 sed
2165 3386 2238 3440 ut

167 3493 370 3555 quam
403 3470 870 3536 honestissime
885 3472 1245 3557 lugeamus,
1281 3492 1471 3537 nemo
1506 3480 1606 3536 est
1632 3471 1939 3549 omnium,
1975 3469 2237 3553 quicum

167 3566 384 3651 potius
438 3564 598 3629 mihi
651 3586 846 3649 qnam
899 3576 1142 3631 tecum
1167 3565 1771 3633 communicandum
1814 3576 2064 3652 putem,
2115 3586 2237 3631 nec

169 3660 348 3725 enim
383 3658 883 3723 clarissimorum
927 3658 1240 3737 virorum,
1285 3679 1561 3744 quorum
1597 3661 1833 3727 similes
1868 3682 2007 3725 esse
2044 3657 2238 3723 debe-

169 3776 339 3830 mus,
374 3754 672 3838 exempla
694 3774 905 3837 neque
933 3752 1466 3864 doctissimorum,
1498 3775 1659 3838 quos
1688 3774 1941 3839 semper
1966 3750 2237 3828 coluisti,

171 3856 520 3932 praecepta
556 3858 622 3912 te
655 3846 934 3933 fugiunt.
992 3858 1188 3932 atque
1221 3848 1363 3933 ipse
1400 3859 1588 3912 antea
1623 3847 1707 3913 ad
1742 3858 1807 3912 te
1844 3844 2238 3929 scripsissem

173 3952 238 4006 te
269 3940 518 4007 frustra
559 3939 630 4005 in
673 3951 966 4008 senatum
1010 3942 1148 4007 sive
1190 3941 1407 4027 potius
1450 3942 1517 4005 in
1554 3951 1941 4007 conventum
1986 3949 2238 4019 senato-

177 4056 320 4101 rum
363 4057 508 4103 esse
562 4046 924 4116 venturum,
977 4036 1046 4102 ni
1092 4035 1331 4111 veritus
1378 4056 1585 4101 essem
1636 4057 1719 4101 ne
1774 4033 1909 4101 cius
1952 4032 2273 4100 animum·
