2675 4559
847 223 1403 284 EPISTOLARUM
1435 225 1480 279 Ι.
1519 225 1567 279 9.
2158 212 2239 280 15

177 355 344 424 liaris
369 348 724 436 naufragia
751 348 1169 424 necessariae,
1206 357 1421 413 tamen
1448 371 1487 412 a
1514 370 1617 413 me
1648 347 1893 413 minimi
1928 348 2245 435 putaban-

175 462 306 526 tur,
359 448 434 511 in
484 443 648 509 meis
714 442 964 507 damnis
1018 464 1100 507 ex
1153 441 1529 509 auctoritate
1584 454 1841 507 senatus
1896 444 2243 509 sarciendis

173 565 319 608 eam
356 538 788 611 voluntatem,
822 556 1018 619 quam
1053 546 1513 621 exspectaram,
1550 536 2022 621 praestiterunt.
2078 558 2244 621 quae

173 660 324 703 eum
361 634 659 699 viderem
683 667 772 679 —
798 651 1008 714 neque
1042 642 1220 696 erant
1256 631 1531 695 obscura
1558 666 1665 708 --,
1687 653 1829 697 ¹non
1865 643 2080 697 tamen
2112 640 2246 695 ta‘m

175 730 416 797 acerba
452 727 616 792 mihi
642 725 804 792 haec
833 723 1225 800 accidebant,
1263 744 1459 807 quam
1488 736 1666 789 erant
1692 726 1804 791 illa
1836 737 2042 811 grata,
2078 746 2243 809 quae

175 827 497 891 fecerant.
582 820 805 903 itaque
854 838 1244 902 quamquam
1291 828 1357 884 et
1398 818 1711 904 Pompeio
1756 813 2133 905 plurimum,
2184 834 2246 883 te

180 918 452 1001 quidem
487 914 630 999 ipso
665 912 1102 998 praedicatore
1139 934 1216 976 ac
1251 922 1414 978 teste
1424 952 1459 989 ,-
1489 912 1803 977 debebam
1837 923 1903 979 et
1937 934 2085 978 eum
2118 934 2247 976 non

178 1012 396 1076 solum
440 1007 788 1084 beneficiO,
841 1006 955 1072 sed
1001 1028 1216 1073 amore
1261 1006 1457 1071 etiam
1502 1017 1565 1072 et
1616 1016 1926 1093 perpetuo
1970 1006 2249 1091 quodam

179 1104 425 1170 iudicio
474 1124 622 1167 meo
677 1100 1049 1186 diligebam,
1103 1111 1318 1166 tamen
1370 1122 1503 1165 non
1554 1111 1887 1185 reputans,
1938 1100 2096 1184 quid
2145 1100 2249 1163 ille

182 1200 410 1274 vellet,
457 1197 530 1261 in
567 1195 862 1261 omnibus
899 1196 1057 1260 meis
1093 1195 1422 1261 sententiis
1458 1196 1539 1261 de
1574 1218 1645 1261 re
1677 1194 1937 1280 publiea
1969 1193 2249 1280 pristinis

183 1290 670 1379 permanebam.
763 1311 884 1375 ego
929 1289 1190 1355 sedente
1241 1288 1365 1357 On.
1400 1289 1747 1375 PompeiO,
1784 1312 1961 1367 cum,
2005 1300 2079 1355 ut
2110 1288 2251 1355 lau-

184 1388 370 1451 daret
408 1384 491 1448 P.
532 1382 844 1461 Sestium,
897 1384 1220 1448 introisset
1262 1384 1330 1448 in
1376 1383 1603 1450 urbem
1639 1384 2027 1467 dixissetque
2070 1382 2249 1449 testis

184 1478 494 1545 Vatinius
529 1499 632 1543 me
667 1476 925 1541 fortuna
960 1488 1023 1541 et
1066 1477 1369 1543 felicitate
1408 1474 1486 1543 C.
1526 1474 1823 1544 Caesaris
1860 1488 2249 1543 commotum

183 1573 272 1637 illi
309 1572 600 1637 amicum
634 1593 774 1637 esse
809 1572 1124 1657 coepisse,
1171 1571 1304 1638 dixi
1337 1594 1442 1637 me
1477 1593 1619 1636 eam
1654 1572 1873 1638 Bibuli
1907 1571 2249 1646 fortunam,

186 1689 386 1751 quam
419 1665 531 1729 ille
566 1664 887 1729 adflictam
921 1674 1206 1751 putaret,
1245 1665 1533 1729 omnium
1568 1664 1904 1750 triumphis
1940 1665 2251 1729 victoriis-

188 1781 312 1843 que
362 1757 722 1835 anteferre3
779 1758 1036 1841 dixique
1093 1758 1320 1824 eodem
1373 1768 1535 1823 teste
1592 1758 1716 1821 alio
1766 1758 1939 1835 loco,-
1994 1756 2253 1822 eosdem

189 1874 356 1930 esse,
405 1852 522 1937 qui
556 1852 865 1918 Bibulum
914 1852 1090 1917 exire
1140 1852 1331 1915 domo
1376 1850 1852 1937 prohibuissent
1896 1860 1961 1915 et
2004 1849 2117 1933 qui
2149 1872 2253 1914 me

189 1948 587 2033 coegissent:
642 1956 776 2011 tota
819 1968 971 2012 vero
1015 1946 1429 2033 interrogatio
1475 1970 1620 2012 mea
1661 1946 1819 2012 nihil
1864 1944 2091 2011 habuit
2132 1945 2256 2009 nisi

187 2040 752 2127 reprehensionem
785 2041 954 2105 illius
991 2042 1381 2120 tribunatus3
1415 2042 1485 2107 in
1514 2063 1643 2125 qua
1668 2040 1883 2106 omnia
1908 2040 2079 2106 dicta
2106 2048 2254 2103 sunt

185 2136 488 2201 libertate
524 2134 865 2218 animoque
899 2135 1179 2200 maximo
1216 2135 1296 2201 de
1331 2136 1426 2213 vi,
1463 2134 1543 2201 de
1580 2135 1899 2221 auspiciis,
1936 2135 2017 2201 de
2053 2134 2253 2199 dona-

187 2230 364 2294 tione
409 2248 775 2314 regnorum.
864 2248 1074 2311 neque
1129 2250 1282 2294 vero
1327 2228 1451 2295 hac
1496 2229 1563 2295 in
1616 2252 1810 2295 causa
1860 2229 2083 2306 mode,
2138 2227 2252 2293 sed

190 2334 562 2389 constanter
596 2345 786 2408 saepe
822 2323 892 2389 in
921 2334 1173 2389 senatu:
1211 2324 1370 2408 quin
1395 2324 1589 2389 etiam
1608 2324 1989 2391 Marcellino
2016 2333 2080 2389 et
2096 2321 2253 2387 Phi-

187 2419 367 2504 lippo
405 2416 777 2482 consulibus
812 2416 1017 2482 Nonis
1045 2418 1382 2503 Aprilibus
1410 2418 1570 2483 mihi
1606 2430 1703 2483 est
1738 2430 1999 2485 senatus
2026 2418 2254 2481 adsen-

187 2535 331 2589 sus,
371 2522 446 2575 ut
491 2511 572 2577 de
608 2532 765 2596 agro
803 2508 1138 2595 Campano
1175 2511 1499 2596 frequenti
1532 2523 1760 2578 senatu
1794 2511 2021 2576 Idibus
2055 2508 2252 2575 Maiis

189 2606 559 2671 referretur.
647 2626 802 2681 num
845 2605 1028 2690 potui
1071 2606 1278 2691 magis
1322 2607 1392 2672 in
1428 2628 1639 2673 arcem
1684 2606 1855 2669 illius
1892 2626 2121 2669 causae
2157 2604 2255 2668 in-

194 2698 431 2763 vadere
459 2708 574 2761 aut
597 2698 804 2783 magis
834 2698 1123 2763 oblivisci
1158 2710 1519 2785 temporum
1545 2720 1855 2774 meorum,
1889 2697 2252 2762 meminisse

190 2790 564 2857 actionum?
623 2790 746 2857 hac
789 2814 830 2855 a
873 2814 978 2857 me
1026 2794 1338 2858 sententia
1375 2793 1546 2858 dicta
1588 2814 1862 2879 magnus
1899 2790 2254 2855 animorum

191 2897 409 2952 motus
447 2894 545 2949 est
578 2884 789 2949 factus
824 2907 973 2951 cum
1008 2908 1261 2965 eorum,
1298 2908 1573 2971 quorum
1610 2886 1909 2973 oportuit,
1944 2895 2083 2950 tum
2116 2884 2256 2949 illo-

189 3003 339 3045 rum
377 2978 592 3055 etiam,
629 2999 901 3061 quorum
935 3001 1289 3064 numquam
1321 2992 1639 3066 putaram.
1727 3004 1879 3047 nam
1913 2980 2035 3045 hoc
2072 3002 2254 3046 sena-

192 3088 298 3139 tus
335 3072 629 3138 consulto
671 3073 740 3137 in
783 3096 997 3139 meam
1041 3076 1423 3143 sententiam
1466 3076 1639 3143 facto
1675 3073 2054 3161 Pompeius,
2108 3096 2255 3140 eum

194 3166 358 3231 mihi
391 3164 554 3229 nihil
587 3166 966 3233 ostendisset
1009 3189 1079 3233 se
1115 3190 1254 3233 esse
1289 3168 1639 3246 offensum,
1681 3169 1749 3232 in
1786 3166 2153 3235 Sardiniam
2196 3176 2259 3231 et

193 3262 264 3325 in
296 3258 602 3323 Africam
644 3259 968 3343 profectus
1013 3271 1112 3325 est
1155 3281 1361 3345 eoque
1404 3262 1629 3327 itinere
1673 3260 1926 3325 Lucam
1972 3259 2057 3324 ad
2093 3256 2259 3323 Cae-

197 3376 413 3420 sarem
467 3353 660 3417 venit.
754 3354 848 3418 ibi
897 3354 1100 3419 multa
1153 3354 1234 3419 de
1288 3376 1435 3419 mea
1485 3353 1799 3419 sententia
1848 3362 2111 3437 questus
2165 3362 2261 3416 est

197 3446 475 3523 Caes-ar,
509 3446 747 3532 quippe
781 3446 893 3532 qui
928 3448 1120 3513 etiam
1153 3448 1505 3514 Ravennae
1542 3444 1852 3513 Crassum
1886 3455 2032 3514 ante
2068 3442 2261 3511 vidis-

197 3553 300 3607 set
335 3541 421 3605 ab
459 3561 664 3623 eoque
699 3540 767 3604 in
801 3564 905 3607 me
953 3553 1118 3607 esset
1161 3542 1483 3610 incensus.
1572 3565 1724 3610 sane
1766 3542 2031 3607 moleste
2064 3539 2261 3607 Pom-

201 3634 425 3721 peium
459 3632 528 3699 id
562 3633 728 3699 ferre
775 3636 1136 3713 constabat,
1191 3636 1367 3722 quod
1416 3658 1566 3723 ege,
1621 3658 1770 3703 oum
1814 3636 2135 3701 audissem
2180 3656 2261 3698 ex

205 3728 377 3805 aliis,
432 3728 711 3793 maxime
765 3750 846 3793 ex
895 3751 1040 3795 meo
1094 3729 1290 3797 fratre
1345 3730 1636 3817 cognovi.
1752 3752 1943 3813 quem
1995 3748 2143 3791 cum
2194 3726 2262 3788 in

207 3822 514 3889 Sardinia
545 3822 896 3907 Pompeius
929 3824 1152 3909 paucis
1186 3835 1335 3947 post
1378 3824 1635 3901 diebus,
1684 3844 1877 3907 quam
1912 3821 2099 3886 Luca
2135 3817 2263 3882 dis-

207 3928 521 3995 cesserat,
585 3918 1014 3996 convenisset,
1082 3919 1204 3985 ‘te'
1265 3919 1475 4002 inquit
1536 3920 1775 4003 ‘ipsum
1826 3912 2043 4001 cupi03
2104 3913 2262 3979 nihil

209 4012 633 4099 opportunius
667 4012 876 4101 potuit
911 4013 1225 4082 accidere:
1257 4011 1397 4099 ‘nisi
1431 4034 1579 4078 cum
1612 4011 1841 4076 Marco
1888 4008 2083 4079 fratre
2120 4008 2261 4073 dili-
