2675 4559
642 263 1198 323 EPISTOLARU'M
1229 267 1395 323 XIII.
1432 269 1656 325 65—69.
1948 306 1953 319 .
2053 260 2181 324 353

129 393 350 477 legeres
394 399 462 456 et
514 399 591 455 tu
649 388 786 477 ipse
830 410 979 458 eum
1023 391 1293 479 dignum
1320 389 1645 480 hospitio
1672 401 1786 458 tuo
1835 393 2177 460 iudicares.

131 484 334 551 feceris
375 484 581 571 igitur
622 485 783 550 mihi
822 484 1288 574 gratissimum,
1336 485 1395 552 si
1439 488 1500 554 ei
1535 487 1908 567 declararis,
1955 492 2181 574 quanti

129 603 217 645 me
247 578 465 658 facias,
500 579 575 644 id
612 591 729 658 est,
766 580 822 645 si
854 580 1171 668 receperis
1200 603 1353 647 eum
1385 581 1455 647 in
1488 581 1683 648 fidem
1708 592 1888 648 tuam
1915 594 1998 662 et,
2034 588 2181 668 qui-

130 674 509 760 buscumque
555 674 755 740 rebus
799 673 1066 742 honeste
1112 697 1189 742 ac
1235 675 1377 743 sine
1417 677 1712 743 molestia
1756 688 1870 743 tua
1920 680 2177 764 poteris,

132 768 454 836 adiuveris:
509 767 642 835 hoc
685 768 846 836 mihi
888 769 1010 836 erit
1060 769 1478 856 vehementer
1519 782 1807 857 gratum,
1861 770 2056 856 idque
2109 788 2181 836 ut

131 861 303 928 facias
336 873 400 929 te
435 864 639 930 etiam
674 873 867 950 atque
904 864 1097 931 etiam
1131 886 1313 952 rogo.
1429 898 1432 901 ·

1005 1024 1278 1082 LXVIII.
1323 1058 1337 1072 .

392 1190 395 1191 ⁷
510 1126 634 1182 Scr.
651 1127 868 1183 Romae
888 1145 1077 1183 mense
1099 1126 1419 1198 Septembri
1438 1145 1489 1183 a.
1509 1145 1566 1183 u.
1587 1144 1636 1182 c.
1664 1128 1782 1183 708.

51 1220 54 1306 ᾗ
132 1227 195 1282 Μ.
227 1228 567 1287 TULLIUS
614 1228 892 1286 CICERO
937 1229 1005 1284 P.
1045 1229 1411 1288 SERVILIO
1455 1229 1822 1287 ISAURICO
1865 1228 2181 1285 PROGGS.

595 1313 1013 1371 COLLEGAE
1050 1314 1215 1371 SAL.
1252 1316 1690 1374 PLURIMAM.

51 1420 56 1425 ’
180 1418 184 1422 ’
242 1425 477 1495 Gratae
504 1428 672 1494 mihi
705 1428 1119 1496 vehementer
1142 1442 1293 1500 tuae
1326 1432 1576 1499 litterae
1612 1430 1895 1509 fuerunt,
1932 1453 2015 1496 ex
2042 1432 2185 1516 qni-
2221 1451 2241 1484 ι

136 1520 235 1588 bus
277 1523 553 1610 cognovi
600 1546 827 1590 cursus
878 1525 1368 1611 navigationum
1422 1537 1678 1593 tuarum
1689 1551 1708 1604 ;
1771 1525 2105 1612 significah
2113 1552 2181 1592 aa

137 1616 281 1682 enim
318 1616 703 1686 memoriam
747 1628 927 1684 tuam
973 1629 1230 1686 nostrae
1276 1619 1796 1698 necessitudinis,
1850 1641 1982 1704 qua
2026 1620 2185 1684 mihi

136 1709 269 1776 nihil
299 1723 551 1798 poterat
590 1735 734 1779 esse
769 1711 1135 1779 iucundius.
1232 1715 1408 1799 quod
1449 1714 1769 1799 reliquum
1813 1724 1938 1791 est,
1981 1712 2181 1776 multu

137 1804 300 1870 etiam
334 1807 456 1873 erit
488 1807 765 1894 gratius,
803 1807 858 1872 si
886 1808 970 1874 ad
1004 1832 1109 1876 me
1134 1809 1215 1875 de
1247 1833 1318 1875 re
1355 1808 1635 1896 publica,
1668 1808 1738 1873 id
1774 1817 1871 1873 est
1897 1806 1978 1873 de
2013 1816 2185 1872 statu

137 1900 502 1981 provinciae,
560 1901 647 1967 de
688 1901 995 1967 institutis
1060 1903 1189 1968 tuis
1241 1902 1641 1968 familiariter
1692 1900 1962 1978 scribes3
2017 1921 2181 1983 quae

53 2078 54 2082 Ἰ
138 2012 494 2080 quamquam
550 2020 638 2062 ex
688 1997 909 2061 multis
961 2019 1102 2083 pro.
1136 2008 1249 2062 tua
1294 1997 1581 2064 claritate
1625 1994 1914 2074 audiam,
1967 2005 2185 2060 tamen

51 2089 56 2128 ἵ
140 2083 520 2158 libentissime
557 2113 644 2157 ex
677 2091 807 2156 tuis
839 2091 1066 2157 litteris
1102 2113 1509 2177 cognoscam.
1565 2113 1688 2177 ego
1725 2090 1808 2156 ad
1843 2101 1935 2165 te,
1974 2089 2056 2154 de
2089 2092 2181 2152 rei
2221 2108 2241 2144 Ξ

51 2211 52 2218 1
140 2180 401 2262 publicae
445 2208 705 2251 summa
748 2185 906 2269 quid
951 2186 1221 2252 sentiam
1235 2235 1251 2264 ,
1298 2208 1430 2251 non
1475 2209 1667 2271 saepe
1713 2184 1990 2250 scribam
2035 2204 2185 2270 pru-

143 2284 261 2357 pter
288 2280 646 2364 periculum
683 2280 821 2347 eius
857 2281 1033 2346 modi
1065 2281 1455 2361 litterarum3
1493 2281 1650 2367 quid
1685 2291 1916 2368 agatur
1945 2290 2181 2356 autem,

55 2365 59 2402 ⁷
144 2370 385 2439 scribam
412 2376 695 2463 saepius.
751 2397 1009 2463 sperare
1046 2387 1261 2444 tamen
1289 2376 1536 2454 videor,
1569 2373 1858 2453 Caesari,
1895 2375 2181 2460 collegae

143 2476 355 2547 nostro,
406 2470 549 2538 fore
607 2493 801 2535 curae
852 2482 919 2537 et
971 2493 1142 2550 esse,
1196 2482 1270 2538 ut
1310 2472 1667 2538 habeamus
1713 2471 1997 2555 aliquam
2046 2491 2181 2536 rem

143 2559 467 2642 publicam,
518 2565 707 2631 cuius
754 2564 1033 2631 consiliis
1088 2567 1311 2654 magni
1362 2565 1686 2633 referebat
1737 2576 1802 2630 te
1844 2563 2181 2629 intereas-3:

146 2653 263 2732 Sed,
310 2659 366 2722 si
397 2660 512 2724 tibi
548 2660 771 2725 utilius
807 2671 931 2738 est,
984 2660 1054 2726 id
1091 2673 1188 2728 est
1223 2661 1597 2748 gloriosius,
1649 2658 1852 2724 Asiae
1886 2680 2182 2743 praeesse

59 2829 60 2836 ἵ
145 2757 196 2810 et
222 2747 398 2818 istam
430 2752 684 2841 partem
717 2754 812 2820 rei
854 2754 1155 2841 publicae
1202 2757 1373 2821 male
1409 2755 1730 2820 adfectam
1778 2751 1941 2817 tueri
1957 2800 1973 2828 ‚
2025 2752 2186 2812 mihi„

146 2857 371 2928 quoque
420 2850 627 2927 idem,
682 2849 856 2933 quod
908 2848 1023 2913 tibi
1070 2860 1135 2916 et
1185 2850 1364 2915 laudi
1416 2861 1567 2914 tuae
1612 2844 2024 2934 profuturum
2069 2856 2185 2920 est,

149 2940 391 3020 optatius
427 2945 627 3010 debet
658 2965 818 3009 esse.
907 2965 1051 3030 eg0,
1091 2965 1257 3028 quae
1295 2943 1380 3009 ad
1414 2954 1593 3009 tuam
1630 2941 2008 3028 dignitatem
2042 2962 2185 3026 per-
2221 2960 2245 2996 ³

149 3027 321 3100 tinere
355 3038 744 3113 arbitrabor,
782 3058 1032 3103 summo
1069 3038 1282 3105 studio
1319 3036 1781 3125 diligentiaque
1815 3034 2085 3112 curab0,
2119 3036 2189 3099 in

149 3124 465 3216 primisque
519 3128 753 3200 tuebor
796 3132 972 3198 omni
1016 3132 1429 3198 observantia
1481 3130 1902 3198 clarissimum
1954 3128 2185 3204 virum,

152 3228 367 3299 patrem
400 3224 623 3306 tuum,
642 3227 818 3311 quod
854 3236 918 3293 et
951 3249 1070 3313 pro
1106 3237 1429 3293 vetustate
1455 3222 1942 3292 necessitudinis
1977 3231 2043 3286 et
2065 3244 2181 3308 pru

152 3307 445 3387 beneficiis
480 3322 709 3413 vestris
745 3331 810 3387 et
844 3343 962 3409 pro
998 3322 1332 3408 dignitate·
1347 3320 1551 3408 ipsius
1587 3319 1804 3386 facere
1838 3316 2065 3383 debeo.

1054 3472 1273 3528 LXIX.

58 3607 60 3609 ·
804 3574 921 3633 Ser.
940 3576 1156 3632 Romae
1176 3593 1227 3630 a.
1246 3592 1303 3630 u.
1326 3591 1375 3630 c.
1397 3572 1517 3630 708.

55 3682 58 3753 ᾗ
176 3665 243 3719 Μ.
276 3670 541 3735 CICERO
577 3680 645 3735 P.
676 3676 1039 3736 SERVILIO
1077 3675 1497 3735 COLLEGAE
1535 3674 1700 3732 SAL.
1735 3672 2165 3732 PLURIMAM.

269 3780 343 3852 Ο.
378 3787 642 3860 Curtius
676 3793 953 3860 Mithres
988 3804 1090 3860 est
1131 3792 1241 3859 ille
1277 3792 1569 3877 quidem,
1614 3801 1684 3855 ut
1722 3789 1878 3866 scis,
1923 3787 2189 3854 libertus
2229 3806 2249 3844 ι

161 3865 446 3963 Postumi,
479 3886 955 3954 familiarissimi
989 3887 1139 3965 mei,
1175 3887 1293 3953 sed
1326 3909 1432 3953 me
1468 3885 1621 3951 colit
1655 3894 1716 3951 et
1753 3884 2054 3950 observat
2089 3904 2193 3948 ae-

164 3981 270 4044 que
301 3987 486 4062 atque
526 3983 711 4048 illum
753 3984 966 4070 ipsum
999 3993 1344 4069 patronum
1379 4003 1590 4048 suum.
1678 3979 1853 4066 apud
1887 4000 2037 4045 eum
2073 3996 2193 4064 ego

164 4055 242 4124 ⁸50
255 4061 489 4208 0³}th
513 4077 627 4157 fui,
664 4077 1236 4164 quotienscumque
1269 4075 1389 4156 fui,
1424 4085 1755 4160 tamquam
1765 4072 1958 4228 2{omi
1991 4095 2193 4148 meae,

298 4175 457 4218 oen-onis
484 4180 561 4222 vol.
588 4178 660 4224 IX.
