2675 4559
491 232 616 299 152
1102 246 1178 300 Μ.
1216 246 1489 302 TULLII
1525 246 1925 305 CICERONIS

486 371 652 436 fore:
699 368 802 433 cui
837 367 1098 452 quidem
1134 390 1254 453 ege
1289 368 1615 455 rescripsi,
1652 393 1845 455 quam
1879 372 2036 437 mihi
2070 386 2335 459 gratum
2370 388 2527 441 esset

485 465 801 540 futurum,
837 463 889 526 si
927 484 1119 545 quam
1154 463 1503 547 plurimum
1539 464 1604 528 in
1638 476 1702 529 te
1735 467 1958 543 studii,
1994 468 2224 547 officii,
2261 470 2526 535 liberali-

487 561 629 625 tatis
668 580 819 622 suae
856 556 1246 622 contulisset.
1336 558 1451 622 sed
1485 581 1565 623 ex
1609 561 1735 625 tuis
1778 561 2003 627 litteris
2041 563 2322 649 cognovi
2354 586 2525 649 prae-

483 671 816 737 properam
879 651 1204 735 quandam
1264 652 1736 719 festinationem
1799 667 1977 721 tuam
2028 668 2093 723 et
2140 656 2343 724 simul
2395 682 2521 725 sum

483 745 856 822 admiratus,
901 767 1015 810 cur
1057 744 1417 811 tribunatus
1454 749 1816 826 commoda,
1862 750 2122 837 dempto
2157 753 2522 838 praesertim

423 865 447 905 s
479 841 698 905 labore
741 838 1032 915 militiae,
1087 841 1561 925 contempseris.
1666 863 1896 926 querar
1948 867 2094 911 cum
2138 846 2431 913 Vacerra
2466 858 2520 912 et

479 933 747 997 Manilio
759 957 778 1010 ;
813 955 962 997 nam
1002 930 1300 999 Cornelio
1334 934 1495 999 nihil
1528 936 1735 1002 audeo
1771 938 2001 1017 dicere,
2039 940 2232 1005 cuius
2263 952 2337 1008 tu
2370 941 2517 1026 peri-

479 1029 622 1089 culo
667 1029 896 1092 stultus
941 1050 1040 1105 es,
1094 1029 1397 1111 quoniam
1444 1040 1507 1095 te
1542 1031 1627 1095 ab
1659 1054 1736 1097 eo
1772 1056 1993 1119 sapere
2041 1034 2346 1101 didicisse
2388 1058 2514 1121 pro-

475 1121 690 1209 figeris.
776 1122 931 1206 quin
985 1133 1056 1187 tu
1107 1146 1298 1209 urges
1344 1124 1532 1190 istam
1578 1127 1975 1194 occasionem
2020 1140 2082 1196 et
2132 1130 2512 1204 facultatem,

479 1237 607 1297 qus.
637 1215 860 1281 melior
884 1237 1238 1300 numquam
1264 1218 1641 1303 reperietur!
1679 1222 1852 1305 quod
1880 1223 2101 1288 scribis
2130 1223 2218 1290 de
2244 1224 2356 1288 illo
2373 1223 2512 1288 Pre-

475 1309 659 1373 ciano
699 1309 1158 1386 iureconsulto,
1213 1333 1335 1397 ego
1381 1323 1446 1377 te
1490 1314 1550 1379 ei
1601 1337 1732 1380 non
1773 1317 1993 1383 desino
2037 1319 2507 1393 commendat-<33

475 1403 691 1467 scribit
735 1403 903 1468 enim
945 1404 1082 1491 ipse
1127 1406 1283 1470 mihi
1327 1418 1391 1472 te
1434 1408 1560 1472 sibi
1601 1410 1838 1495 gratias
1883 1435 2075 1498 agere
2121 1413 2391 1479 debere:
2442 1412 2509 1476 de

471 1521 547 1561 en
587 1497 738 1581 quid
772 1498 881 1574 sit,
935 1519 1090 1573 cura
1123 1510 1194 1564 ut
1237 1500 1456 1566 sciam.
1545 1524 1667 1589 ego
1702 1515 1943 1572 vestras
1978 1505 2387 1572 Britannicas
2419 1506 2507 1571 lit-

471 1605 635 1657 teras
671 1603 989 1677 exspecto.

1438 1746 1541 1801 IX.

924 1846 1046 1910 Ser.
1066 1846 1278 1903 Romae
1297 1866 1489 1904 mense
1510 1849 1706 1905 Sextili
1724 1868 1775 1905 a.
1793 1869 1848 1905 u.
1869 1869 1917 1908 c.
1941 1851 2057 1910 700.

1133 1948 1406 2005 CICERO
1444 1949 1853 2009 TREBATIO.

407 2081 431 2117 ι
595 2061 734 2124 Iam
768 2060 878 2124 diu
911 2060 1167 2145 ignore,
1206 2062 1361 2144 quid
1396 2086 1550 2149 agas
1562 2090 1581 2141 3
1617 2067 1773 2132 nihil
1809 2067 1978 2133 enim
2014 2073 2273 2151 scribis,
2306 2094 2495 2156 neque

467 2177 587 2237 ego
630 2152 714 2217 ad
766 2164 829 2217 te
872 2153 971 2217 his
1017 2153 1267 2219 duobus
1308 2158 1635 2223 mensibus
1681 2162 2082 2247 scripseram:
2136 2167 2316 2251 quod
2366 2188 2495 2231 cum

463 2245 705 2325 Quinto
741 2245 935 2311 fratre
960 2268 1104 2313 meo
1133 2270 1262 2313 non
1290 2272 1453 2327 eras,
1488 2274 1617 2335 quo
1646 2255 1958 2323 mitterem
1988 2270 2097 2325 aut
2132 2263 2245 2327 cui
2274 2261 2489 2335 darem,

459 2338 839 2403 nesciebam.
895 2341 1082 2426 cupio
1113 2343 1295 2421 scire,
1329 2346 1485 2430 quid
1521 2370 1677 2433 agas
1714 2362 1779 2416 et
1812 2351 1925 2417 ubi
1960 2354 2046 2420 sis
2080 2354 2487 2423 hiematurus:

459 2432 754 2517 equidem
797 2433 987 2500 velim
1037 2457 1182 2501 cum
1229 2435 1539 2517 Caesare,
1593 2444 1703 2508 sed
1752 2445 1834 2509 ad
1880 2469 2027 2512 eum
2069 2461 2332 2537 propter
2365 2448 2482 2515 eius

459 2529 679 2590 histum
712 2526 872 2591 nihil
908 2552 1052 2594 sum
1086 2552 1280 2598 ausus
1316 2534 1622 2613 scribere3
1668 2538 1752 2602 ad
1785 2540 2065 2607 Balbum
2099 2554 2319 2612 tamen
2352 2541 2486 2608 scri-

395 2641 419 2677 a*
455 2621 571 2705 psi.
660 2630 731 2686 tu
765 2621 882 2687 tibi
917 2622 1138 2691 deesse
1173 2627 1330 2704 noli;
1378 2630 1579 2695 serius
1612 2633 1825 2716 potius
1861 2636 1945 2700 ad
1978 2659 2123 2716 nos,
2170 2640 2325 2705 dum
2367 2637 2482 2723 ple·

451 2717 611 2781 nior.
697 2715 871 2800 quod
923 2716 1051 2784 huc
1093 2740 1396 2805 properes
1440 2723 1596 2787 nihil
1643 2736 1767 2804 est,
1821 2722 2194 2813 praesertim
2237 2734 2481 2797 Battara

451 2821 727 2874 mortuo:
767 2812 880 2875 sed
915 2812 1031 2875 tibi
1066 2814 1399 2879 consilium
1432 2839 1563 2882 non
1597 2818 1795 2886 deest.
1884 2824 2041 2907 quid
2075 2824 2476 2898 constitueris,

387 2921 415 2957 ³
451 2905 634 2989 cupio
671 2904 850 2969 scire.
923 2902 1046 2970 Cn.
1077 2905 1390 2973 Octavius
1427 2924 1524 2978 est
1560 2937 1643 2978 an
1680 2912 1801 2981 Cn.
1842 2915 2176 2988 Cornelius
2213 2921 2473 3006 quidam,

447 3005 595 3061 tuus
629 2995 977 3073 familiaris,
1015 3022 1264 3065 summo
1296 3025 1533 3089 genere
1567 3019 1777 3087 natus,
1813 3022 2019 3079 terrae
2052 3016 2225 3081 filius
2232 3041 2250 3093 3
2285 3015 2339 3079 is
2364 3034 2471 3085 me,

447 3089 595 3169 quia
647 3088 762 3154 scit
814 3100 999 3157 tuum
1053 3093 1432 3164 familiarem
1478 3124 1645 3180 esse,
1700 3106 1921 3171 crebro
1979 3109 2063 3174 ad
2118 3132 2340 3177 cenam
2387 3107 2471 3169 in·

443 3181 620 3245 vitat.
691 3183 902 3251 adhuc
934 3209 1064 3253 non
1097 3190 1306 3273 potuit
1337 3194 1686 3277 perducere
1696 3221 1715 3276 ;
1752 3201 1868 3264 sed
1900 3202 2059 3267 mihi
2091 3214 2307 3270 tamen
2338 3221 2468 3287 gra-

443 3289 579 3341 tum
615 3288 727 3344 est.

1419 3437 1493 3491 X.

845 3528 962 3585 Ser.
982 3532 1195 3589 Romae
1214 3554 1404 3593 mense
1420 3539 1721 3597 Decembri
1741 3562 1789 3600 a.
1810 3563 1865 3600 u.
1886 3565 1933 3603 c.
1956 3550 2073 3604 ΙἶΟΟ.

905 3633 1031 3703 [Μ.]
1072 3635 1347 3694 CICERO
1384 3640 1441 3696 S.
1462 3642 1551 3696 D.
1591 3644 2002 3706 TREBATIO.

375 3757 399 3793 1
563 3744 728 3829 Legi
762 3754 903 3809 tuas
938 3748 1208 3827 litteras,
1254 3775 1334 3817 ex
1372 3756 1605 3839 quibus
1637 3759 1937 3827 intellexi
1962 3774 2025 3831 te
2064 3763 2321 3831 Caesari
2352 3780 2453 3823 no-

435 3849 563 3897 stru
599 3838 782 3902 valde
823 3839 1323 3910 iureconsultum
1361 3848 1591 3916 videri:
1638 3866 1735 3919 est
1770 3858 1945 3939 quod
1987 3860 2268 3945 gaudeas
2302 3867 2363 3919 te
2390 3851 2448 3920 in

427 3925 551 3989 ista
583 3929 722 3993 loca
755 3934 1024 4013 venisse,
1062 3938 1173 4001 ubi
1207 3940 1449 4023 aliquid
1484 3967 1705 4030 sapere
1740 3949 2046 4017 viderere.
2110 3951 2280 4036 quod
2311 3946 2362 4012 si
2391 3942 2445 4006 in

427 4017 820 4089 Britanniam
847 4033 1102 4113 quoque
1137 4034 1463 4117 profectus
1489 4061 1682 4119 esses,
1715 4044 2003 4129 profecto
2038 4069 2223 4113 nemo
2254 4044 2319 4110 in
2348 4036 2444 4104 illa

2603 4055 2618 4212 -u
