2675 4559
467 266 600 342 ,166
1088 275 1164 330 Μ.
1203 274 1476 333 TULLII
1510 272 1914 331 CICERONIS

471 413 757 481 secutus,
808 411 883 467 ut
933 398 1025 465 ibi
1079 420 1278 475 esses,
1307 397 1479 463 -‘ubi
1522 418 1641 462 nec
1692 396 2179 481 Pelopidarum’
2214 432 2303 445 --
2350 400 2499 464 nosti
2569 426 2578 437 ·

471 507 684 562 cetera
712 530 831 572 -—,
875 514 994 559 nos
1027 492 1201 559 idem
1234 512 1436 578 prope
1470 491 1732 557 modum
1764 490 2220 575 consequimur
2262 491 2383 558 alia
2410 515 2502 558 ra-

467 591 672 660 tione:
709 610 856 656 cum
891 588 1062 655 enim
1089 585 1451 653 salutationi
1482 606 1601 651 nos
1630 585 1921 652 dedimus
1948 584 2321 662 amicorum,
2352 606 2503 670 quae

468 685 544 751 fit
573 683 697 749 hoc
731 684 924 750 etiam
957 682 1355 767 frequentius
1384 702 1579 765 quam
1614 680 1880 757 solebat,
1912 680 2088 763 quod
2122 680 2313 765 quasi
2336 701 2501 746 avem

469 778 682 851 albam
718 776 1015 844 videntur
1057 776 1222 843 bene
1263 773 1642 841 sentientem
1676 773 1883 841 civem
1917 772 2135 841 videre
2148 820 2169 851 ,
2214 772 2381 839 abdo
2410 795 2501 837 me

466 871 535 936 in
570 869 1036 937 bibliothecam.
1123 869 1338 952 itaque
1376 889 1570 953 opera
1613 866 1839 932 efficio·
1856 877 2061 945 tanta,
2104 878 2350 951 quanta
2377 865 2501 931 ¹for-

465 976 636 1031 tasse
671 976 744 1031 tu
777 964 1038 1042 senties3
1081 961 1365 1029 intellexi
1398 961 1569 1027 enim
1604 982 1685 1027 ex
1728 971 1841 1026 tuo
1878 982 2173 1026 sermone
2222 960 2501 1044 quodam,

469 1078 616 1124 cum
650 1080 862 1123 meam
895 1055 1279 1123 maestitiam
1313 1064 1379 1121 et
1424 1054 1931 1140 desperationem
1974 1074 2315 1121 accusares
2350 1051 2499 1118 domi

468 1161 637 1227 tuae,
675 1151 917 1217 discere
951 1163 1015 1215 te
1051 1172 1132 1215 ex
1165 1149 1325 1215 meis
1361 1147 1539 1213 libris
1574 1148 1859 1213 animum
1892 1170 2111 1215 meum
2139 1148 2498 1215 desiderare.

407 1269 433 1311 a
468 1245 582 1310 sed
617 1243 978 1311 mehercule
1014 1252 1079 1308 et
1112 1253 1251 1307 tum
1282 1264 1421 1307 rem
1452 1241 1779 1327 publicam
1810 1242 2148 1328 lugebam,
2192 1263 2359 1325 quae
2388 1261 2498 1304 non

467 1338 675 1403 solum
717 1339 844 1401 suis
889 1358 1035 1421 crya
1074 1358 1195 1415 me,
1250 1334 1367 1403 sed
1419 1335 1613 1401 etiam
1664 1335 1827 1401 meis
1872 1358 2026 1422 erga
2071 1358 2143 1403 se
2196 1332 2497 1402 beneficiis

467 1440 604 1495 erat
635 1427 796 1493 mihi
821 1432 948 1493 vita
973 1428 1201 1506 carior,
1235 1438 1300 1495 et
1333 1428 1458 1495 hoc
1483 1439 1787 1513 tempore,
1824 1449 2221 1515 quamquam
2256 1448 2357 1493 me
2388 1447 2499 1491 non

463 1522 625 1591 ratio
661 1522 870 1588 solum
905 1522 1288 1601 consolatur,
1324 1542 1492 1606 quae
1524 1522 1873 1608 plurimum
1906 1522 2102 1591 debet
2136 1524 2371 1599 valere,
2402 1518 2500 1587 sed

465 1616 658 1683 etiam
693 1614 850 1693 dies,
886 1636 1052 1701 quae
1079 1616 1289 1682 stultis
1319 1637 1579 1701 quoque
1604 1615 1846 1683 mederi
1870 1617 2053 1694 solet,
2088 1627 2309 1685 tamen
2334 1614 2499 1681 doleo

353 1746 362 1753 -
463 1711 554 1777 ita
603 1732 742 1777 rem
785 1731 1190 1777 communem
1235 1732 1375 1777 esse
1428 1710 1773 1797 dilapsam,
1823 1721 1895 1779 ut
1936 1732 2021 1777 ne
2064 1734 2217 1799 spes
2259 1707 2496 1795 quidem

463 1803 691 1871 melius
736 1804 1078 1888 aliquando
1123 1803 1260 1871 fore
1303 1805 1717 1889 relinquatur.
1805 1825 1927 1871 nec
1970 1826 2127 1871 vero
2160 1825 2333 1871 nunc
2374 1801 2495 1885 qui·

465 1896 613 1963 dem
657 1899 848 1983 culpa
889 1897 957 1963 in
999 1919 1077 1965 eo
1112 1908 1238 1975 est,
1290 1898 1359 1963 in
1404 1899 1587 1965 cuius
1630 1908 1945 1984 potestate
1990 1899 2211 1965 omnia
2254 1907 2396 1965 sunt
2424 1928 2495 1941 —

459 1991 585 2057 nisi
636 1991 801 2061 forte
851 1992 922 2055 id
962 1992 1175 2076 ipsum
1221 2012 1360 2057 esse
1403 2013 1537 2058 non
1590 1990 1811 2057 debuit
1840 2026 1958 2070 -—,
2012 1993 2131 2059 sed
2172 1992 2300 2059 alia
2342 2010 2495 2062 casu,

461 2084 590 2149 alia
633 2084 826 2149 etiam
869 2095 1088 2149 nostra
1122 2084 1312 2171 culpa
1356 2085 1448 2149 sic
1480 2084 1881 2162 acciderunt,
1932 2095 2008 2152 ut
2040 2088 2117 2152 de
2158 2080 2493 2173 praeteritis

460 2197 594 2239 non
625 2176 708 2240 sit
741 2176 1159 2259 querendum.
1246 2176 1561 2260 reliquam
1606 2198 1787 2264 spem
1828 2179 2073 2245 nullam
2118 2180 2332 2255 videm
2382 2194 2495 2258 qua
2612 2170 2616 2203 ³

458 2290 529 2333 re
564 2266 647 2333 ad
681 2268 888 2355 prima
919 2268 1142 2336 redeoe
1187 2270 1505 2355 sapienter
1548 2269 1709 2341 haec
1742 2270 2085 2357 reliquisti,
2132 2273 2189 2339 si
2222 2267 2491 2341 consili03
2608 2308 2615 2383 3

459 2362 749 2439 feliciter,
783 2362 842 2427 si
877 2384 1052 2430 casu.

1374 2598 1593 2655 XXIX.

835 2700 956 2757 Scr.
971 2699 1161 2756 Patris
1181 2718 1232 2757 a.
1255 2701 1308 2756 d.
1327 2700 1464 2755 IIII.
1485 2702 1618 2757 Kal.
1638 2702 1782 2760 Nov.
1805 2719 1857 2757 a.
1875 2720 1937 2758 u..
1952 2718 2001 2759 c.
2022 2702 2143 2760 709.

867 2801 1150 2859 CURIUS
1189 2802 1316 2871 [M]
1356 2802 1719 2861 CICERONI
1755 2803 1902 2862 SUO
1940 2804 2106 2862 SAL.

395 2950 420 2987 1
586 2921 656 2988 S.
693 2945 755 2987 v.
793 2923 856 2987 b.
893 2944 1036 2989 sum
1070 2925 1240 2989 enim
1283 2924 1514 3011 χρήσει
1546 2926 1662 3009 μὲν
1707 2938 1885 3004 tuus,
1938 2927 2164 3015 κτήσει
2201 2926 2272 2993 δὲ
2304 2916 2483 2989 Attici

456 3015 679 3092 nostri3
735 3038 889 3102 ergo
943 3015 1190 3083 fructus
1247 3028 1345 3083 est
1406 3030 1585 3096 tuus,
1637 3020 2028 3107 mancipium
2084 3022 2282 3097 inius3
2332 3010 2481 3101 quod

454 3108 712 3192 quidem
747 3109 802 3175 si
842 3109 1009 3178 inter
1042 3133 1226 3177 senes
1261 3113 1741 3199 coemptionalis
1776 3115 2001 3181 venale
2053 3106 2481 3201 proscripserit,

455 3202 655 3289 egerit
687 3226 819 3269 non
851 3205 1152 3271 multumt
1199 3216 1267 3271 at
1299 3206 1411 3272 illa
1451 3218 1669 3273 nostra
1711 3208 2100 3293 praedicatio
2135 3205 2351 3295 quanti
2382 3209 2478 3273 est,

451 3318 596 3376 nos,
644 3299 816 3383 quod
850 3300 1077 3378 simus,
1122 3300 1294 3385 quod
1327 3300 1707 3379 habeamus,
1760 3302 1936 3386 quod
1969 3303 2257 3369 homines
2290 3291 2479 3365 existi·

449 3413 718 3469 memur,
751 3392 820 3457 id
855 3414 1042 3460 omne
1077 3394 1192 3459 abs
1228 3406 1292 3461 te
1325 3394 1593 3461 habere!
1631 3417 1760 3481 qua
1804 3418 1910 3474 re,
1946 3394 2177 3463 Cicero
2208 3392 2323 3469 mi,
2352 3404 2477 3489 Ρθῑῗ

450 3506 672 3551 severa
725 3497 1086 3553 constanter
1136 3509 1254 3553 nos
1299 3510 1675 3557 conservare
1732 3501 1798 3556 et
1842 3488 2113 3576 Sulpicii
2156 3498 2475 3555 successor1

447 3599 566 3643 nos
591 3579 670 3645 de
695 3579 954 3647 meliore
970 3590 1124 3645 nota
1141 3582 1538 3660 commenda,
1576 3605 1703 3669 quo
1720 3583 1971 3651 facilius
1997 3583 2125 3651 tuis
2148 3568 2475 3670 praecepfifl

447 3674 884 3760 obtemperare
921 3672 1296 3761 [possimus]
1347 3688 1537 3762 teque
1583 3678 1665 3744 ad
1710 3701 1822 3745 ver
1862 3678 2153 3747 lubentes
2186 3674 2391 3743 videre
2419 3672 2472 3728 et

387 3786 414 3825 2
446 3778 662 3832 nostra
705 3766 972 3853 refigere
1009 3766 1469 3855 deportareque
1513 3781 1653 3836 tuto
1687 3772 2029 3858 possimus.
2106 3770 2252 3847 sed,
2294 3760 2473 3831 amioe

445 3881 708 3945 magne,
759 3860 891 3925 noli
925 3861 1092 3929 hanc
1137 3861 1470 3951 epistolam
1504 3865 1725 3930 Attico
1760 3862 2121 3945 ostender03
2172 3863 2309 3930 sine
2340 3871 2466 3922 eum

445 3974 655 4019 errare
699 3966 761 4020 et
803 3965 1030 4041 putare
1073 3979 1176 4023 me
1222 3956 1433 4023 virum
1485 3958 1728 4035 bonum
1772 3981 1912 4026 esse
1961 3981 2083 4026 nec
2122 3955 2321 4025 solere
2354 3944 2466 4048 du?

441 4046 713 4130 parietes
759 4047 837 4113 de
882 4050 1106 4117 eadem
1157 4051 1372 4117 fidelia
1427 4051 1748 4121 dealbare.
1834 4074 2021 4140 erg0,
2070 4062 2324 4139 patrone
2368 4055 2463 4108 ΠΗ»
