2675 4559
440 291 551 381 98·
1059 296 1136 351 Μ.
1175 294 1449 351 TULLn
1484 291 1883 349 CICERONIS

439 424 858 492 sanctissume
919 442 1058 487 esse
1111 418 1596 483 observaturum
1656 412 2288 499 diligentissumeque
2356 436 2509 494 esse

439 520 788 583 facturum:
843 536 1008 599 quae
1053 536 1093 577 a
1135 534 1240 576 me
1286 519 1583 595 suscepta
1633 507 1919 573 defensio
1965 518 2063 573 est
2112 517 2179 593 te
2230 506 2509 573 absente

437 610 768 699 dignitatis
795 620 978 685 tuae,
991 607 1062 671 in
1079 628 1158 671 ea
1185 605 1313 669 iam
1329 625 1455 689 ego
1478 624 1609 667 non
1637 602 1845 667 solum
1868 600 2189 667 amicitiae
2214 612 2507 680 nostrae,

441 706 555 771 sed
592 705 784 771 etiam
819 700 1212 769 constantiae
1247 720 1430 763 meae
1467 718 1661 763 causa
1694 695 2105 781 permanebO.
2176 716 2377 778 quam
2414 695 2507 759 ob

440 822 577 879 rem
613 797 764 863 satis
793 818 932 863 esse
966 795 1090 859 hoc
1117 801 1403 877 tempore
1430 790 1771 855 arbitratus
1802 812 1945 853 sum
1980 788 2103 853 hoc
2128 788 2215 853 ad
2249 797 2315 855 te
2342 788 2507 853 scri-

439 893 621 957 bere:
674 912 808 967 me,
861 888 916 953 si
960 886 1118 972 quid
1159 886 1296 973 ipse
1339 884 1776 969 intellegerem
1820 893 1936 947 aut
1968 882 2053 947 ad
2099 882 2503 947 voluntatem

441 996 554 1050 aut
587 984 672 1050 ad
705 983 1114 1049 commodum
1147 990 1260 1045 aut
1296 978 1381 1043 ad
1426 976 1906 1063 amplitudinem
1940 986 2121 1041 tuam
2154 975 2499 1062 pertinere,

443 1102 588 1145 mea
623 1090 848 1164 sponte
881 1077 950 1141 id
985 1098 1126 1143 esse
1161 1074 1483 1139 facturum
1494 1096 1515 1149 3
1560 1072 1660 1137 sin
1694 1081 1909 1137 autem
1944 1069 2273 1157 quippiam
2310 1082 2427 1139 aut
2460 1095 2502 1135 a

444 1186 508 1237 te
545 1194 749 1238 essem
785 1170 1148 1235 admonitus
1183 1178 1297 1232 aut
1331 1189 1371 1230 a
1396 1166 1545 1242 tuis,
1582 1164 1960 1233 effecturum
1984 1175 2060 1229 ut
2090 1164 2499 1249 intellegeres

441 1264 600 1329 nihil
633 1284 842 1347 neque
865 1274 932 1328 te
959 1261 1290 1347 scripsisse
1315 1280 1525 1344 neque
1552 1280 1943 1343 quemquam
1970 1268 2223 1323 tuorum
2258 1257 2503 1323 frustra

438 1358 528 1423 ad
562 1380 666 1422 me
702 1357 1022 1423 detulisse.
1110 1375 1304 1437 quam
1338 1355 1425 1419 ob
1468 1374 1605 1421 rem
1648 1353 1841 1417 velim
1871 1353 1963 1418 ita
1996 1363 2060 1419 et
2100 1353 2237 1437 ipse
2269 1352 2361 1415 ad
2392 1374 2503 1417 me

443 1450 684 1515 scribas
712 1451 792 1515 de
819 1449 1116 1515 omnibus
1141 1448 1442 1525 minimis,
1475 1448 1793 1523 maximis,
1826 1448 2253 1513 mediocribus
2278 1447 2501 1524 rebus,

441 1554 519 1610 ut
551 1544 636 1609 ad
669 1544 992 1610 hominem
1019 1542 1495 1621 amicissimum,
1532 1550 1597 1607 et
1630 1541 1757 1607 tuis
1791 1542 2145 1627 praecipias
2178 1552 2253 1605 ut
2278 1562 2503 1627 opera,

444 1637 738 1716 consilio,
775 1638 1178 1715 auctoritate,
1222 1638 1433 1723 gratia
1464 1660 1611 1701 mea
1654 1636 1745 1703 sic
1780 1646 2041 1701 utantur
2072 1637 2141 1701 in
2176 1636 2501 1711 omnibus,

445 1732 718 1819 publicis
753 1731 1016 1819 privatis
1029 1778 1048 1807 ,
1093 1729 1452 1796 forensibus
1488 1730 1878 1807 domesticis,
1924 1730 2080 1807 tuis,
2123 1730 2503 1806 amicorum,

443 1826 794 1913 hospitum,
841 1826 1166 1891 clientium
1199 1837 1457 1889 tuorum
1490 1824 1793 1911 negotiis,
1830 1834 1929 1901 ut,
1976 1824 2149 1908 quod
2184 1823 2325 1889 eius
2360 1824 2503 1889 fieri

441 1922 662 2008 possit,
698 1920 1098 2007 praesentiae
1134 1929 1283 1985 tuae
1311 1918 1711 1983 desiderium·
1733 1940 1877 1983 meo
1904 1919 2122 1984 labore
2147 1918 2501 1983 minuatur.

1422 2152 1528 2207 IX.

597 2254 715 2313 Ser.
735 2256 796 2309 in
815 2236 1008 2310 castris
1028 2254 1288 2311 Naronae
1309 2272 1361 2309 a.
1382 2254 1435 2309 d.
1455 2254 1526 2311 V.
1548 2256 1683 2309 Idus
1703 2254 1980 2320 Quintiles
1998 2273 2047 2312 a.
2068 2274 2123 2309 u.
2142 2272 2191 2309 c.
2212 2224 2337 2311 709.

790 2355 1169 2413 VATINIUS
1205 2356 1364 2411 IMP.
1401 2356 1763 2414 CICERONI
1800 2356 1946 2415 SUO
1985 2356 2149 2413 SAL.

570 2478 640 2547 S.
677 2479 761 2545 V.
798 2479 881 2543 B.
918 2477 999 2543 E.
1035 2477 1116 2543 Ε.
1153 2479 1237 2545 V.
1302 2478 1378 2545 Si
1412 2491 1589 2544 tuam
1624 2480 2144 2545 consuetudinem
2176 2479 2247 2544 in
2282 2492 2504 2565 patro-

442 2573 622 2639 ciniis
657 2572 914 2637 tuendis
949 2594 1186 2651 servas,
1221 2572 1300 2637 P.
1337 2570 1636 2639 Vatinius
1674 2574 1869 2639 cliens
1904 2574 2192 2650 advenit,
2228 2574 2346 2657 qui
2380 2596 2501 2659 pro

441 2691 510 2734 se
545 2688 808 2733 causam
851 2666 1048 2733 dicier
1091 2668 1254 2733 volt:
1306 2688 1465 2745 non,
1509 2679 1695 2753 puto,
1729 2667 2094 2753 repudiabis
2128 2667 2197 2731 in
2230 2667 2501 2746 honore,

317 2757 322 2761 ’
441 2784 634 2846 quem
694 2762 762 2826 in
822 2760 1107 2847 periculo
1166 2760 1482 2847 recepisti.
1588 2784 1711 2847 ego
1763 2772 1978 2827 autem
2029 2783 2221 2846 quem
2280 2762 2501 2847 potius

439 2857 743 2941 adoptem
779 2866 891 2921 aut
929 2854 1223 2920 invocem
1259 2876 1455 2938 quam
1494 2855 1710 2933 illum,
1755 2878 1883 2941 quo
1930 2854 2307 2923 defendente
2356 2855 2503 2920 vin-
2612 2923 2620 2932 ,

441 2970 584 3013 cere
620 2948 851 3013 didici?
886 2970 968 3012 an
1003 2970 1226 3015 verear
1259 2970 1364 3025 ne,
1399 2949 1511 3033 qui
1544 2950 2126 3035 potentissimorum
2160 2948 2501 3015 hominum

441 3042 975 3127 conspirationem
1017 3042 1369 3128 neglexerit
1404 3065 1523 3128 pro
1558 3066 1704 3109 mea
1739 3045 1971 3123 salute,
2006 3045 2062 3109 is
2094 3066 2212 3130 pro
2247 3044 2499 3111 honore

437 3157 582 3201 meo
617 3136 994 3223 pusillorum
1021 3158 1098 3202 ac
1127 3137 1589 3203 malevolorum
1614 3138 2103 3227 obtrectationes
2129 3150 2194 3205 et
2217 3138 2499 3204 invidias

437 3250 570 3295 non
603 3241 964 3316 prosternat
1007 3242 1200 3316 atque
1233 3232 1525 3297 obterat?
1570 3253 1699 3315 qua
1731 3254 1802 3297 re
1836 3232 1893 3297 si
1926 3254 2060 3308 me,
2104 3232 2268 3297 sieut.
2299 3232 2497 3309 soles,

439 3348 648 3403 amas,
693 3326 944 3411 suscipe
979 3348 1082 3391 me
1119 3337 1324 3392 totum
1359 3338 1554 3410 atque
1598 3326 1749 3403 hoc,
1793 3326 2099 3411 quiequid
2142 3337 2238 3391 est
2281 3328 2497 3391 oneris

439 3440 516 3485 ae
550 3420 853 3497 muneris,
887 3441 1004 3506 pro
1039 3442 1186 3485 mea
1221 3420 1529 3506 dignitate
1564 3418 1683 3485 tibi
1714 3420 2026 3486 tuendum
2059 3440 2137 3485 ac
2172 3419 2499 3486 sustinen-

439 3510 594 3575 dum
627 3521 802 3595 puta.
891 3512 1015 3577 scis
1051 3536 1261 3579 meam
1303 3513 1628 3579 fortunam
1660 3514 1876 3581 nescio
1912 3536 2040 3600 quo
2074 3514 2264 3579 modo
2298 3514 2497 3591 facile

438 3602 892 3671 obtrectatores
925 3606 1240 3684 invenire,
1285 3627 1417 3671 non
1450 3629 1595 3675 meo
1630 3608 1890 3692 quidem
1924 3608 2319 3675 mehercules
2354 3630 2497 3673 me-

435 3698 558 3764 rito
571 3723 590 3777 3
613 3694 750 3764 'sed
794 3700 1016 3783 quanti
1057 3700 1126 3765 id
1167 3700 1397 3779 refert,
1442 3702 1497 3767 si
1542 3709 1756 3771 tamen
1798 3702 1931 3768 fato
1964 3702 2179 3769 nescio
2216 3714 2345 3787 qu'o
2384 3725 2497 3768 ac-

435 3792 628 3858 cidit?
661 3794 716 3859 si
745 3794 856 3877 qui
880 3792 1045 3882 forte
1069 3794 1284 3874 fuerit,
1321 3796 1432 3880 qui
1457 3806 1711 3863 nostrae
1740 3796 2035 3883 dignitati
2061 3797 2287 3872 obesse
2312 3798 2492 3874 velit,

433 3896 582 3969 peto
619 3908 659 3949 a
693 3896 758 3952 te
793 3898 866 3952 ut
909 3900 1087 3954 tuam
1123 3890 1648 3957 consuetudinem
1684 3902 1749 3957 et
1790 3890 2235 3957 liberalitatem
2278 3890 2347 3955 in
2382 3912 2491 3955 me

406 3978 703 4061 'absente
723 3980 1128 4049 defendendo
1153 3984 1310 4049 mihi
1342 3995 1648 4070 praestes.
1701 3986 1942 4053 litteras
1970 3984 2055 4050 ad
2082 3994 2375 4051 senatum
2404 3984 2489 4050 de

432 4066 624 4136 rebus
652 4076 882 4139 nostris
909 4079 1130 4161 gestis,
1167 4099 1296 4161 quo
1325 4078 1619 4164 exemplo
1645 4080 1965 4156 miseram,
2000 4078 2169 4145 infra
2196 4077 2314 4143 tibi
2338 4099 2493 4163 per-
