2675 4559
381 232 527 299 ’476
657 282 664 293 .
1009 239 1079 308 Q.
1117 238 1393 298 TULLII
1424 237 1827 297 CICERONIS

337 392 364 432 e
397 391 690 455 coquam·
777 364 951 452 quod
985 386 1090 431 me
1125 362 1428 441 hortaris,
1462 373 1536 428 ut
1568 363 1918 439 absolvam,
1954 361 2160 428 habeo
2196 360 2471 428 absolu-

397 477 532 531 tum
571 482 798 539 suave,
833 457 994 525 mihi
1025 457 1288 543 quidem
1319 457 1417 523 uti
1450 457 1732 533 videtur,
1770 454 1935 533 ’ἔπος
1966 456 2050 521 ad
2084 452 2467 532 Caesarem,

395 558 514 625 sed
544 576 786 642 quaero
819 552 1204 639 locupletem
1239 551 1661 628 tabellarium,
1696 573 1778 617 ne
1814 550 2061 619 aecidat
2094 550 2273 635 quod
2300 548 2467 615 Eri-

395 674 604 739 gonae
647 663 796 715 tuae
808 696 828 727 ‚
882 648 988 714 cui
1029 646 1150 713 soli
1195 643 1477 712 Caesare
1521 646 1902 733 imperatore
1946 645 2068 711 iter
2110 668 2192 711 ex
2234 642 2471 711 Gallia

340 767 364 807 ἰ
397 758 607 813 tutum
656 766 788 811 non
839 743 983 809 fuit.
1089 742 1124 777 ¹*
1144 743 1179 778 ¹*
1225 740 1420 825 quid?
1471 742 1524 805 si
1576 752 1979 806 caementum
2034 734 2273 805 bonum
2326 761 2469 803 non

396 840 693 918 habeam,
725 837 1064 905 deturbem
1098 834 1499 902 aedificium?
1532 835 1705 919 quod
1740 834 2000 919 quidem
2030 834 2191 899 mihi
2226 832 2469 899 cotidie

396 936 604 1023 magis
638 934 877 1023 placet,
921 931 990 997 in
1034 930 1385 1017 primisque
1420 930 1689 995 inferior
1714 929 1997 1015 porticus
2034 940 2101 994 et
2133 927 2275 994 eius
2306 950 2471 993 con-

358 1093 363 1096 .
399 1030 608 1098 clavia
655 1029 817 1097 fiunt
867 1036 1058 1095 recte.
1147 1024 1228 1091 de
1272 1026 1557 1102 Arcano,
1612 1022 1910 1091 Caesaris
1962 1046 2125 1111 opus
2172 1036 2299 1103 est,
2358 1024 2468 1090 vel

397 1124 762 1191 mehercule
787 1122 980 1189 etiem
997 1119 1407 1207 elegantioris
1432 1118 1727 1196 alicuius3
1764 1118 2077 1205 imagines
2096 1118 2271 1184 enim
2296 1117 2465 1183 istae

399 1232 466 1287 et
504 1220 822 1306 palaestra
855 1226 921 1283 et
963 1215 1210 1301 piscina
1254 1224 1319 1280 et
1352 1212 1539 1279 Nilus
1582 1214 1927 1279 multorum
1962 1212 2464 1279 Philotimorum

400 1326 526 1393 est,
569 1335 699 1379 non
733 1310 1164 1397 Diphilorum.
1253 1309 1370 1375 sed
1404 1319 1469 1374 et
1510 1308 1635 1395 ipsi
1680 1330 1759 1373 ea
1792 1308 2109 1373 adibimus
2146 1318 2211 1373 et
2245 1306 2465 1373 mitte-

334 1432 360 1471 s
401 1431 543 1473 mus
587 1418 654 1472 et
695 1403 1162 1471 mandabimus.
1252 1403 1334 1468 de
1368 1402 1605 1469 Felicis
1631 1413 2019 1471 testamento
2062 1414 2202 1468 tum
2247 1402 2460 1489 magis

399 1495 687 1587 querare,
724 1500 778 1565 si
813 1498 1006 1565 scias:
1043 1519 1205 1583 quas
1231 1498 1405 1563 euim
1438 1497 1691 1563 tabulas
1720 1520 1789 1563 se
1815 1498 2066 1583 putavit
2090 1498 2460 1583 obsignare,

397 1601 432 1679 †
465 1598 532 1663 in
566 1595 802 1682 quibus
834 1594 903 1659 in
946 1592 1152 1660 unciis
1193 1592 1630 1658 firmissimum
1671 1603 1853 1659 tenes
1887 1614 2041 1658 vero
2083 1593 2303 1679 lapsus
2340 1602 2461 1670 est,

402 1714 516 1777 per
559 1712 838 1757 errorem
891 1699 956 1754 et
1009 1711 1198 1754 suum
1241 1698 1304 1753 et
1352 1685 1619 1754 Sicurae
1663 1686 1833 1753 servi
1887 1709 2017 1752 non
2062 1685 2461 1774 obsignavit3

401 1808 564 1871 quas
605 1784 838 1860 noluit,
882 1805 991 1848 eas
1028 1782 1411 1868 obsignavit.
1470 1776 1639 1846 ἀλλ’
1682 1778 2048 1865 οἰμωζέτω·
2100 1803 2217 1846 nos
2265 1781 2461 1846 modo

338 1893 364 1933 ⁹
401 1882 748 1945 valeamus.
837 1874 1218 1943 Ciceronem
1253 1887 1316 1943 et
1360 1887 1430 1941 ut
1464 1896 1655 1961 rogas
1691 1898 1836 1941 amo
1872 1887 1937 1941 et
1971 1886 2043 1941 ut
2076 1886 2363 1941 meretur
2396 1885 2463 1941 et

400 1974 633 2039 debeo:
689 1970 938 2037 dimitto
974 1982 1192 2036 autem
1227 1992 1266 2035 a
1300 1992 1434 2047 me,
1488 1982 1549 2035 et
1595 1981 1671 2035 ut
1703 1992 1743 2034 a
1774 1968 2099 2055 magistris
2134 1992 2216 2035 ne
2254 1968 2463 2034 abdu-

399 2090 542 2133 cam
577 2077 640 2133 et
673 2065 849 2151 quod
882 2076 1088 2131 mater
1123 2060 1535 2151 [Pomponia]
1576 2062 1872 2141 discedit,
1910 2064 2045 2130 sine
2080 2082 2211 2148 qua
2244 2064 2463 2129 edaci-

399 2172 596 2227 tatem
647 2159 830 2245 pueri
889 2159 1272 2245 pertimesco
1281 2182 1302 2237 3
1366 2158 1481 2225 sed
1532 2178 1755 2223 sumus
1814 2180 1946 2223 una
1998 2168 2214 2225 tamen
2266 2156 2461 2223 valde

397 2253 690 2317 multum.
778 2252 1074 2337 rescripsi
1115 2252 1200 2317 ad
1245 2252 1497 2319 omnim
1566 2251 1656 2317 mi
1700 2250 2077 2318 suavissime
2115 2262 2181 2318 et
2217 2252 2461 2339 optime

396 2345 620 2421 frater,
656 2344 820 2409 vale.
