2675 4559
496 257 1054 316 EPISTOLARUM
1084 258 1195 313 AD
1233 258 1303 323 Q.
1340 259 1718 316 FRATREM
1748 259 1799 316 1.
1836 261 1888 317 1.
2088 246 2224 315 425

157 383 568 471 aequabilem
613 394 829 449 tenere
863 382 1174 448 rationem
1187 430 1204 460 ‚
1247 381 1507 447 facilem
1542 406 1611 449 se
1654 386 1723 449 in
1756 384 1949 450 rebus
1981 406 2220 475 cogno-

161 480 437 557 scendis,
473 478 542 544 in
573 475 939 543 hominibus
967 476 1304 542 audiendis
1342 476 1879 563 admittendisque
1914 480 2148 566 praebe
2156 507 2220 547 re

158 574 564 663 praeclarum
597 572 803 657 magis
840 582 937 637 est
969 591 1167 656 quam
1201 570 1494 652 diffisum
1540 594 1673 638 non
1716 585 1815 638 est
1850 575 2019 640 enim
2053 579 2220 663 posi-

157 682 302 736 tum
345 668 415 734 in
456 667 676 733 labore
722 666 966 749 alique,
1021 666 1137 731 sed
1179 665 1248 729 in
1291 665 1574 750 quadam
1615 666 1984 734 inductione
2028 671 2220 735 animi

155 774 224 829 et
266 762 619 827 voluntate.
705 760 816 826 illa
861 781 1058 850 causa
1101 760 1592 847 publicanorum
1637 772 1943 846 quantam
1979 767 2220 831 acer-hi-

156 868 360 925 tatem
414 856 664 921 adferat
715 855 933 932 sociis,
985 854 1419 921 intelleximus
1472 878 1551 922 ex
1606 855 1885 933 civibus,
1940 859 2053 941 qui
2104 883 2220 923 nn-

155 975 274 1039 per
326 952 396 1017 in
447 949 742 1037 portoriis
796 948 1022 1015 Italiae
1075 938 1371 1015 tollendis
1435 972 1567 1016 non
1620 961 1755 1016 tam
1808 950 1889 1017 de
1941 955 2220 1036 portorio

157 1070 360 1132 quam
424 1046 505 1111 de
564 1066 697 1110 non
757 1044 950 1109 nullis
1011 1044 1258 1110 iniuriis
1321 1046 1704 1131 portitorum
1758 1047 2220 1131 querebant11r3

154 1162 291 1224 qua
325 1164 396 1207 re
433 1162 562 1205 non
605 1139 864 1226 ignoro,
914 1139 1071 1223 quid
1117 1138 1305 1205 sociis
1342 1139 1645 1205 accidat
1626 1163 1695 1205 ιιι
1739 1140 1983 1207 ultimis
2019 1144 2220 1219 terris,

158 1258 311 1301 cum
347 1234 662 1301 audierim
706 1234 775 1298 in
809 1233 1000 1299 Italia
1043 1234 1336 1317 querelas
1374 1234 1631 1300 civium.
1718 1234 1826 1301 hic
1860 1246 1924 1302 te
1955 1236 2048 1301 ita
2079 1259 2156 1299 vs
2164 1263 2224 1299 r>-

157 1330 318 1406 sari,
371 1340 446 1393 ut
498 1338 562 1393 et
611 1328 972 1415 publicanis
1028 1328 1180 1393 satis
1231 1328 1463 1408 facias,
1524 1329 1899 1415 praesertim
1950 1331 2220 1417 publicis

156 1426 329 1491 male
363 1424 730 1509 redemptis,
767 1435 833 1489 et
859 1423 1066 1489 socios
1100 1424 1309 1509 perire
1336 1445 1468 1490 non
1497 1426 1689 1503 sinas,
1727 1425 1983 1493 divinae
2011 1427 2224 1492 euius-a

157 1520 315 1585 dam
348 1518 600 1584 virtutis
637 1540 775 1585 esse
813 1518 1086 1595 videtur,
1120 1517 1190 1581 id
1225 1528 1324 1584 est
1358 1529 1526 1585 tuae,
1590 1542 1668 1586 ac
1702 1520 1981 1605 primum
2017 1520 2224 1589 Grae-

157 1614 253 1679 cis
287 1612 377 1689 id,
414 1613 587 1696 quod
622 1611 1106 1678 acerbissimum
1140 1624 1257 1689 est,
1295 1613 1468 1696 quod
1506 1624 1651 1679 sunt
1689 1608 2060 1701 vectigales,
2096 1639 2224 1679 nnn

156 1710 252 1774 ita
296 1709 603 1775 acerbum
648 1707 855 1773 videri
897 1707 1119 1785 debet,
1171 1719 1512 1793 propterea
1556 1708 1732 1793 quod
1777 1710 1914 1776 sine
1956 1709 2088 1795 imp
2096 1715 2224 1775 eris

157 1803 388 1891 populi
439 1803 718 1869 Romani
778 1803 910 1867 suis
963 1802 1272 1868 institutis
1331 1825 1451 1888 per
1503 1824 1574 1868 se
1624 1802 1749 1888 ipsi
1800 1803 1893 1868 ita
1942 1803 2220 1870 fuerunt.

158 1920 398 1963 nomen
435 1908 650 1963 autem
684 1896 1014 1982 publicani
1051 1896 1381 1982 aspernari
1416 1917 1546 1961 non
1581 1907 1879 1982 possunt,
1924 1898 2037 1981 qui
2069 1920 2224 1983 pen·

160 1993 316 2059 dere
350 1991 474 2078 ipsi
509 1990 787 2077 vectigal
824 1991 962 2056 sine
997 1990 1343 2077 publicano
1378 2012 1509 2056 non
1543 1991 1896 2077 potuerint,
1940 1995 2112 2076 quod
2152 1995 2224 2055 iis

158 2089 517 2175 aequaliter
553 2086 738 2155 Sulla
772 2086 1211 2173 discripserat3
1257 2108 1388 2151 non
1424 2108 1565 2153 esse
1600 2098 1817 2153 autem
1852 2087 2124 2156 leniores
2164 2091 2228 2151 ἰιι

160 2184 497 2271 exigendis
533 2182 956 2268 vectigalibus
996 2178 1284 2249 Graecos
1320 2202 1517 2265 quam
1560 2191 1813 2248 nostros
1848 2183 2224 2270 publicanos

159 2280 316 2345 hinc
364 2278 652 2364 intellegi
673 2279 678 2295 ”
694 2288 934 2363 potest,
989 2276 1165 2360 quod
1212 2274 1450 2343 Caunii
1500 2299 1709 2362 nuper
1752 2299 2100 2363 omnesque
2148 2303 2228 2343 ex

158 2373 418 2448 insulis,
491 2393 657 2456 quae
718 2383 900 2436 erant
961 2395 1002 2437 a
1065 2370 1248 2439 Sulla
1309 2371 1581 2436 Rhodiis
1644 2372 2014 2450 attributae,
2079 2395 2228 2439 cnu-

159 2469 476 2554 fugerunt
537 2466 620 2531 ad
682 2477 1006 2544 senatum,
1072 2466 1258 2532 nobis
1312 2476 1386 2531 ut
1436 2465 1650 2552 potius
1702 2468 1984 2556 vectigal
2034 2490 2228 2553 quam

159 2561 434 2629 Rhodiis
506 2559 876 2647 penderent.
981 2582 1112 2644 qua
1181 2583 1251 2625 re
1325 2581 1563 2626 nomen
1633 2561 1960 2646 publicani
2022 2585 2228 2645 nequ-2

157 2658 207 2722 ii
262 2656 501 2722 debent
553 2655 841 2731 horrere,
902 2654 1016 2737 qui
1069 2675 1320 2738 semper
1374 2654 1722 2739 vectigales
1782 2654 2065 2729 fuerunt,
2120 2646 2228 2719 ne-

158 2774 290 2837 que
343 2750 392 2815 ii
442 2748 798 2835 aspernari,
843 2748 956 2832 qui
997 2768 1113 2831 per
1156 2768 1225 2812 se
1278 2747 1560 2831 pendere
1604 2747 1882 2833 vectigal
1932 2768 2062 2811 non
2116 2771 2228 2831 p111÷

158 2854 456 2922 tuerunt,
507 2864 719 2927 neque
765 2842 816 2907 -ii
878 2863 1174 2907 recusare
1187 2888 1204 2917 ‚
1265 2840 1381 2923 qui
1432 2841 1935 2926 postulaverunt.
2041 2843 2156 2907 sim
2166 2843 2228 2907 ul

159 2940 361 3007 etiam
394 2937 555 3004 illud
575 2937 740 3003 Asia
768 2936 1026 3023 cogitet,
1060 2936 1306 3001 nullam
1343 2936 1426 3000 ab
1455 2957 1523 3002 se
1559 2957 1768 3019 neque
1803 2937 1955 3002 belli
1985 2939 2228 3004 extemi,

156 3055 375 3118 neque
413 3032 908 3098 domesticarum
945 3029 1410 3096 discordiarum
1445 3031 1873 3097 calamitatem
1908 3031 2228 3099 afuturam

159 3128 400 3205 fuisse,
435 3127 494 3192 si
525 3127 650 3192 hoc
683 3125 952 3212 imperio
986 3146 1116 3190 non
1150 3136 1476 3191 teneretur
1486 3149 1504 3203 3
1539 3126 1608 3190 id
1643 3138 1859 3193 autem
1892 3127 2228 3212 imperium

163 3246 319 3289 cum
352 3222 612 3288 retineri
659 3221 798 3287 sine
841 3219 1262 3306 vectigalibus
1306 3221 1485 3286 nullo
1519 3220 1711 3286 modo
1745 3221 1977 3306 possit,
2024 3243 2228 3303 aequm

163 3318 384 3383 animo
417 3334 600 3403 parte
635 3316 850 3399 aliqua
894 3336 1158 3380 suorum
1201 3314 1547 3393 fructuum
1568 3337 1795 3401 pacem
1831 3313 1955 3381 sibi
1999 3336 2232 3399 sen1p1

162 3425 418 3478 ternam
459 3409 736 3476 redimat
779 3421 974 3493 atque
1018 3408 1240 3473 otium.
1342 3408 1519 3492 quod
1562 3409 1616 3473 si
1660 3430 1866 3495 genus
1910 3408 2124 3494 ipsum
2168 3424 2232 3471 et

2260 799 2308 835 33

2264 2863 2315 2899 51

2270 3407 2332 3455 12

163 3526 404 3571 nomen
436 3504 764 3590 publicani
797 3525 929 3569 non
962 3503 1183 3587 iniquo
1219 3501 1435 3568 animo
1472 3503 1897 3580 sustinebunt,
1932 3512 2232 3588 poterunt
2268 3479 2316 3515 ²⁵*

162 3601 245 3665 iis
284 3599 548 3666 consilio
591 3610 658 3665 et
701 3598 1044 3685 prudentia
1087 3608 1201 3663 tua
1233 3597 1485 3683 reliqua
1516 3597 1727 3663 videri
1755 3596 2039 3683 mitiora·
2084 3619 2232 3683 pos-

165 3705 323 3760 sunt
355 3693 427 3759 in
467 3694 871 3779 pactionibus
917 3691 1225 3759 faciendis
1261 3713 1393 3759 non
1436 3693 1651 3779 legem
1686 3702 1976 3777 spectare
2011 3712 2232 3756 censs·-

163 3789 360 3865 riam,
417 3786 533 3853 sed
583 3788 797 3873 potius
862 3787 1381 3854 commoditatem
1435 3785 1814 3854 conficiendi
1872 3784 2116 3871 negotii
2172 3799 2232 3847 st

164 3881 613 3948 liberationem
645 3881 1004 3959 molestiae;
1042 3893 1226 3967 potes
1254 3881 1450 3947 etiam
1485 3892 1559 3947 tu
1583 3879 1653 3946 id
1687 3878 1922 3958 facere,
1960 3879 2136 3964 quod
2172 3895 2232 3943 et

167 3976 382 4043 fecisti
426 3977 685 4063 egregie
729 3989 796 4044 et
837 3976 1028 4055 facis,
1079 3987 1153 4042 ut
1204 3997 1690 4053 commemores,
1748 3985 1992 4059 quanta
2043 3975 2124 4040 sit
2168 3975 2232 4039 in

168 4070 532 4159 publicanis
585 4072 894 4159 dignitas,
947 4081 1259 4155 quantum
1310 4091 1430 4136 nos
1472 4068 1567 4139 illi
1610 4068 1818 4138 ordini
1860 4068 2232 4144 debeamus,
