2675 4559
431 213 560 279 456
1052 224 1129 277 M.
1165 220 1441 279 TULLII
1474 218 1873 278 CICERONIS

423 350 693 415 bebantz
732 359 871 414 erat
905 370 1036 413 non
1059 347 1236 412 nulla
1263 368 1411 431 spes
1438 343 1859 422 comitiorum,
1894 343 2011 409 sed
2045 344 2319 423 incerta3
2358 357 2505 411 erat

427 446 646 529 aliqua
681 444 948 531 suspitio
986 444 1367 517 dictaturae,
1401 464 1484 506 ne
1520 463 1597 506 ea
1631 439 1893 524 quidem
1924 451 2131 517 certa,
2167 463 2505 508 summum

425 539 632 605 otium
663 536 948 615 forense,
1001 536 1117 603 sed
1151 532 1536 601 senescentis
1581 534 1788 619 magis
1824 533 2099 599 civitatis
2133 554 2337 618 quam
2382 534 2504 599 ad-

429 632 844 715 quiescentis,
887 630 1204 697 sententia
1237 640 1455 695 autem
1498 639 1718 694 nostra
1750 628 1819 693 in
1854 638 2081 695 senatu
2116 626 2257 694 eius
2294 630 2499 707 modi,

425 725 636 813 magis
671 738 746 793 ut
789 726 897 791 alii
930 724 1117 790 nobis
1151 723 1591 791 adsentiantur
1622 744 1819 807 quam
1852 732 2103 789 nosmet
2134 722 2281 808 ipsi.

731 834 996 905 τοιαῦθ’
1039 834 1074 903 ὃ
1112 836 1375 923 τλήμων
1411 834 1704 919 πόλεμος
1740 832 2175 921 ἐξεργάζεται.

1237 1053 1397 1110 XIV.
1438 1054 1577 1123 [XV
1598 1054 1685 1121 b.]

861 1158 979 1216 Ser.
1002 1158 1217 1213 Romae
1239 1174 1429 1212 mense
1455 1155 1690 1221 Quintili
1713 1174 1763 1211 a.
1790 1174 1843 1210 u.
1870 1174 1918 1211 c.
1945 1157 2063 1211 700.

774 1262 1094 1317 MARCUS
1131 1260 1424 1322 QUINTO
1457 1260 1742 1313 FRATRI
1767 1260 2144 1315 SALUTEM

373 1412 398 1451 1
565 1380 832 1450 Calamo
864 1392 928 1449 et
956 1392 1311 1448 atramento
1340 1391 1715 1467 temperate,
1750 1380 1969 1447 charta
1994 1381 2191 1447 etiam
2208 1380 2495 1457 dentata,

429 1500 531 1542 res
577 1488 802 1565 agetur
814 1503 832 1556 3
877 1477 1102 1543 scribis
1149 1477 1320 1543 enim
1366 1487 1433 1543 te
1476 1498 1651 1543 meas
1698 1476 1939 1544 litteras
1984 1475 2351 1562 superiores
2386 1475 2497 1541 vix

431 1571 646 1658 legere
681 1572 985 1658 potuisse,
1021 1572 1090 1636 in
1125 1592 1254 1655 quo
1289 1569 1449 1635 nihil
1484 1591 1727 1648 eorum,
1762 1570 1853 1635 mi
1885 1568 2103 1647 frater,
2138 1570 2285 1646 fuit,
2320 1590 2493 1653 quae

430 1677 649 1752 putas:
703 1688 914 1751 neque
965 1666 1136 1733 enim
1189 1674 1539 1749 occupatus
1592 1686 1767 1730 eram
1816 1685 2027 1748 neque
2078 1663 2495 1749 perturbatus

431 1784 552 1827 nec
593 1762 792 1827 iratus
829 1760 1050 1837 alicui,
1095 1759 1210 1825 sed
1251 1759 1375 1824 hoc
1418 1758 1585 1824 facio
1631 1780 1909 1844 semper,
1957 1769 2053 1834 ut,
2098 1758 2495 1841 quicumque

433 1857 715 1923 calamus
757 1856 830 1919 in
871 1877 1098 1944 manus
1143 1876 1320 1919 meas
1368 1853 1641 1929 venerit,
1696 1875 1775 1919 eo
1807 1853 1901 1917 sic
1933 1862 2107 1929 utar,
2160 1863 2495 1935 tamquam

369 1976 395 2015 2
430 1950 620 2015 bono.
720 1972 946 2017 verum
999 1949 1254 2015 attende
1305 1970 1507 2025 nunc,
1561 1948 1650 2013 mi
1706 1947 1944 2035 optime
1998 1957 2063 2013 et
2114 1947 2493 2013 suavissime

430 2044 656 2122 frater,
701 2044 786 2109 ad
820 2067 898 2111 ea
933 2043 1086 2109 dum
1121 2042 1432 2120 rescribo,
1478 2063 1645 2127 quae
1681 2053 1753 2107 tu
1786 2042 1854 2107 in
1886 2040 2010 2108 hac
2044 2040 2271 2107 eadem
2311 2040 2497 2107 brevi

431 2140 700 2223 epistola
745 2142 1218 2223 πραγματικῶς
1261 2135 1451 2203 valde
1494 2136 1821 2223 scripsisti.
1911 2136 1991 2202 de
2036 2157 2165 2219 quo
2209 2135 2377 2222 petis
2422 2146 2495 2200 ut

428 2233 511 2295 ad
547 2242 610 2296 te
645 2231 804 2296 nihil
839 2232 1196 2309 occultans,
1246 2230 1405 2295 nihil
1442 2229 1878 2307 dissimulem,
1924 2228 2085 2294 nihil
2128 2229 2248 2294 tibi
2279 2228 2493 2299 indul-

425 2346 604 2409 gens,
631 2324 910 2409 genuine
936 2323 1342 2406 fraterneque
1370 2324 1738 2402 rescribam,
1772 2323 1840 2387 id
1871 2334 1986 2398 est,
2018 2326 2288 2406 ‘futrum
2313 2322 2491 2389 voles

424 2429 498 2483 ut
525 2416 872 2483 dixerimus
901 2416 984 2481 ad
1013 2416 1485 2502 expediendum
1514 2428 1599 2495 te,
1630 2419 1683 2483 si
1713 2440 1907 2487 causa
1941 2418 2041 2493 sit,
2074 2438 2488 2485 commorere.

425 2513 498 2589 si,
535 2513 625 2577 mi
659 2509 929 2594 Quinte,
965 2534 1166 2597 parva
1201 2511 1419 2596 aliqua
1462 2535 1564 2578 res
1601 2522 1797 2589 esset,
1832 2512 1900 2576 in
1934 2533 2065 2597 qua
2098 2511 2489 2579 sciscitarere

425 2606 582 2691 quid
637 2606 897 2682 veUem,
958 2618 1202 2681 tamen,
1267 2628 1414 2671 cum
1479 2606 1596 2671 tibi
1648 2606 2071 2692 permissurus
2126 2629 2366 2684 essem,
2414 2619 2487 2672 ut

425 2702 670 2767 faceres
705 2701 879 2785 quod
915 2700 1134 2778 velles,
1170 2723 1291 2787 ego
1327 2700 1467 2787 ipse
1508 2702 1664 2785 quid
1698 2701 1928 2767 vellem
1954 2701 2387 2779 ostenderem3
2421 2703 2489 2769 in

427 2796 550 2862 hac
577 2816 730 2862 vero
747 2818 818 2861 re
845 2795 968 2861 hoc
995 2794 1284 2881 profecto
1309 2797 1585 2880 quaeris,
1615 2795 1795 2861 cuius
1814 2796 1989 2861 modi
2012 2795 2196 2861 illum
2224 2820 2485 2874 annum,

425 2890 538 2971 qui
572 2890 879 2971 sequitur,
917 2900 1311 2975 exspectem:
1350 2891 1539 2976 plane
1576 2901 1687 2956 aut
1719 2889 2133 2975 tranquillum
2158 2890 2347 2958 nobis
2376 2902 2487 2957 aut

424 2990 594 3047 certe
645 2982 1172 3061 munitissimum3
1227 2983 1402 3067 quod
1444 2984 1677 3049 cotidie
1721 2984 1979 3061 domus,
2033 2985 2207 3069 quod
2250 2982 2485 3062 forum,

423 3075 598 3159 quod
623 3074 852 3142 theatri
879 3077 1374 3163 significationes
1403 3077 1747 3156 declarant,
1775 3100 1895 3144 nec
1912 3082 1948 3162 †
1964 3078 2279 3155 laborant,
2308 3080 2486 3163 quo'd

422 3193 566 3236 mea
627 3171 1013 3237 conscientia
1077 3174 1406 3260 copiarum
1472 3184 1862 3252 nostrarum,
1924 3174 2099 3258 quod
2161 3170 2483 3253 Caesaris,

421 3263 594 3346 quod
628 3263 925 3351 Pompeii
959 3267 1232 3353 gratiam
1267 3278 1577 3334 tenemus.
1665 3268 1825 3335 haec
1858 3290 1994 3346 me,
2030 3279 2105 3333 ut
2140 3268 2481 3345 confidam,

419 3359 690 3435 faciunt3
727 3360 826 3425 sin
854 3360 1083 3445 aliquis
1112 3373 1403 3449 erumpet
1430 3363 1698 3429 amentis
1725 3360 2000 3427 hominis
2028 3362 2227 3441 furor,
2266 3362 2481 3431 omnia

359 3472 386 3513 a
421 3465 570 3518 sunt
605 3454 689 3519 ad
725 3478 874 3521 eum
909 3455 1340 3543 frangendum
1377 3458 1693 3543 expedita.
1710 3488 1724 3495 ν
1780 3456 1941 3524 haec
1976 3457 2065 3523 ita
2098 3456 2336 3536 sentiO,
2382 3458 2479 3523 iu-

417 3546 582 3623 dice,
621 3547 702 3613 ad
729 3559 794 3614 te
819 3551 1144 3637 explorate
1172 3551 1412 3627 serib03
1450 3550 1743 3617 dubitare
1768 3561 1831 3618 te
1859 3572 1990 3617 non
2030 3550 2475 3628 adsentatorie,

417 3640 533 3704 sed
585 3640 866 3709 fraterne
918 3654 1086 3713 veto.
1183 3665 1314 3727 qua
1362 3668 1433 3711 re
1484 3644 1819 3712 suavitatis
1870 3644 2169 3729 equidem
2220 3657 2475 3711 nostrae

415 3734 724 3801 fruendae
768 3758 965 3805 causa
1015 3760 1318 3825 cuperem
1362 3750 1425 3805 te
1471 3740 1554 3805 ad
1596 3738 1665 3803 id
1709 3750 1960 3825 tempus
2006 3738 2255 3816 venire,
2304 3739 2475 3824 quod

416 3827 696 3906 dixeras,
769 3832 884 3897 sed
943 3832 1104 3897 illud
1155 3835 1325 3900 malo
1380 3844 1621 3912 tamen,
1692 3834 1867 3917 quod
1926 3844 2115 3920 putas
2180 3834 2391 3921 magis
2441 3838 2475 3917 †

415 3922 607 3983 etiam
659 3922 770 3987 illa
813 3926 1005 3991 etiam
1057 3927 1278 4012 magni
1329 3938 1618 3993 aestumo
1671 3952 1775 3995 me
1818 3923 2249 4015 ἆμφιλαφίαν
2296 3929 2471 3993 illam

413 4019 590 4073 tuam
625 4024 688 4075 et
723 4018 1211 4099 explicationem
1247 4020 1607 4087 debitorum
1652 4032 1925 4092 tuorum.
2014 4022 2174 4088 illud
2208 4023 2471 4107 quidem
