2675 4559
757 265 1314 326 EPISTOLARUM
1346 270 1422 325 x.
1459 271 1543 325 24.
1564 272 1649 328 25.
2098 261 2227 329 245

175 418 337 461 mam
398 392 533 458 illis
582 391 967 478 Hispaniam
1021 414 1168 456 cum
1229 391 1610 459 detrimento
1663 417 1886 464 eorum
1944 398 2225 464 maximo

175 502 522 557 extrusum.
576 507 749 572 quae
778 509 965 552 mens
995 509 1164 565 eum,
1201 498 1312 561 aut
1348 509 1622 572 quorum
1657 491 1938 571 consilia,
1974 517 2016 558 a
2048 505 2228 563 tanta

169 583 389 671 gloria,
430 581 559 646 sibi
593 603 753 651 uero
781 581 972 647 etiam
1012 581 1374 649 necessaria
1408 605 1485 648 ae
1500 602 1507 606 ⁴
1520 584 1810 665 salutari,
1847 587 2129 654 amarit
2164 600 2229 655 et
2257 603 2267 612 ·

171 679 246 743 ad
281 675 744 764 cogitationem
777 676 1145 742 consulatus
1181 676 1504 744 bimestris
1528 700 1777 747 summo
1806 703 1953 747 cum
1989 694 2228 750 terrore

170 771 504 840 hominum
538 781 603 836 et
637 769 882 841 insulsa
917 791 1068 836 cum·
1093 769 1554 858 efflagitatione
1579 775 1990 854 transtulerit,
2026 799 2227 864 expu-

167 879 300 932 tare
340 887 479 931 nen
521 887 803 951 possum.
891 863 1165 929 multum
1211 864 1277 933 in
1313 865 1441 933 hac
1480 890 1555 933 re
1585 867 1743 932 mihi
1777 869 2077 936 videntur
2115 894 2230 938 ne·-
2262 889 2287 929 ⁷

169 959 441 1028 cessarii·
481 960 624 1026 eius
672 970 736 1025 et
796 959 890 1024 rei
940 958 1238 1045 publicae
1293 971 1359 1026 et
1417 960 1618 1046 ipsius
1674 985 1869 1029 causa
1918 965 2226 1049 proficere

165 1078 385 1143 posse3
439 1055 817 1141 phirimum,
869 1067 944 1120 ut
985 1065 1171 1141 put0,
1226 1065 1298 1121 tu
1342 1077 1631 1140 quoque,
1686 1058 1867 1123 cuius
1909 1058 2018 1125 ille
2051 1070 2229 1128 tanta

166 1150 397 1218 merita
431 1144 657 1225 habet,
703 1159 948 1232 quanta
979 1169 1168 1214 nemo
1202 1161 1459 1234 praeter
1489 1172 1593 1216 me
1604 1175 1624 1227 3
1667 1173 2021 1236 numquam
2057 1153 2228 1218 enim

163 1244 513 1311 obliviscar
563 1243 845 1308 maxima
896 1262 974 1307 ac
1022 1242 1299 1328 plurima
1343 1265 1447 1309 me
1498 1243 1616 1308 tibi
1660 1245 1914 1312 debere.
2003 1245 2085 1313 de
2127 1247 2227 1313 his

163 1339 363 1404 rebus
411 1349 488 1403 ut
538 1338 825 1424 exigeret
866 1359 1015 1403 cum
1060 1359 1170 1415 ec,
1213 1337 1458 1404 Furnio
1512 1341 1835 1406 mandavi.
1924 1342 2100 1428 quod
2152 1343 2226 1420 si,

161 1444 476 1519 quantam
512 1431 716 1498 debeo
728 1479 748 1510 ,
791 1431 1082 1498 habuero
1113 1433 1288 1518 apud
1323 1456 1472 1499 eum
1508 1437 1981 1516 auctoritatem,
2026 1438 2227 1525 pluri-

161 1550 342 1593 mum
375 1527 596 1613 ipsum
627 1527 868 1593 iuvere.
957 1548 1076 1592 nos
1109 1527 1354 1594 interea
1389 1527 1645 1597 duriore
1680 1531 2056 1598 condicione
2090 1533 2227 1598 bel-
2261 1547 2287 1587 8

160 1624 299 1688 lum
326 1621 740 1698 sustinemus,
759 1621 935 1706 quod
961 1642 1171 1706 neque
1194 1622 1738 1707 expeditissimam
1755 1624 2229 1693 dimicationem

160 1730 469 1805 putamus
505 1737 716 1805 neque
761 1727 977 1783 tamen
1019 1716 1401 1803 refugiendo
1436 1717 1838 1784 commissuri
1872 1742 2122 1800 sumus,
2158 1733 2230 1786 ut

157 1812 375 1878 maius
409 1811 863 1878 detrimentum
897 1834 1002 1877 res
1035 1811 1297 1899 publica
1332 1811 1620 1898 accipere
1655 1812 1878 1898 possit.
1966 1815 2139 1898 quod
2176 1815 2230 1880 si

159 1919 272 1974 aut
308 1905 561 1973 Caesar
595 1927 665 1972 se
699 1905 1051 1992 respexerit
1085 1917 1198 1970 aut
1231 1905 1583 1972 Africanae
1617 1907 1905 1992 legiones
1942 1908 2230 1975 celeriter

33 1981 36 2011 ³
158 2002 486 2078 venerint,
541 2021 797 2067 securos
843 2022 960 2065 vos
1006 2000 1088 2066 ab
1134 2000 1257 2066 hac
1309 2011 1493 2086 parte
1545 2001 1907 2069 reddemus.
2005 2013 2105 2080 tu,
2158 2013 2231 2068 ut

33 2128 35 2148 ;
157 2094 513 2173 instituisti,
549 2118 653 2162 me
683 2095 911 2182 diligas
946 2116 1104 2183 rogo
1130 2095 1514 2181 proprieque
1550 2106 1733 2161 tuum
1762 2119 1900 2164 esse
1935 2096 2052 2162 tibi
2084 2093 2229 2184 per=4

159 2190 456 2256 suadeas.
549 2212 612 2255 V.
647 2189 802 2256 Kal.
843 2188 1022 2256 Sext.
1062 2213 1141 2256 ex
1179 2190 1422 2256 castris.

1102 2427 1290 2486 XXV.

646 2526 765 2585 Ser.
783 2527 998 2589 Romae
1015 2546 1206 2587 mense
1225 2530 1378 2587 Maio
1399 2547 1450 2586 a.
1470 2549 1525 2586 u.
1547 2549 1595 2586 c.
1617 2532 1734 2588 711.

784 2629 1062 2691 CICERO
1100 2631 1158 2688 S.
1194 2632 1268 2687 D.
1305 2632 1617 2690 FURNIO.

288 2755 369 2823 Si
402 2756 696 2830 interest,
731 2753 801 2818 id
827 2755 1001 2839 quod
1035 2754 1325 2821 homines
1358 2755 1765 2832 arbitrantur,
1801 2756 1895 2821 rei
1930 2755 2226 2840 publicae
2264 2778 2287 2815 1

152 2864 218 2917 te
231 2900 251 2930 ,
304 2861 381 2917 ut
423 2849 752 2916 instituisti
774 2860 990 2934 atque
1035 2848 1273 2926 fecisti,
1326 2871 1565 2915 navare
1602 2870 1866 2935 operam
1906 2849 2229 2934 rebusque

155 2944 481 3020 maximis,
519 2964 684 3029 quae
722 2944 806 3008 ad
836 2942 1336 3030 exstinguendas
1362 2943 1665 3027 reliquias
1700 2943 1853 3009 belli
1888 2945 2227 3032 pertinent,

155 3043 500 3117 interesse,
553 3038 711 3103 nihil
762 3038 997 3105 videris
1049 3037 1277 3102 melius
1330 3059 1541 3122 neque
1588 3038 1973 3106 laudabilius
2017 3062 2228 3126 neque

156 3133 494 3201 honestius
521 3132 734 3200 facere
767 3155 957 3219 posse
990 3133 1308 3216 istamque
1337 3153 1600 3217 operam
1626 3143 1824 3210 tuam,
1860 3135 2229 3213 navitatem,

157 3230 452 3295 animum
477 3231 545 3294 in
564 3252 699 3294 rem
715 3229 1056 3322 publicam
1084 3228 1391 3294 celeritati
1414 3238 1753 3314 praeturae
1785 3232 2231 3316 anteponenda

158 3346 425 3402 cense03
474 3325 624 3390 nolo
670 3325 840 3391 enim
886 3335 949 3390 te
993 3325 1322 3410 ignorare,
1370 3332 1676 3412 quantam
1712 3323 1973 3389 laudem
2009 3345 2229 3390 conse-

158 3429 354 3484 cutus
399 3417 539 3482 sisz·
569 3417 726 3482 mihi
781 3418 996 3495 crede,
1051 3417 1411 3504 proximam
1453 3414 1729 3494 Plance,
1783 3417 1976 3501 idque
2027 3417 2229 3504 ipsius

157 3512 396 3578 Planci
449 3512 809 3579 testimonio
822 3561 842 3590 ,
892 3523 1227 3598 praeterea
1268 3512 1444 3578 fama
1488 3511 1882 3596 scientiaque
1925 3513 2228 3578 omnium.

160 3630 361 3690 quam
397 3605 484 3672 ob
528 3629 666 3672 rem
709 3606 764 3671 si
809 3606 966 3691 quid
1010 3608 1221 3693 operis
1266 3607 1385 3672 tibi
1431 3606 1627 3672 etiam
1669 3629 1844 3673 nunc
1886 3617 2111 3684 restat,
2162 3607 2233 3674 id
2266 3623 2291 3664 2

160 3702 449 3766 maximo
485 3723 678 3787 opere
725 3723 954 3767 censeo
998 3702 1533 3789 persequendum.
1623 3702 1781 3787 quid
1828 3702 1999 3769 enim
2032 3702 2229 3768 hone-

162 3795 366 3860 stius?
422 3806 535 3860 aut
576 3795 734 3879 quid
776 3795 1042 3862 honesto
1079 3796 1636 3884 anteponendum?
1689 3797 1787 3861 sin
1826 3807 2042 3862 autem
2077 3797 2229 3864 satis

162 3892 412 3958 factum
446 3893 542 3957 rei
575 3891 870 3977 publicae
904 3903 1123 3978 putas,
1161 3892 1451 3959 celeriter
1486 3891 1571 3957 ad
1605 3892 1891 3968 comitia,
1928 3891 2232 3976 quoniam

165 3997 417 4052 mature
465 3985 686 4051 futura
727 3997 906 4064 sunt,
960 3986 1347 4053 veniendum
1402 4008 1629 4052 censeo
1643 4010 1661 4063 ;
1715 3986 1871 4051 dum
1913 3986 2104 4053 modo
2149 4010 2231 4053 ne

164 4082 322 4167 quid
375 4080 540 4147 haec
595 4080 931 4146 ambitiosa
981 4081 1303 4148 festinatio
1356 4078 1657 4168 [aliquid]
1708 4081 2043 4148 imminuat
2096 4082 2231 4149 eius
