2675 4559
696 288 1253 347 EPISTOLARUM
1286 290 1422 344 zm.
1458 291 1614 348 2-5.
2056 279 2186 346 285
2277 368 2286 376 .

158 417 389 485 consilio
440 426 505 482 et
557 435 671 484 vos
722 413 1035 482 fecissetis
1087 425 1153 481 et
1198 410 1562 481 Cannutius
1614 413 1874 482 faceret.
1971 425 2184 484 cetera

158 514 309 580 cuius
340 510 513 576 modi
550 509 695 587 sint,
730 531 812 575 ex
846 509 971 578 hoc
1004 509 1239 588 iudica,
1274 510 1454 594 quod
1485 512 1701 598 legato
1738 521 1851 577 tuo
1877 509 2180 576 viaticum

157 608 519 694 eripuerunt:
556 603 713 690 quid
738 625 849 673 eos
882 604 1287 692 interpretari
1320 615 1534 690 putas,
1570 627 1721 671 cum
1748 605 1870 672 hoc
1898 604 2183 672 faciunt?

156 702 225 768 ad
265 701 507 768 hostem
560 698 801 766 scilicet
849 699 1113 786 portari.
1202 719 1243 764 o
1286 722 1426 766 rem
1469 699 1796 768 miseram!
1851 700 2182 768 dominum

156 796 295 863 ferre
330 817 459 862 non
499 792 828 882 potuimus
838 819 859 872 3
905 813 1215 860 conservo
1260 795 1596 862 servimus.
1685 805 1752 860 et
1785 805 2032 873 tamen,
2075 818 2180 862 me

157 889 380 974 quidem
414 889 677 956 favente
706 889 915 974 magis
943 909 1141 973 quam
1175 901 1494 975 sperante,
1529 887 1724 956 etiam
1747 910 1928 972 nunc·
1945 888 2183 956 residet

158 1007 275 1071 spes
308 986 373 1050 in
405 984 641 1050 virtute
675 994 808 1048 tua.
861 984 976 1050 sed
1010 983 1125 1048 ubi
1152 995 1303 1049 sunt
1330 984 1593 1070 copiae?
1629 983 1710 1064 de
1734 984 1981 1068 reliquo
2009 984 2182 1048 malo

156 1091 205 1146 te
232 1079 429 1165 ipsum
457 1089 675 1146 tecum
700 1077 877 1162 loqui
904 1099 1101 1162 quam
1127 1089 1348 1144 nostra
1374 1078 1547 1145 dicta
1573 1099 1980 1164 cognoscere.
2017 1078 2180 1143 vale.

546 1330 669 1388 Scr.
688 1332 903 1392 Romae
920 1349 1113 1388 mense
1129 1332 1398 1390 Ianuario
1417 1351 1468 1388 a.
1487 1351 1543 1389 u.
1564 1349 1613 1390 c.
1632 1333 1751 1389 711.

756 1432 1033 1493 CICERO
1071 1435 1340 1494 CASSIO
1379 1437 1544 1494 SAL.

258 1549 498 1618 Vellem
530 1551 765 1619 Idibus
799 1551 1057 1630 Martiis
1091 1575 1197 1620 me
1234 1553 1317 1618 ad
1354 1574 1580 1618 cenam
1613 1552 1979 1618 invitasses:
2033 1551 2181 1618 reli·
2217 1566 2240 1605 ι
2355 1565 2358 1568 ’

55 1667 59 1699 ι
158 1642 410 1726 quiamm
434 1645 601 1712 nihil
624 1641 873 1713 fuisset.
926 1667 1103 1714 nunc
1126 1669 1232 1714 me
1257 1647 1570 1732 reliquiae
1589 1656 1837 1714 vestrae
1857 1655 2179 1723 exercent,

56 1801 58 1816 ,
158 1747 205 1802 et
226 1739 463 1822 quidem
490 1751 748 1828 praeter
774 1751 1019 1808 ceteros
1046 1763 1177 1807 me:
1214 1761 1610 1826 quamquam
1636 1739 1931 1828 egregios
1951 1759 2180 1804 consu-

54 1878 56 1880 -
156 1831 227 1896 les
256 1831 581 1913 habemus,
616 1835 739 1902 sed·
759 1835 1159 1922 turpissimos
1188 1834 1540 1903 consularis
1551 1859 1571 1913 3
1609 1845 1901 1901 senatum
1925 1831 2181 1910 fortem,

159 1925 248 1990 sed
284 1927 493 1996 infimo
538 1949 867 2014 quemque
921 1928 1165 1996 honore
1209 1929 1648 1996 fortissimum.
1733 1927 1974 2014 populo
2025 1947 2180 1992 vero

157 2019 283 2086 nihil
312 2023 561 2103 fortius,
596 2025 755 2090 nihil
781 2025 1033 2103 melius,
1067 2024 1386 2110 Italiaque
1413 2025 1744 2100 universa3
1777 2021 1936 2088 nihil
1963 2032 2180 2086 autem

158 2112 371 2186 foedius
402 2118 717 2206 Philippo
752 2129 818 2186 et
850 2119 1091 2186 Pisone
1125 2120 1354 2206 legatis
1365 2167 1384 2199 ,
1421 2119 1580 2186 nihil
1613 2117 1990 2208 flagitiosius
2000 2140 2018 2194 3
2064 2115 2178 2200 qui

49 2221 51 2238 ¹
158 2229 277 2275 cum
306 2226 509 2282 essent
543 2214 745 2292 missi,
778 2225 853 2280 ut
886 2215 1175 2283 Antonio
1212 2237 1293 2282 ex
1328 2225 1588 2290 senatus
1623 2211 1938 2280 sententia
1973 2221 2180 2280 certas

156 2324 237 2368 res
268 2305 737 2386 denuntiarent,
782 2328 931 2376 cum
974 2309 1084 2376 ille
1131 2331 1354 2378 earum
1395 2332 1612 2376 rerum
1644 2307 1805 2374 nulli
1838 2307 2179 2394 paruisset,

156 2397 292 2464 ultro
332 2403 415 2468 ab
454 2403 571 2470 illo
616 2403 698 2470 ad
745 2425 863 2469 nos
914 2403 1344 2472 intolerabilia
1393 2404 1716 2490 postulata
1764 2402 2176 2471 rettulerunt:

156 2489 336 2578 itaque
360 2497 443 2564 ad
476 2519 598 2564 nos
626 2497 1047 2576 concurritur,
1080 2496 1365 2583 factique
1398 2499 1530 2564 iam
1555 2499 1622 2566 in
1655 2521 1727 2566 re
1761 2496 2026 2564 salutari
2058 2517 2177 2582 po-

155 2587 372 2668 pulares
406 2614 652 2661 sumus.
742 2591 861 2660 sed
893 2604 966 2660 tu
1010 2592 1167 2678 quid
1211 2615 1467 2680 ageres,
1521 2592 1678 2678 quid
1721 2602 2012 2668 acturus,
2061 2588 2178 2656 ubi
2211 2603 2238 2644 ²

157 2677 391 2768 denique
426 2709 623 2766 esses,
658 2687 1055 2754 nesciebam:
1100 2687 1278 2755 fama
1310 2687 1648 2756 nuntiabat
1683 2697 1748 2752 te
1781 2686 1909 2752 isse
1943 2684 2012 2750 in
2051 2681 2179 2768 Sy·

156 2773 312 2853 riam3
354 2791 575 2846 auctor
611 2791 748 2847 erat
780 2803 989 2854 nemo.
1076 2782 1159 2849 de
1194 2781 1429 2860 Bruto,
1473 2802 1604 2865 quo
1637 2778 1900 2868 propius
1936 2787 2062 2855 est,
2099 2797 2178 2844 eo

156 2866 397 2940 firmiora
426 2875 730 2942 videntur
764 2896 907 2942 esse
941 2897 1109 2961 quae
1152 2877 1546 2944 nuntiantur.
1615 2874 1956 2941 Dolabella
1989 2872 2178 2940 valde

157 2960 603 3050 vituperabatur
618 2970 703 3034 ab
718 2968 1086 3038 hominibus
1100 2993 1233 3038 non
1248 2970 1529 3049 insulsis,
1557 2969 1730 3056 quod
1754 2968 1873 3036 tibi
1897 2979 2032 3037 tam
2051 2967 2177 3034 cito

158 3060 509 3142 succederet,
544 3084 695 3130 cum
728 3073 803 3130 tu
830 3064 1094 3130 vixdum
1119 3089 1261 3130 xxx.
1283 3065 1422 3132 dies
1454 3066 1524 3132 in
1543 3063 1736 3150 Syria
1758 3064 1992 3130 fuisses
2003 3088 2021 3140 3
2056 3061 2182 3128 ita-

159 3167 259 3231 que
282 3157 605 3223 constabat
632 3180 781 3226 eum
806 3157 1008 3245 recipi
1033 3159 1103 3225 in
1122 3157 1382 3246 Syriam
1409 3180 1539 3224 non
1558 3161 1872 3244 oportere.
1927 3177 2178 3221 summa

157 3239 271 3310 laus
310 3258 370 3314 et
410 3261 525 3318 tua
568 3262 631 3318 et
673 3252 864 3318 Bruti
909 3263 1036 3333 est,
1083 3254 1283 3338 quod¹
1306 3253 1658 3320 exercitum
1701 3260 1955 3337 praeter
1998 3271 2179 3335 spem

159 3337 569 3412 existimamini
604 3367 1027 3434 comparasse.
1100 3349 1448 3414 scriberem
1480 3346 1698 3434 plura,
1745 3344 1802 3410 si
1843 3366 1982 3410 rem
2025 3364 2179 3408 cau-

106 3503 121 3517 ,
158 3449 387 3518 samque
426 3459 711 3508 nossem:
766 3463 939 3508 nunc
983 3463 1151 3526 quae
1195 3443 1408 3508 scribo
1421 3489 1441 3520 ,
1493 3440 1704 3508 scribo
1749 3461 1830 3505 ex
1877 3436 2176 3523 opinione

157 3520 451 3598 hominum
486 3546 679 3620 atque
713 3535 907 3602 fama.
958 3547 1104 3601 tuas
1139 3536 1381 3602 litteras
1418 3534 1604 3602 avide
1640 3544 1960 3620 exspecto,
2012 3530 2176 3596 vale.

1114 3687 1186 3743 V.

525 3785 641 3846 Ser.
658 3789 877 3847 Romae
894 3805 1085 3846 mense
1102 3788 1416 3845 Februario
1437 3805 1488 3844 a.
1509 3803 1563 3844 u.
1589 3803 1638 3842 c.
1655 3787 1777 3842 711.

755 3889 1031 3952 CICERO
1068 3889 1337 3948 CASSIO
1377 3889 1540 3947 SAL.

268 3998 553 4076 Hiemem
586 4006 779 4076 credo
812 4008 1027 4076 adhuc
1068 4007 1504 4097 prohibuisse,
1557 4027 1688 4094 quo
1731 4004 1942 4076 minus
1989 4003 2070 4073 de
2113 4013 2178 4069 te
2213 4023 2238 4062 1

164 4103 379 4164 certum
418 4099 827 4176 haberemus,
878 4104 1035 4192 quid
1079 4126 1305 4192 ageres
1357 4103 1764 4190 maximeque
1817 4099 1934 4168 ubi
1977 4121 2180 4178 esses3
