2675 4559
783 236 1336 296 EPISTOLARUM
1368 238 1474 295 111.
1513 239 1596 296 11.
1616 240 1703 295 12.
2188 233 2273 300 67

203 360 438 428 horum
490 371 888 449 temporum,
941 384 1071 427 non
1121 361 1355 427 horum
1406 362 1738 429 hominum
1782 376 1975 453 atque
2021 390 2275 437 morum

201 455 592 544 negotiuml¹
621 456 784 523 nihil
829 456 961 522 iam
1005 478 1148 521 sum
1195 456 1443 542 pridem
1481 458 1827 527 admiratus
1854 459 2099 549 magis.
2189 464 2270 531 de
2306 486 2331 525 ε

203 574 304 617 me
341 562 602 627 autem,
651 550 904 637 suscipe
939 551 1264 637 paulisper
1299 574 1476 617 meas
1512 553 1711 638 partis
1747 565 1811 619 et
1846 578 1995 639 eum
2029 568 2093 623 te
2128 578 2271 625 esse

197 646 408 733 finge,
456 645 574 729 qui
610 666 753 709 sum
789 667 944 731 eg03
997 645 1052 711 si
1087 646 1330 711 facile'
1311 648 1661 724 mveneris,
1705 649 1863 733 quid
1899 632 2104 730 dicas,
2136 654 2271 719 noli

195 741 542 826 ignoscere
587 738 992 805 haesitationi
1035 762 1237 805 meae.
1327 762 1451 850 ego
1486 763 1639 807 vero
1680 742 1876 808 velim
1916 744 2077 817 mihi,
2104 745 2269 813 Tul·-

197 834 458 918 liaeque
511 854 726 911 meae,
781 833 947 898 sicut
993 844 1068 899 tu
1109 833 1493 901 amicissime
1536 845 1603 901 et
1644 835 2017 905 suavissime
2060 851 2266 925 optas,

201 950 512 1015 prospere
546 928 808 994 evenire
835 950 932 1007 ea,
965 950 1132 1013 quae
1159 952 1264 995 me
1297 930 1607 997 insciente
1640 930 1815 997 facta
1838 944 1989 998 sunt
2020 957 2063 999 a
2084 936 2265 1012 meis,

199 1034 264 1088 et
293 1022 392 1087 ita
428 1022 766 1099 cecidisse,
813 1035 886 1088 ut
931 1034 1276 1110 agerentur
1309 1046 1388 1091 eo
1422 1036 1739 1113 tempore,
1784 1050 1973 1114 spero
2008 1029 2266 1094 onmino

199 1138 350 1180 cum
384 1117 614 1201 aliqua
653 1116 956 1183 felicitate
989 1129 1055 1183 et
1094 1128 1280 1205 opto;
1332 1142 1559 1185 verum
1604 1130 1821 1187 tamen
1862 1122 2011 1208 plus
2043 1145 2157 1189 me
2192 1123 2268 1189 -in

199 1210 322 1275 hac
357 1232 480 1296 spe
515 1221 632 1275 tua
667 1211 980 1298 sapientia
1011 1222 1079 1277 et
1121 1212 1484 1281 humanitas
1522 1216 1887 1284 consolatur
1920 1238 2117 1301 quam
2150 1238 2267 1303 op-

200 1305 566 1391 portunitas
611 1306 944 1393 temporis:
989 1306 1237 1392 itaque,
1278 1329 1475 1392 quem
1510 1310 1596 1376 ad
1628 1310 1894 1377 modum
1928 1311 2263 1397 expediam

197 1399 449 1465 exitum
503 1399 696 1465 huius
747 1400 1076 1467 institutae
1129 1402 1463 1480 orationis,
1523 1424 1655 1469 non
1704 1406 1982 1491 reperim
2050 1427 2263 1491 neque

197 1494 373 1559 enim
408 1494 656 1559 tristius
687 1494 900 1561 dicere
944 1496 1290 1581 quicquam
1325 1496 1531 1563 debeo
1566 1520 1645 1563 ea
1678 1498 1759 1563 de
1802 1522 1901 1576 re,
1952 1521 2151 1584 quam
2190 1512 2263 1565 tu

201 1588 337 1673 ipse
373 1586 703 1653 ominibus
736 1588 994 1674 optimis
1030 1588 1465 1675 prosequeris,
1497 1610 1709 1673 neque
1743 1612 1875 1656 non
1908 1614 2013 1658 me
2046 1604 2263 1659 tamen

202 1682 456 1748 mordet
489 1680 752 1766 aliquid.
837 1682 906 1747 in
944 1704 1078 1769 quo
1113 1706 1316 1747 unum
1350 1704 1483 1749 non
1514 1704 1767 1760 vereor,
1812 1706 1895 1749 ne
1928 1696 2001 1749 tu
2034 1708 2264 1771 parum

203 1776 556 1863 perspicias
591 1800 689 1855 ea,
727 1799 880 1866 quae
912 1789 1098 1865 gesta
1131 1778 1278 1855 sint,
1313 1778 1398 1843 ab
1434 1776 1577 1843 aliis
1611 1800 1753 1844 esse
1786 1789 1989 1865 gesta,
2024 1778 2261 1863 quibus

201 1892 322 1956 ego
360 1871 462 1935 ita
501 1871 906 1949 mandaram,
959 1884 1060 1949 ut,
1109 1894 1264 1937 cum
1299 1883 1433 1937 tam
1476 1872 1668 1959 longe
1702 1871 1998 1938 afuturus
2029 1896 2259 1952 essem,

202 1966 282 2030 ad
323 1988 434 2031 me
475 1986 562 2031 ne
607 1966 947 2046 referrent,
999 1978 1264 2053 agerent
1309 1967 1485 2051 quod
1526 1966 1925 2053 probassent.
2026 1969 2094 2035 in
2138 1968 2261 2035 hoo
2294 1988 2334 2030 ο,

201 2070 422 2125 autem
457 2058 617 2123 mihi
655 2060 817 2125 illud
850 2062 1154 2127 occurrit:
1201 2061 1389 2146 ‘quid
1424 2072 1495 2125 tu
1530 2061 1749 2147 igitur,
1786 2061 1841 2125 si
1876 2060 2257 2129 adfuisses?'

195 2176 334 2219 rem
377 2153 758 2239 probassem
767 2178 786 2232 3
839 2155 921 2221 de
965 2166 1281 2241 tempore,
1335 2155 1495 2220 nihil
1542 2167 1605 2221 te
1647 2155 1877 2233 invito,
1921 2156 2089 2221 nihil
2121 2158 2259 2223 sine

199 2248 466 2313 consilio
503 2248 778 2334 egissem
811 2260 947 2315 tuo·
1017 2250 1195 2316 vides
1227 2249 1465 2315 sudare
1498 2272 1602 2315 me
1636 2249 1767 2321 iam
1799 2249 2048 2315 dudum
2081 2251 2261 2317 labo-

195 2354 477 2419 rantem,
525 2364 654 2425 quo
687 2344 879 2421 modo
916 2367 994 2410 ea
1028 2355 1237 2421 tuear,
1279 2366 1453 2428 quae
1488 2343 1645 2409 mihi
1690 2344 1931 2410 tuenda
1964 2355 2143 2423 sunt,
2186 2356 2261 2410 ut

193 2449 258 2502 te
301 2458 442 2502 non
477 2436 830 2503 offendam:
882 2438 1029 2504 leva
1072 2460 1176 2503 me
1217 2438 1419 2525 igitur
1462 2438 1585 2503 hoc
1630 2449 1851 2515 onere3
1902 2460 2259 2523 namqu-am

193 2531 369 2595 enim
423 2530 584 2595 mihi
645 2530 868 2596 videor
927 2542 1235 2597 tractasse
1297 2554 1563 2597 causam
1616 2530 2059 2596 difficiliorem.
2164 2532 2258 2597 sic

193 2624 435 2691 habeto
470 2634 713 2689 tamen:
757 2626 883 2691 nisi
923 2628 1054 2691 iam
1090 2637 1244 2691 tunc
1279 2626 1497 2692 omnia
1529 2624 1791 2710 negotia
1826 2645 1973 2687 cum
2009 2646 2259 2688 summa

193 2731 309 2783 tua
359 2718 678 2804 dignitate
739 2719 1224 2807 diligentissime
1275 2717 1731 2793 confecissem,
1796 2718 2047 2781 tametsi
2098 2716 2257 2783 nihil

195 2812 540 2878 videbatur
565 2813 649 2877 ad
673 2814 889 2879 metim
912 2836 1070 2901 >erga
1099 2826 1163 2881 te
1187 2814 1529 2901 pristinum
1558 2811 1843 2877 studium
1870 2810 2020 2875 addi
2045 2832 2255 2897 posse,

191 2919 415 2975 tamen
459 2907 584 2972 hac
630 2906 785 2971 mihi
819 2908 1144 2975 adfinitate
1186 2908 1482 2977 nuntiata
1514 2926 1648 2972 non
1683 2905 1925 2971 maiore
1958 2904 2257 2990 equidem

193 3002 444 3079 studio,
510 3001 626 3065 sed
677 3002 914 3080 acrius,
976 3004 1290 3089 apertius,
1357 3002 1825 3088 significantius
1875 3000 2255 3085 dignitatem

189 3106 376 3161 tuam
414 3094 863 3161 defendissem.
920 3096 1254 3163 decedenti
1288 3094 1448 3161 mihi
1484 3106 1549 3160 et
1582 3096 1713 3158 iam
1746 3093 2013 3177 imperio
2040 3116 2254 3159 annuo
2290 3116 2317 3154 4

190 3190 538 3257 terminato
581 3199 730 3256 ante
775 3190 837 3254 d.
870 3214 959 3255 m.
995 3188 1218 3256 Nonas
1259 3187 1463 3265 Sext„
1510 3210 1659 3253 cum
1704 3186 1789 3251 ad
1838 3184 2063 3251 Sidam
2105 3187 2257 3250 navi

189 3283 572 3351 accederem
617 3293 681 3349 et
723 3306 976 3349 mecum
1011 3282 1098 3366 Q.
1139 3281 1451 3349 Servilius
1498 3290 1694 3356 esset,
1738 3278 1986 3343 litterae
2022 3300 2063 3341 a
2095 3278 2255 3343 meis

187 3390 342 3443 sunt
375 3377 690 3443 redditae.
779 3376 910 3442 dixi
955 3378 1170 3443 statim
1207 3374 1483 3443 Servilio
1516 3410 1606 3421 —
1636 3372 1874 3439 etenim
1918 3370 2258 3437 videbatur·
2366 3404 2377 3417 -

187 3495 332 3539 esse
379 3482 740 3537 commotus
775 3507 862 3517 —
873 3518 892 3549 ‚
935 3482 1009 3537 ut
1054 3471 1270 3536 omnia
1314 3493 1356 3534 a
1398 3492 1501 3535 me
1546 3468 1791 3534 maiora
1836 3474 2253 3552 exspectaret.

189 3566 347 3650 quid
375 3565 624 3631 multa?
656 3565 1135 3631 benevolentior
1162 3564 1279 3630 tibi
1297 3586 1493 3649 quam
1520 3563 1619 3629 fui
1634 3562 1833 3629 nihilo
1853 3584 1997 3627 sum
2022 3560 2253 3637 factus,

185 3659 562 3747 diligentior
603 3659 688 3724 ad
723 3659 1172 3725 declarandam
1214 3657 1728 3725 benevolentiam
1762 3656 1984 3722 multo·
2070 3676 2251 3729 nam,

187 3765 258 3819 ut
291 3765 486 3821 vetus
521 3765 741 3819 nostra
776 3753 1062 3819 simultas
1090 3763 1278 3819 antea
1306 3752 1675 3818 stimulabat
1710 3774 1814 3816 me
1840 3760 1916 3816 ut
1942 3768 2251 3823 caverem,

187 3872 266 3915 ne
311 3850 422 3916 cui
470 3848 890 3935 suspitionem
923 3848 1072 3915 ficte
1112 3848 1557 3915 reconciliatae
1593 3847 1838 3933 gratiae
1874 3843 2124 3920 darem,
2160 3841 2253 3907 sic

187 3944 492 4010 adfinitas
543 3964 715 4009 nova
767 3963 989 4009 curam
1039 3943 1198 4009 mihi
1251 3942 1461 4007 adfert
1506 3940 1775 4006 cavendi
1833 3960 1915 4004 ne
1970 3936 2129 4021 quid
2170 3937 2253 4005 de

185 4059 442 4105 summo
480 4060 638 4105 meo¹
661 4058 818 4125 erga
851 4048 917 4108 te
951 4060 1168 4105 amore
1203 4036 1563 4106 detractum
1598 4057 1739 4102 esse
1774 4033 2085 4101 videatur.

719 4166 725 4171 .
1892 4134 1963 4191 5*
