2675 4559
680 244 1234 304 EPISTULARUM
1268 247 1344 301 X.
1380 249 1466 304 23.
1485 250 1571 304 24.
1689 265 1693 268 >
2021 239 2150 306 243

63 353 66 425 ἓ
143 371 435 456 odnloq'uia
484 369 654 436 fasta
702 369 1153 455 inprobabam
1217 372 1394 454 quod
1437 372 1686 459 legatos
1728 371 1858 439 fide
1911 369 2149 460 Lepidi

145 468 330 531 missos
368 465 449 530 ad
489 486 591 529 me
624 463 691 529 in
726 474 1139 550 conspectum
1173 465 1392 532 venire
1437 477 1764 532 vetueram
1776 493 1794 545 3
1850 469 2025 553 quod
2063 466 2142 534 C.

63 618 64 622 ,
146 559 360 627 Catium
384 558 738 637 Vestinum,
773 559 1103 624 tribunum
1137 559 1291 638 mil„
1327 561 1594 626 missum
1622 562 1714 628 ab'
1734 563 2021 628 Antonio
2063 563 2149 628 ad

63 652 64 655 ’
144 677 259 720 eum
288 676 424 720 cum
456 653 678 720 litteris
712 674 1122 739 exceperam:
1160 654 1229 718 in
1264 675 1393 739 quo
1430 654 1596 720 hanc
1634 656 1817 741 capio
1851 655 2148 742 volupta-

142 763 258 827 tem,
286 750 447 834 quod
473 761 661 827 certe,
698 770 827 834 quo
852 748 1060 835 magis
1089 771 1192 815 me
1218 751 1601 835 petiverunt,
1639 761 1818 816 tanto
1835 753 2142 818 maiorem

143 843 201 908 iis
226 842 523 909 frustratio
559 842 844 908 dolorem
878 843 1109 908 attulit.
1181 855 1273 922 tu,
1307 845 1400 908 mi
1437 841 1688 921 Cicem,
1725 846 1900 930 quod
1933 846 2145 911 adhue
2180 867 2207 907 s

145 936 332 1014 fecisti,
373 938 540 1002 idem
572 946 859 1023 praesta,
904 947 977 1002 ut
1020 936 1361 1023 vigilanter
1402 959 1795 1022 nervoseque
1831 961 1978 1018 nos,
2032 939 2146 1024 qui

144 1044 335 1096 stamus
363 1031 429 1095 in
464 1031 622 1107 acie,
659 1031 991 1096 subornes.
1045 1031 1261 1097 veniat
1281 1028 1529 1098 Caesar
1555 1052 1703 1096 cum
1730 1033 1948 1119 copiis,
1983 1053 2144 1117 quas

144 1124 295 1189 habet
322 1124 730 1200 firmissimas,
766 1136 899 1202 aut,
937 1125 991 1189 si
1024 1125 1236 1210 ipsum
1273 1126 1489 1210 aliqua
1521 1148 1624 1191 res
1661 1125 1927 1213 inpedit,
1965 1148 2146 1192 exer-

143 1218 265 1284 citus
301 1219 605 1296 mittatur3
660 1218 843 1285 cuius
898 1219 1099 1304 ipsius
1147 1241 1456 1306 magnum
1499 1220 1855 1306 periculum
1900 1221 2140 1307 agitur:

142 1313 389 1397 quicquid
437 1312 783 1397 aliquando
835 1311 1125 1377 futurum
1177 1312 1301 1378 fuit
1350 1313 1419 1378 in
1472 1314 1697 1379 castris
1749 1313 2140 1399 perditorum

144 1417 313 1471 contra
340 1407 631 1493 patriam,
667 1405 797 1472 huc
834 1428 1021 1472 omne
1055 1407 1185 1472 iam
1221 1407 1538 1474 convenit.
1618 1429 1738 1493 pro
1773 1408 1950 1472 urbis
1985 1427 2141 1473 vero

142 1500 297 1566 salute
328 1523 434 1566 cur
465 1522 599 1566 non
625 1501 923 1566 omnibus
958 1500 1392 1578 facultatibus,
1431 1519 1594 1586 quas
1629 1501 1963 1578 habemus,
2001 1513 2144 1566 uta-

142 1595 279 1659 mur?
316 1595 478 1679 quod
513 1595 571 1660 si
607 1616 722 1661 vos
756 1595 901 1660 istic
936 1617 1066 1659 non
1101 1593 1465 1671 defueritis,
1500 1593 1812 1680 profecto,
1847 1595 2023 1678 quod
2059 1592 2144 1660 ad

141 1709 215 1753 me
263 1690 495 1768 attinet,
559 1690 861 1755 omnibus
921 1688 1116 1754 rebus
1168 1686 1428 1752 abunde
1489 1687 1585 1752 rei
1635 1687 1934 1772 publicae
1988 1688 2141 1752 satis

140 1781 337 1850 faciam.
395 1795 455 1851 te
490 1783 777 1868 quidem,
812 1782 903 1847 mi
938 1779 1190 1858 Cicer0,
1223 1781 1294 1847 in
1329 1781 1466 1846 dies
1500 1779 1898 1846 mehercules
1933 1779 2141 1845 habeo
2178 1803 2202 1843 τ

140 1875 389 1943 cariorem
421 1877 1009 1962 sollicitudinesque
1045 1899 1222 1942 meas
1258 1876 1490 1942 cotidie
1525 1876 1732 1961 magis
1768 1887 1884 1940 tua
1916 1874 2144 1941 merita

140 1984 429 2051 exacuunt,
473 1996 556 2038 ne
598 1973 754 2057 quid
787 1982 901 2037 aut
934 1994 1017 2038 ex
1051 1993 1268 2036 amore
1304 1983 1418 2036 aut
1452 1993 1537 2036 ex
1568 1969 1804 2036 iudicio
1840 1981 1952 2036 tuo
1998 1990 2145 2055 per-

140 2063 267 2130 dam.
342 2079 482 2153 opto
516 2077 598 2132 ut
630 2064 787 2131 mihi
820 2065 1009 2131 liceat
1044 2065 1174 2131 iam
1215 2064 1539 2151 praesenti
1581 2063 1818 2150 pietate
1853 2085 2144 2130 meorum

139 2156 431 2225 officiorum
464 2171 586 2227 tua
620 2157 929 2225 beneficia
963 2159 1082 2224 tibi
1115 2158 1330 2225 facere
1363 2158 1762 2224 iucundiora.
1820 2181 1946 2222 vm.
1983 2156 2142 2222 Idus

141 2249 246 2316 Iun.
277 2248 612 2332 Cularone,
642 2276 722 2319 ex
758 2252 991 2319 finibus
1026 2252 1477 2340 Allobrogum.
1563 2279 1570 2286 ·

995 2487 1216 2547 XXIV.

471 2593 595 2650 Scr.
616 2591 676 2645 in
694 2591 892 2647 castris
910 2591 983 2648 V.
1001 2590 1134 2647 Kal.
1158 2560 1398 2648 Sextiles
1417 2608 1467 2646 a.
1489 2608 1544 2645 u.
1563 2607 1613 2645 c.
1636 2591 1754 2644 711.

290 2693 638 2755 PLANCUS
673 2695 832 2750 IMP.
875 2684 1032 2750 008.
1069 2692 1326 2750 DESIG.
1366 2693 1423 2751 S.
1460 2692 1536 2747 D.
1572 2688 1952 2749 CICERONI.

233 2817 449 2886 Facere
487 2841 624 2886 non
666 2839 961 2904 possum,
1014 2816 1174 2902 quin
1215 2816 1286 2882 in
1330 2816 1616 2902 singulas
1649 2835 1753 2880 res
1787 2810 2144 2894 meritaque
2182 2837 2205 2874 1

141 2925 224 2976 tua
249 2914 350 2979 tibi
378 2917 619 3004 gratias
646 2937 871 3002 agam,
907 2913 1023 2980 sed
1054 2913 1453 2980 mehercuies
1488 2911 1656 2978 facio
1683 2931 1832 2977 cum
1866 2907 2112 2995 pudore
2123 2931 2140 2984 ;

141 3027 301 3091 neque
338 3012 501 3076 enim
544 3020 729 3076 tanta
768 3008 1205 3089 necessitudo,
1257 3018 1565 3095 quantam
1608 3018 1682 3071 tu
1726 3003 1887 3070 mihi
1928 3015 2145 3069 tecum

144 3119 245 3166 esse
272 3105 540 3183 voluisti,
579 3103 941 3170 desiderare
975 3103 1230 3170 videtur
1263 3101 1617 3189 gratiarum
1653 3099 1998 3174 actionem,
2034 3119 2148 3162 ne-

144 3212 235 3274 que
275 3220 384 3285 ego
430 3200 730 3265 lubenter
779 3219 897 3285 pro
940 3197 1235 3263 maximis
1285 3197 1416 3262 tuis
1469 3193 1794 3268 beneficiis
1848 3203 1981 3255 tam
2032 3189 2146 3253 vili

143 3304 351 3358 munere
381 3294 701 3379 defungor
726 3292 1051 3370 orationis,
1087 3302 1153 3358 et
1186 3292 1358 3357 malo
1383 3309 1689 3377 praesens
1717 3283 2146 3359 observantia,

144 3376 501 3471 indulgentia,
537 3386 921 3454 adsiduitate
954 3408 1304 3453 memorem
1330 3407 1436 3450 me
1471 3381 1588 3447 tibi
1621 3379 1914 3467 probare.
1970 3376 2147 3460 quod

146 3470 184 3535 Εἰ
208 3476 337 3544 mihi
359 3483 488 3548 vita
513 3480 873 3569 contigerit,
910 3480 1116 3547 omnis
1144 3490 1363 3567 gratas
1390 3475 1702 3546 amicitias
1732 3485 1924 3558 atque
1954 3469 2148 3536 etiam

146 3566 247 3647 pias
275 3575 765 3662 propinquitates
797 3578 833 3656 †
867 3575 935 3639 in
968 3585 1082 3640 tua
1116 3571 1543 3649 observantia,
1578 3565 1996 3654 indulgentia,
2033 3563 2150 3629 ad-

147 3658 388 3735 siduitate
437 3671 719 3749 vincam3
772 3691 953 3734 amor
1004 3667 1175 3734 enim
1227 3679 1379 3733 tuus
1425 3687 1502 3731 ac
1554 3663 1864 3729 iudicium
1918 3659 2000 3725 de
2043 3680 2148 3723 me

146 3768 316 3826 Utrum
353 3766 503 3832 mihi
543 3767 689 3852 plus
735 3765 1064 3853 dignitatis
1115 3765 1184 3829 in
1237 3771 1622 3850 perpetuum
1667 3782 1750 3824 an
1801 3753 2150 3841 voluptatis

150 3851 332 3922 0⁰tidie
380 3859 457 3926 sit
508 3861 835 3926 adlaturus
848 3907 865 3938 ,
920 3880 1053 3925 non
1102 3857 1293 3924 facile
1347 3855 1636 3923 dixerim.
1713 3852 1822 3917 .de
1872 3848 2150 3914 militum
2183 3867 2210 3906 s

151 3953 442 4018 commodis
482 3956 603 4022 fuit
636 3957 755 4021 tibi
788 3977 1011 4034 curae;
1057 3976 1219 4039 quos
1266 3975 1390 4040 ego
1425 3972 1556 4017 non
1599 3943 1921 4034 potentiae
1967 3965 2150 4009 meae

153 4054 306 4110 “ausa
332 4083 416 4095 --
443 4050 599 4117 nihil
641 4051 815 4118 enim
858 4073 965 4119 me
1008 4071 1139 4116 non
1184 4047 1546 4116 salutariter
1580 4043 1864 4199 cogligare
1898 4037 2031 4106 scio
2066 4071 2156 4085 -·
