2675 4559
464 243 593 313 386
1090 255 1163 308 M.
1202 251 1478 310 TULLII
1513 250 1917 309 CICERONIS

462 381 705 449 honore
738 375 1068 466 perspexi,
1116 385 1318 440 totam
1353 375 1630 459 denique
1664 374 1930 441 domum
1973 383 2257 442 vestram
2289 374 2391 441 vel
2423 398 2514 440 sa-

460 476 615 541 lutis
648 475 751 539 vel
787 471 1115 560 dignitatis
1150 491 1331 536 meae
1368 469 1896 536 studiosissimam
1923 468 2514 554 cupidissimamque
2627 529 2630 550 ,

464 566 763 655 cognovi.
868 587 1001 650 qua
1052 587 1123 631 re
1175 575 1434 651 gratum
1483 562 1643 628 mihi
1693 563 1953 642 feceris,
2018 563 2074 628 si
2134 563 2324 630 uxori
2381 573 2512 628 tuae
2628 575 2629 586 ¹

462 661 719 741 Iuniae,
762 658 1181 748 gravissimae
1215 669 1410 744 atque
1446 658 1724 743 optimae
1759 657 2067 736 feminae,
2117 657 2284 724 meis
2319 656 2511 722 verbis

464 757 589 824 eris
622 755 1003 843 gratulatus.
1042 831 1047 834 ¹
1073 776 1116 819 a
1148 763 1211 818 te
1246 752 1334 830 id,
1371 751 1548 836 quod
1581 751 1914 829 consuesti,
1952 759 2125 836 peto,
2162 773 2270 816 me
2307 750 2512 816 absen-

463 861 596 917 tem
628 849 861 936 diligas
896 859 1091 934 atque
1124 845 1452 912 defendas.

1449 1079 1554 1136 IX.

892 1185 1009 1241 Sor.
1030 1184 1239 1242 ibidem
1258 1184 1458 1239 eodem
1474 1199 1664 1238 mense
1685 1182 1934 1239 eiusdem
1953 1181 2107 1237 anni.

638 1288 715 1344 M.
751 1285 1029 1345 CICERO
1064 1283 1380 1342 PROCOS.
1417 1284 1475 1341 S.
1511 1286 1586 1340 D.
1623 1285 1702 1340 M.
1738 1283 2162 1342 MARCELLO
2201 1283 2365 1342 COS.

408 1438 433 1476 1
594 1411 694 1477 Te
738 1421 803 1476 et
843 1407 1099 1496 pietatis
1144 1409 1215 1474 in
1256 1420 1404 1474 tuos
1449 1417 1514 1474 et
1559 1407 1753 1474 animi
1795 1409 1866 1473 in
1911 1429 2050 1474 rem
2099 1407 2428 1496 publicam
2463 1419 2513 1472 et

468 1504 799 1570 clarissimi
844 1513 1039 1587 atque
1080 1503 1307 1588 optimi
1359 1503 1729 1568 consulatus
1777 1499 1855 1567 G.
1902 1502 2222 1569 Marcello
2279 1501 2510 1569 consule

466 1599 640 1666 facto
674 1599 959 1664 fructum
994 1597 1269 1683 cepisse,
1306 1595 1719 1663 vehementer
1752 1596 2029 1684 gaudeo.
2117 1618 2255 1662 non
2292 1597 2510 1673 dubito,

469 1696 627 1782 quid
666 1703 1035 1805 praesentes
1082 1694 1386 1771 sentiant3
1433 1715 1551 1758 nos
1597 1693 1860 1776 quidem
1903 1691 2246 1778 longinqui
2292 1703 2358 1758 et
2390 1715 2427 1756 a
2462 1703 2512 1754 te

467 1791 611 1875 ipso
646 1787 824 1854 missi
858 1790 927 1853 in
960 1787 1219 1854 ultimas
1252 1787 1464 1874 gentis
1499 1787 1584 1851 ad
1629 1787 1879 1851 caelum
1913 1785 2284 1882 mehercule
2331 1799 2385 1852 te
2410 1785 2514 1851 tol-

466 1885 658 1950 limus
705 1883 1050 1950 verissimis
1098 1905 1173 1948 ac
1206 1881 1568 1946 iustissimis
1610 1881 1930 1946 laudibus.
2018 1903 2174 1945 nam
2207 1903 2362 1946 cum
2393 1893 2448 1946 te
2479 1903 2510 1942 a

466 1977 742 2065 pueritia
793 1991 907 2044 tua
956 1976 1145 2043 unice
1190 1976 1520 2042 dilexerim
1565 1987 1764 2059 tuque
1809 1998 1913 2040 me
1957 1975 2028 2040 in
2071 1976 2250 2040 omni
2298 1996 2512 2062 genere

468 2095 723 2159 semper
767 2072 1231 2158 amplissimum
1276 2093 1418 2137 esse
1461 2083 1528 2136 et
1569 2071 1847 2136 volueris
1891 2080 1956 2136 et
2004 2069 2308 2136 iudicaris
2321 2119 2341 2150 ,
2393 2081 2508 2136 tum

467 2167 591 2231 hoo
626 2167 729 2232 vel
766 2176 879 2231 tuo
914 2163 1086 2231 facto
1122 2166 1227 2231 vel
1272 2164 1497 2252 populi
1531 2165 1808 2230 Romani
1843 2164 1926 2230 de
1959 2175 2024 2230 te
2057 2165 2297 2232 iudicio
2331 2165 2508 2231 multo

468 2260 676 2324 acrius
702 2258 1271 2342 vehementiusque
1314 2258 1514 2344 diligo
1549 2258 1958 2370 maximaque
1981 2259 2228 2326 laetitia
2249 2259 2507 2334 adficior,

466 2375 616 2418 cum
651 2351 735 2416 ab
769 2352 1135 2419 hominibus
1172 2351 1688 2438 prudentissimis
1722 2353 2002 2438 virisque
2039 2353 2296 2440 optimis
2330 2354 2510 2420 omni-

466 2447 588 2512 bus
632 2445 847 2524 dictis,
899 2445 1087 2510 factis
1099 2492 1118 2523 ,
1172 2444 1429 2524 studiis,
1481 2446 1789 2512 institutis
1833 2447 1936 2513 vel
1969 2469 2076 2514 me
2121 2447 2217 2514 tui
2261 2449 2509 2514 similem

406 2569 433 2606 2
468 2563 608 2608 esse
644 2539 835 2606 audio
880 2540 987 2606 vel
1032 2551 1097 2605 te
1140 2540 1287 2606 mei.
1376 2564 1580 2606 unum
1616 2563 1769 2607 vero
1805 2543 1862 2608 si
1897 2541 2080 2608 addis
2117 2543 2206 2608 ad·
2245 2543 2507 2630 praecla-

467 2635 749 2701 rissimas
784 2656 887 2701 res
934 2634 1305 2700 consulatus
1353 2636 1479 2712 tui,
1523 2647 1598 2700 ut
1641 2647 1754 2701 aut
1795 2634 1954 2700 mihi
1989 2637 2292 2703 succedat
2334 2659 2505 2722 quam

466 2731 745 2816 primum
780 2729 1009 2813 aliquis
1046 2739 1159 2794 aut
1178 2751 1265 2794 ne
1292 2729 1449 2814 quid
1480 2729 1744 2795 accedat
1777 2731 2082 2816 temporis
2109 2731 2194 2796 ad
2230 2731 2318 2810 id,
2353 2729 2506 2815 quod

464 2835 537 2887 tu
571 2823 729 2887 mihi
763 2833 829 2887 et
862 2833 1123 2888 senatus
1159 2823 1450 2888 consulto
1486 2834 1552 2888 et
1584 2823 1730 2910 lege
1765 2823 1990 2901 finisti,
2027 2825 2246 2890 omnia
2275 2849 2376 2891 me
2405 2846 2507 2910 per

464 2927 528 2980 te
564 2926 978 2981 consecutum
1024 2916 1287 3002 putabo.
1334 2939 1342 2946 ·
1377 2939 1560 2993 cura,
1597 2927 1670 2982 ut
1703 2919 1919 2984 valeas
1955 2931 2022 2984 et
2055 2943 2159 2985 me
2197 2920 2503 2986 absentem

405 3028 431 3066 3
466 3007 697 3096 diligas
742 3019 935 3094 atque
981 3011 1307 3077 defendas.
1402 3031 1569 3094 quae
1615 3012 1772 3077 mihi
1819 3012 1898 3078 de
1933 3013 2196 3080 Parthis
2241 3013 2502 3079 nuntiata

466 3114 633 3180 sunt,
670 3103 823 3188 quia
854 3126 987 3169 non
1020 3105 1331 3190 putabam
1367 3127 1408 3170 a
1441 3127 1544 3172 me
1582 3107 1774 3172 etiam
1805 3129 1980 3172 nunc
2015 3106 2351 3176 scribenda
2381 3127 2498 3174 esse

463 3197 749 3283 publice,
814 3209 1153 3283 propterea
1204 3221 1286 3264 ne
1338 3221 1456 3284 pro
1511 3199 1940 3267 familiaritate
1995 3201 2259 3286 quidem
2309 3210 2500 3267 nostra

463 3291 640 3356 volui
674 3289 758 3356 ad
799 3301 865 3357 te
902 3292 1208 3368 scribere,
1253 3313 1337 3356 ne
1350 3340 1369 3371 ,
1417 3315 1565 3358 cum
1609 3295 1692 3360 ad
1738 3295 2068 3360 consulem
2113 3295 2497 3384 scripsissem.

462 3384 721 3470 publice
753 3383 1006 3451 viderer
1040 3386 1390 3472 scripsisse.

1449 3621 1524 3678 x.

860 3719 977 3776 ser.
997 3723 1057 3778 in
1076 3723 1277 3779 cilicia
1292 3741 1483 3780 mense
1508 3724 1770 3780 Ianuario
1791 3742 1842 3780 a.
1861 3743 1916 3780 u.
1938 3742 1987 3782 c.
2010 3707 2128 3782 704.

563 3821 641 3876 M.
679 3820 955 3879 CICERO
990 3825 1150 3880 ms.
1188 3823 1354 3882 SAL.
1393 3827 1468 3880 D.
1507 3826 1570 3882 Ο.
1605 3827 2026 3884 MARCELLO
2065 3827 2128 3885 c.
2163 3829 2234 3884 F.
2270 3826 2417 3885 cos.

402 3957 427 3994 1
588 3939 915 4021 Quoniam
946 3945 1015 4009 id
1052 3945 1303 4025 accidit,
1340 3947 1518 4032 quod
1551 3948 1717 4014 mihi
1741 3947 2024 4015 maxime
2057 3949 2184 4016 fuit
2211 3959 2500 4036 optatum,

458 4037 530 4091 ut
556 4033 840 4099 omnium
857 4037 1353 4129 Marcellorum,
1353 4042 1876 4110 Marcellinorum
1895 4043 2092 4110 etiam
2111 4079 2201 4093 --
2207 4043 2498 4110 mirificus
