2675 4559
484 1708 500 1744 1

548 223 676 289 192
1167 235 1244 288 Μ.
1283 232 1559 291 TULLII
1594 231 1995 289 CICERONIS

540 361 622 426 ad
674 371 738 426 te
788 358 1244 445 percurrissem
1290 368 1354 422 et
1405 357 1529 423 hoc
1574 379 1614 421 a
1663 367 1729 422 te
1787 377 2088 443 praesens
2139 355 2535 421 contendissem

478 477 505 518 5
544 467 736 538 atque
765 455 939 519 omni
972 454 1038 520 vi
1073 464 1138 520 te
1164 453 1590 519 retinuissem.
1653 453 1848 518 etiam
1882 464 2074 537 atque
2101 452 2305 529 etiam,
2338 450 2535 537 (licem,

538 549 773 635 cogita,
807 572 889 616 ne
924 560 988 614 te
1015 559 1291 631 tuosque
1318 547 1530 612 omnis
1563 547 1855 613 funditus
1883 558 2153 624 evertas,
2186 569 2266 612 ne
2297 557 2356 612 te
2378 547 2535 611 sciens

544 643 949 728 prudensque
984 663 1062 708 eo
1098 641 1421 720 demittas,
1455 640 1628 707 unde
1661 641 1906 708 exitum
1940 640 2121 707 vides
2156 641 2389 706 nullum
2416 663 2534 707 esse.

540 735 713 820 quod
766 736 823 802 si
872 748 939 802 te
991 746 1105 803 aut
1153 757 1346 802 voces
1400 736 1807 821 optimatium
1864 747 2264 801 commovent
2313 746 2412 800 aut
2443 756 2536 798 non

540 831 861 898 nullorum
894 830 1230 897 hominum
1268 830 1675 904 insolentiam
1715 842 1782 896 et
1822 829 2228 896 iactationem
2268 828 2417 896 ferre
2443 851 2535 892 non

543 937 721 1012 putes
732 973 753 1004 ,
807 925 1007 1012 eligas
1053 947 1283 993 censeo
1327 925 1590 1009 aliquod
1645 924 1956 1012 oppidum
1999 945 2274 991 vacuum
2316 946 2352 988 a
2394 923 2534 998 bello,

544 1020 697 1086 dum
730 1019 891 1087 haec
925 1020 1384 1098 decernuntur,
1430 1041 1597 1103 quae
1640 1019 1772 1085 iam
1815 1029 2011 1085 erunt·
2036 1018 2339 1085 confecta.
2411 1017 2466 1080 id
2500 1015 2535 1079 si

544 1114 767 1183 feceris
778 1161 797 1192 ,
842 1125 907 1181 et
941 1136 1064 1200 ego
1101 1126 1165 1180 te
1200 1114 1523 1200 sapienter
1556 1113 1788 1180 fecisse
1821 1113 2124 1179 iudicabo
2160 1123 2224 1180 et
2257 1109 2535 1178 Caesarem

544 1232 668 1276 non
705 1208 1015 1275 offendes.

1472 1357 1586 1414 XV
1586 1357 1665 1412 ΙΙ.

1002 1459 1118 1516 Ser.
1138 1460 1352 1515 Romae
1370 1477 1561 1516 mense
1580 1459 1784 1515 Martio
1805 1477 1855 1515 a.
1876 1478 1930 1514 u.
1952 1476 2000 1514 c.
2026 1461 2146 1516 706.

1096 1562 1430 1620 CAELIUS
1467 1561 1832 1619 CICERONI
1868 1561 2040 1619 SAL.

668 1676 849 1764 Ergo
875 1701 979 1746 me
1011 1677 1227 1764 potius
1260 1678 1330 1746 in
1347 1677 1666 1764 Hispania
1693 1676 1894 1744 fuisse
1925 1689 2068 1744 tum
2098 1628 2286 1764 quam
2301 1675 2533 1749 Formiis,

544 1795 689 1838 cum
741 1784 814 1838 tu
864 1771 1191 1859 profectus
1246 1796 1313 1839 es
1369 1773 1453 1840 ad
1493 1773 1908 1859 Pompeium!
1962 1775 2144 1858 quod
2192 1772 2417 1839 utinam
2457 1778 2534 1834 aut

544 1867 799 1953 Appius
836 1864 1148 1934 Claudius
1181 1872 1249 1934 in
1284 1868 1399 1932 hac
1422 1879 1607 1954 parte
1636 1868 1866 1954 fuisset
1899 1880 2008 1934 aut
2047 1869 2116 1934 in
2147 1868 2270 1934 ista
2300 1876 2453 1953 parte
2480 1859 2532 1925 C·

548 1960 764 2038 Curio,
800 1961 983 2028 cuius
1012 1960 1292 2026 amicitia
1324 1984 1429 2027 me
1463 1961 1825 2071 paulatim·
1804 1985 1874 2025 ιιι
1907 1962 2081 2030 hanc
2114 1961 2407 2049 perditam
2427 1978 2533 2022 cau·
2608 2013 2609 2016 ,

543 2078 678 2120 sam
711 2055 1022 2139 inposuit3
1058 2077 1210 2119 nam
1243 2054 1402 2119 mihi
1437 2055 1645 2120 sentio
1687 2054 1925 2121 bonam
1959 2068 2244 2123 mentem
2274 2049 2533 2120 iracundia
2608 2068 2609 2071 ¹

544 2164 600 2212 ιιι
637 2170 851 2213 amore
888 2148 1187 2214 ablatam.
1253 2159 1326 2215 tu
1359 2171 1572 2235 porr0‚
1609 2171 1757 2216 cum
1791 2150 1877 2216 ad
1911 2161 1975 2218 te
2009 2151 2402 2238 proficiscens
2423 2143 2532 2210 Ari-
2607 2225 2610 2232 ,

544 2244 711 2308 mino
746 2253 944 2309 noctu
988 2244 1339 2321 venissem,
1395 2244 1551 2309 dum
1594 2244 1752 2311 mihi
1797 2245 1972 2331 pacis
2019 2247 2320 2314 mandata
2359 2243 2452 2308 das
2478 2236 2533 2301 ad

544 2336 885 2404 Caesarem
920 2349 984 2403 et
1018 2337 1355 2404 mirificum
1389 2338 1598 2404 civem
1635 2339 1794 2426 agis,
1838 2339 2031 2405 amici
2068 2341 2342 2407 officium
2371 2333 2532 2419 negle-

540 2431 686 2496 xisti
720 2453 930 2516 neque
959 2431 1113 2497 mihi
1142 2432 1536 2501 consuluisti.
1588 2455 1799 2519 neque
1832 2433 1992 2500 haec
2028 2435 2197 2512 dico,
2231 2432 2393 2519 quod
2413 2425 2533 2492 diffi-

540 2528 688 2590 dam
724 2526 875 2592 huic
910 2546 1165 2602 causae,
1201 2527 1315 2592 sed
1351 2527 1539 2594 crede
1574 2526 1751 2604 mihi,
1787 2528 1996 2614 perire
2035 2529 2236 2596 satius
2270 2536 2360 2594 est
2388 2538 2530 2607 quam
2600 2600 2608 2619 A

480 2624 654 2686 shos
690 2620 927 2687 videre.
999 2620 1173 2704 quod
1208 2621 1263 2686 si
1297 2621 1487 2688 timor
1521 2633 1773 2688 vestrae
1810 2622 2207 2691 crudelitatis
2241 2643 2362 2687 non
2390 2622 2530 2684 esset,
2606 2629 2607 2635 ’

540 2715 720 2781 eiecti
765 2715 893 2782 iam
937 2713 1185 2802 pridem
1228 2715 1378 2781 hinc
1422 2737 1733 2794 essemus3
1786 2739 1938 2783 nam
1980 2716 2090 2783 hic
2131 2737 2300 2783 nunc
2339 2718 2532 2811 praeter

540 2812 966 2876 faeneratores
1000 2831 1243 2895 paucos
1271 2832 1393 2880 nec
1418 2809 1609 2875 homo
1636 2832 1759 2877 nec
1787 2809 1942 2876 ordo
1971 2811 2310 2922 quisquam
2334 2816 2419 2872 est
2445 2801 2530 2866 nis1
2604 2883 2605 2887 Ἰ

538 2904 991 2988 Pompeianus.
1079 2903 1440 2986 equidem
1420 2926 1553 2968 iam
1587 2903 1802 2982 effeci,
1852 2916 1926 2970 ut
1969 2905 2247 2972 maxime
2287 2899 2476 3002 plebs
2473 2903 2529 2965 et,
2604 2910 2605 2938 ³

536 2997 647 3080 qui
682 3007 870 3062 antea
895 3007 1110 3062 noster
1135 2997 1279 3075 fuit,
1314 3000 1593 3084 populus
1619 3010 1828 3066 vester
1856 3011 2044 3067 esset.
2101 3006 2248 3064 ‘cur
2269 2991 2436 3061 hoc?
2461 2988 2529 3051 in·

536 3091 698 3176 quis.
768 3091 965 3161 immo
1000 3092 1247 3176 reliqua
1281 3103 1682 3180 exspectate3
1736 3115 1853 3159 vos
1887 3093 2122 3163 invitos
2158 3093 2396 3158 vincere
2425 3102 2529 3149 006·

532 3208 706 3272 gero.
790 3211 1002 3274 qeram
1036 3188 1309 3257 alterum
1343 3210 1448 3254 me
1486 3184 1830 3256 Catonem.
1878 3196 1993 3254 vos
2029 3186 2339 3262 dormitis,
2368 3194 2527 3260 neque

536 3281 743 3349 adhuc
776 3281 935 3348 mihi
968 3281 1274 3350 videmini
1316 3282 1722 3374 intellegere,
1767 3304 1963 3366 quam
1996 3306 2113 3351 nos
2157 3293 2458 3368 pateamus
2483 3280 2527 3332 et

532 3400 725 3460 quam
779 3377 979 3443 simus
1029 3376 1329 3445 inbecilli.
1435 3387 1629 3461 atque
1681 3376 1804 3442 hoc
1860 3378 2097 3445 nullius
2156 3370 2406 3463 praemii
2446 3382 2527 3449 ⁸1³0

532 3471 785 3549 fficiam,
822 3471 954 3549 sed,
990 3472 1165 3555 quod
1192 3471 1368 3559 apud
1393 3494 1498 3537 me
1525 3473 1870 3558 plurimum
1899 3473 2059 3540 solet
2086 3472 2315 3545 valere,
2345 3457 2527 3530 doloris

532 3580 725 3652 atque
758 3567 1155 3653 indignitatis
1192 3589 1406 3633 causa.
1479 3561 1635 3651 quid
1668 3568 1813 3633 istic
1845 3567 2095 3635 facitis?
2128 3563 2419 3652 proelium
2447 3575 2528 3619 ex·

532 3660 862 3748 spectatis,
914 3662 1090 3747 quod
1132 3660 1566 3727 firmissimum
1612 3662 1846 3728 habet?
1897 3673 2141 3728 vestras
2188 3656 2388 3744 copias
2431 3666 2527 3712 non

532 3756 710 3834 nnvi3
763 3756 965 3823 nostri
1008 3756 1195 3823 valde
1241 3755 1613 3842 depugnare
1657 3769 1721 3824 et
1763 3757 1955 3824 facile
1990 3757 2203 3842 algere
2235 3763 2295 3818 et
2335 3741 2527 3815 esurire

532 3862 933 3917 consuerunt.

1351 4049 1781 4058 --—————.-—

2603 2958 2606 3114 1
