2675 4559
224 0 671 94 'ww
691 0 708 3 ’

500 47 539 66 ΙΙ..
689 46 694 52 ¹.

330 101 338 110 ι
370 70 481 114 ..u-n.-
557 78 568 85 r

643 296 1196 357 EPISTOLARUM
1229 300 1330 356 IV.
1368 302 1451 357 15.
1486 300 1559 360 V.
1598 304 1649 357 1.
2092 290 2176 357 89

624 848 722 913 Μ.
775 846 1106 915 TULLII
1161 846 1667 917 CICERONIS

1079 956 1196 1012 ET

371 1054 512 1123 AD
566 1056 667 1121 M.
720 1054 1220 1125 TULLIUM
1273 1054 1913 1126 CICERONEM

747 1154 1529 1226 EPISTOLARUM

685 1290 1025 1348 LIBER.
1074 1292 1609 1359 QUINTUS.

612 1396 766 1463 AD
834 1396 920 1481 q.
982 1398 1682 1467 METELLUM.

1120 1582 1170 1639 1.

622 1682 741 1741 Ser.
759 1685 818 1739 in
840 1684 1034 1742 Gallia
1050 1684 1305 1741 citeriore
1324 1702 1377 1740 a.
1394 1704 1450 1739 u.
1471 1703 1519 1741 e.
1541 1686 1660 1741 692.

164 1790 210 1856 Q.
245 1793 646 1855 METELLUS
690 1796 758 1861 Q.
795 1796 862 1851 F.
899 1794 1507 1938 Οἱξέἕᾙὲἓῗῦῡδ.
1554 1795 1611 1852 S.
1647 1796 1721 1851 D.
1758 1796 1835 1853 M.
1881 1797 2175 1855 TULLIO

260 2017 323 2085 Si
353 2022 547 2100 vales,
589 2022 757 2088 bene
799 2031 914 2087 est.
980 2020 1413 2100 existimaram
1446 2043 1565 2107 pro
1598 2032 1823 2087 mutuo
1856 2022 2023 2089 inter
2056 2045 2173 2089 nos
2208 2048 2235 2085 1

161 2111 330 2177 animo
361 2126 422 2180 et
465 2136 590 2202 pro
634 2114 1043 2181 reconciliata
1085 2114 1297 2200 gratia
1339 2135 1461 2180 nee
1506 2115 1839 2182 absentem
1878 2138 1973 2183 me
2004 2116 2174 2182 ludi-

160 2200 268 2268 brio
293 2204 528 2273 laesum
573 2208 658 2273 iri
701 2228 824 2275 nee
856 2208 1198 2273 Metellum
1241 2208 1504 2275 fratrem
1547 2209 1631 2274 ob
1676 2210 1919 2278 dietum
1964 2212 2173 2297 eapite

60 2306 62 2375 ζ
162 2316 217 2359 ae
243 2298 490 2369 fortunis
525 2326 651 2389 per
679 2314 743 2369 te
770 2313 1212 2389 oppugnatum
1246 2302 1357 2380 iri3
1394 2323 1588 2386 quem
1615 2304 1669 2368 si
1702 2327 1933 2389 parum
1966 2307 2174 2391 pudor

162 2386 318 2473 ipsius
349 2396 766 2473 defendebat,
811 2395 1088 2463 debebat
1131 2396 1237 2461 vel
1279 2396 1562 2463 familiae
1603 2408 1859 2464 nostrae
1894 2399 2171 2487 dignitas

161 2484 237 2548 vel
264 2508 460 2555 meum
483 2490 778 2557 studium
803 2511 960 2576 erga
984 2510 1100 2553 vos
1127 2511 1391 2573 remque
1424 2490 1764 2577 publieam'
1781 2492 1933 2557 satis
1960 2494 2174 2559 suble-

161 2596 294 2645 vare.
370 2607 544 2651 nune
581 2584 774 2651 video
805 2584 989 2660 illum
1024 2582 1563 2661 circumventum,
1607 2608 1711 2650 me
1746 2585 2096 2663 desertum,
2134 2610 2173 2651 a

161 2671 350 2753 quibus
378 2679 644 2745 minime
677 2677 1120 2745 conveniebat.
1209 2678 1429 2761 itaque
1462 2678 1531 2742 in
1564 2678 1744 2743 luctu
1778 2689 1844 2744 et
1876 2679 2170 2762 squalore
2203 2704 2231 2743 ε

163 2784 298 2846 sum,
335 2772 442 2855 qui
471 2772 875 2860 provinciae,
919 2771 1032 2855 qui
1068 2770 1377 2837 exercitui
1411 2792 1745 2856 praesum,
1783 2772 1895 2854 qui
1929 2770 2171 2837 bellum

163 2876 308 2941 gero:
339 2886 498 2949 quae
533 2866 842 2951 quoniam
876 2886 998 2931 nee
1031 2866 1278 2931 ratione
1303 2886 1426 2931 nee
1459 2864 1774 2930 maiorum
1808 2874 2173 2931 nostrorum

165 2950 449 3025 clementia
475 2960 984 3037 administrastis,
1012 2980 1142 3024 non
1171 2959 1291 3025 erit
1317 2959 1699 3037 mirandum,
1732 2959 1785 3025 si
1810 2980 1925 3025 vos
1952 2960 2173 3047 paeni-

164 3044 301 3113 tebit.
381 3065 444 3119 te
494 3068 628 3120 tam
680 3053 903 3118 mobili
951 3054 1020 3117 in
1072 3076 1176 3118 me
1230 3074 1537 3137 meosque
1592 3076 1731 3119 esse
1784 3056 1997 3120 animo
2042 3077 2173 3121 non

163 3145 477 3222 sperabam:
530 3167 637 3214 me
677 3149 921 3215 interea
963 3168 1084 3212 nee
1129 3146 1517 3213 domesticus
1568 3147 1753 3212 dolor
1794 3168 1915 3213 nee
1958 3149 2173 3214 euius·-

60 3272 62 3283 ·
164 3250 318 3314 ‘luam
347 3241 578 3308 iniuria
596 3246 680 3311 ab
697 3265 766 3308 re
788 3241 1049 3329 publiea
1083 3239 1380 3321 abdueet.

1107 3474 1188 3530 H.

795 3577 912 3635 Ser.
929 3578 1144 3635 Romae
1165 3594 1216 3632 a.
1235 3594 1274 3632 u
1311 3594 1360 3633 c.
1381 3576 1501 3633 692.

166 3674 226 3731 n.
255 3682 575 3747 TULLIUS
619 3690 698 3745 M.
734 3689 802 3745 s.
839 3660 1637 3832 cssffizssbmssmmo
1684 3687 1755 3754 Q.
1788 3690 1857 3744 F.
1894 3689 2175 3746 csLsm

271 3888 338 3957 Si
377 3906 446 3961 tu
490 3898 932 3983 exercitusque
965 3896 1220 3975 valetis,
1269 3897 1435 3962 bene
1480 3906 1594 3961 est.
1684 3894 1907 3961 scribis
1942 3894 2027 3960 ad
2069 3917 2173 3963 me
2208 3920 2232 3959 1

174 3990 222 4046 te
249 3988 616 4061 existimasse
659 4016 776 4081 pro
818 4005 1046 4060 mutuo
1092 3993 1259 4057 inter
1291 4014 1411 4057 nos
1446 3992 1661 4057 animo
1696 4000 1761 4057 et
1802 4012 1921 4077 pro
1953 4012 2174 4057 recon-

175 4074 350 4149 <iliata
379 4090 577 4173 gratia
601 4110 954 4176 numquam
987 4098 1053 4154 te
1079 4111 1120 4152 a
1144 4108 1248 4152 me
1274 4086 1555 4153 ludibrio
1580 4087 1825 4153 laesum
1851 4085 1947 4151 iri.
2003 4088 2176 4175 quod
