2675 4559
883 251 1234 313 Annonem
1271 270 1525 314 omncs.
2168 272 2314 318 XLV

167 386 292 455 yendz'
307 347 990 451 seeumwesenbergiosp.
1005 388 1070 435 35
1086 378 1214 453 equ)
1229 380 1310 435 M.-
1328 412 1400 423 --
1410 378 1659 474 'coyn'itas
1682 382 1812 455 (litt.
1836 402 1874 437 n
1899 384 2111 457 deleta)
2142 384 2219 440 M.
2243 416 2314 427 -—
2356 426 2361 430 -

169 464 212 514 k.
253 459 352 515 Sed
373 458 478 513 vid.
500 457 562 513 O.
581 458 645 511 F.
655 458 749 524 W.
769 458 974 512 Miiller
987 457 1196 512 Philol.
1231 468 1350 513 tuae
1372 461 1514 513 sicne
1536 458 1738 531 (erasa
1745 461 1853 517 litt.
1874 462 1927 533 e)
1948 480 2067 517 cum
2090 464 2313 517 maxime

167 536 320 593 XVII.
342 553 394 605 Ρ.
423 541 537 589 104.
571 538 590 604 11
621 542 670 588 4.
697 536 752 588 in
774 552 884 605 rep.
909 534 1081 589 M·.--
1011 553 1197 605 -eqo
1228 536 1393 591 M.-
1418 536 1573 591 Fort.
1597 555 1717 593 νοτε
1737 537 1973 607 efferunt.
1994 568 2063 579 —-
2079 539 2313 594 iudicare

165 631 318 684 mayno
339 611 666 667 Lambinue.
692 629 912 681 amayae
935 612 1150 683 (littera
1167 629 1198 665 c
1229 612 1304 668 M.
1333 616 1353 683 11
1379 620 1429 668 8.
1454 616 1600 669 :tinea
1624 623 1671 669 te
1702 615 1857 686 iqitur
1879 621 2009 670 noe:
2043 617 2194 670 uince
2215 618 2311 686 iqi-

165 695 334 760 puncto
362 687 576 759 notata)
607 687 694 758 M,
727 704 918 758 mayno
941 688 997 742 k.
1020 718 1092 729 --
1123 690 1195 742 le-
1229 700 1315 744 tur
1348 690 1476 759 Mk,
1495 691 1657 745 vince
1686 692 1843 760 iyitur
1877 702 1925 747 te
1957 690 2217 747 Orellius.
2245 724 2313 734 —
2384 712 2387 715 ·

163 770 249 838 picit
265 768 484 820 dimissos
507 764 668 819 M.—
665 776 922 819 uetuerat
944 764 1020 819 Μ.
1038 766 1200 819 —ad
1229 770 1387 837 vala]
1415 770 1525 821 ual.
1545 766 1622 821 M.

165 863 252 897 eum
275 842 574 897 Manutius.
614 844 688 896 ad
722 860 804 897 me
833 840 910 896 M.
955 844 976 911 11
1019 848 1066 896 6.
1101 844 1197 895 huc
1295 842 1403 914 Ep.
1446 850 1529 897 27.
1576 842 1625 914 §.
1680 852 1725 898 1.
1775 862 1978 899 summa
2022 863 2139 902 mea
2186 864 2315 915 erya

167 918 387 975 Orellius:
418 922 515 973 hoc
535 918 614 974 Μ.
663 917 752 973 cf.
783 935 871 993 ep.
899 925 984 989 21,
1011 925 1059 972 5.
1089 921 1181 989 6.11
1231 918 1501 975 Orellius:
1533 936 1735 975 summa
1766 940 1894 991 erya
1924 922 2043 976 Mk.
2092 922 2178 977 Cf.
2203 924 2309 992 VI,

165 1004 201 1050 7.
226 998 446 1066 pietatem
483 1013 666 1052 eorum
705 994 781 1049 M.
822 1025 892 1035 —
934 958 1198 1050 duim-one
1231 1002 1323 1066 22,
1362 1004 1411 1051 2.
1446 1028 1515 1037 —
1545 995 1777 1068 selunqis
1805 994 1881 1051 Μ.
1918 1028 1987 1039 —-
2018 1002 2226 1053 restatur
2228 1010 2313 1053 ast

165 1073 466 1128 Sirmondus:
493 1074 747 1128 cuiaro'ne
765 1071 841 1126 Μ.
1227 1073 1305 1127 Μ.
1333 1076 1353 1143 11
1381 1080 1427 1127 2.
1454 1074 1807 1149 interponeres
1830 1074 1905 1129 M.

212 1148 300 1220 Ep.
330 1156 404 1204 24.
439 1150 489 1221 §.
527 1158 575 1204 1.
607 1152 918 1221 meritaque]
951 1167 1196 1220 moraque
1295 1148 1401 1221 Ep.
1431 1156 1513 1205 28.
1548 1150 1596 1223 §-
1626 1159 1673 1205 1.
1709 1151 1941 1205 diuinum
1974 1169 2083 1221 rep.
2110 1152 2185 1207 M.
2216 1154 2235 1223 11
2262 1160 2309 1209 2.

160 1225 218 1279 Μ.
239 1258 296 1268 -
313 1230 590 1281 mehercule
615 1227 771 1299 (ante
802 1226 1048 1289 litteram
1071 1242 1193 1281 era·
1225 1230 1561 1298 senatumque
1580 1230 1688 1282 iam
1712 1232 1842 1296 eet]
1864 1228 1957 1281 Ad
1976 1228 2119 1283 haee
2138 1229 2313 1284 verba
2422 1256 2425 1259 ·

163 1304 272 1371 sam)
300 1304 378 1357 M:
409 1306 726 1359 mehercules
755 1304 812 1357 k.
839 1334 908 1345 -—
940 1305 1194 1358 actionem
1227 1302 1284 1357 in
1308 1302 1371 1357 M
1394 1304 1467 1359 ab
1500 1305 1734 1376 antiqua
1764 1320 1937 1360 manu
1968 1305 2310 1376 adscriptum

159 1379 224 1435 bis
255 1380 500 1451 deinceps
539 1380 721 1436 habet
750 1380 836 1451 M,
879 1381 981 1435 sed
1014 1380 1192 1435 altero
1227 1386 1337 1435 est:
1370 1382 1481 1435 Sile
1512 1382 1738 1436 obsecro.
1763 1412 1834 1422 -
1856 1386 2105 1453 populor.
2138 1384 2311 1453 attulit
2350 1400 2353 1403 ·
2454 1368 2457 1371 ’

161 1456 252 1510 loeo
291 1458 526 1513 deletum
580 1464 682 1513 est.
723 1490 792 1501 —-
832 1459 1192 1513 adsiduitatem
1225 1456 1301 1511 M.
1321 1460 1340 1529 11
1366 1464 1412 1513 8.
1426 1460 1671 1523 damnum
1681 1450 1821 1514 cerr.
1832 1477 1899 1515 ex
1910 1462 2138 1530 thynum
2149 1460 2307 1514 M.—

159 1550 384 1587 memorem
421 1534 498 1589 M.
529 1565 606 1575 —
647 1536 704 1589 in
745 1538 862 1602 tua]
902 1540 1018 1589 mea
1058 1536 1114 1588 in
1147 1544 1195 1589 te
1218 1554 1357 1606 puer
1378 1536 1628 1605 [Caesar]
1648 1534 1842 1608 Kleyn
1859 1534 2307 1608 p.12.eoll.·XII,
2334 1534 2339 1537 ’

158 1608 538 1667 Lambinus.—-
573 1613 920 1667 adsut'duitate
959 1610 1034 1665 M.
1074 1612 1094 1680 11
1143 1617 1188 1665 2.
1229 1619 1310 1682 25,
1337 1620 1389 1667 4.
1417 1613 1490 1667 ad
1513 1613 1631 1666 Att.
1652 1612 1817 1681 XIV,
1848 1618 1929 1683 12,
1958 1620 2007 1667 2.
2030 1612 2191 1683 XVI
2224 1621 2306 1681 11,

159 1688 2385 1762 οατιι(ιηι(1ι1;ί;πιᾶεΙιιιςει).---(>ο,ιγι“-6.15,..,8Ἰ“ιι(ιί’“ΧΙ7,2.--ι”.«ι(ιοι·ι’.Δ

159 1773 244 1819 tare
276 1769 366 1820 seis
406 1766 708 1824 Nodellius
749 1772 808 1821 et
846 1765 1098 1821 Weiske.
1121 1796 1190 1806 —
1225 1767 1282 1821 in
1306 1730 1387 1821 his’
1406 1766 1482 1819 M.
1600 1828 1603 1831 ⁴

157 1844 266 1911 talis]
287 1844 458 1911 fatalis
481 1844 560 1899 H.
571 1844 647 1898 A.
657 1842 821 1898 Koch
831 1842 996 1914 (Mus.
1007 1842 1190 1897 Rhen.
1290 1842 1397 1913 Ep.
1427 1848 1509 1897 29.
1550 1801 1723 1913 Appia
1756 1842 1841 1895 Μ.
1876 1843 2065 1913 Ampio
2100 1841 2213 1895 alii.
2238 1872 2309 1883 --

155 1917 257 1971 XII.
286 1938 334 1991 p.
359 1926 470 1976 268.
509 1920 646 1975 coll.
669 1920 799 1989 XV,
840 1927 920 1989 15,
951 1926 999 1973 2.
1034 1919 1188 1990 Χ,8,
1223 1924 1322 1977 sal.
1358 1920 1444 1975 Μ.
1477 1935 1585 1974 οιιι.
1620 1918 1676 1973 k.
1711 1924 1905 1986 -te]'
1924 1919 2079 1977 etM.
2098 1921 2307 1972 -scio

157 1996 231 2066 3.;)
250 1994 454 2052 obelum
477 1998 552 2053 ab
580 1994 790 2052 Orellio
812 1997 1062 2053 additum
1079 2012 1188 2050 om.
1225 2014 1365 2053 corr.
1393 2014 1462 2053 ex
1482 1997 1609 2051 isoio
1627 1994 1794 2049 M.—
1813 1996 2183 2065 benevolentia]
2214 1996 2309 2049 ben

156 2071 272 2123 1.-
298 2076 514 2129 tironum
546 2073 762 2145 (priore
784 2072 936 2147 loeo)
957 2089 1095 2128 corr.
1123 2090 1192 2129 ex
1223 2076 1307 2149 (iu
1337 2073 1451 2131 fine
1483 2074 1699 2147 versus)
1730 2072 1807 2128 M.
1841 2104 1911 2115 --
1942 2075 2065 2165 ieet]
2100 2074 2202 2128 leci
2229 2072 2399 2127 M..

155 2148 322 2204 armum
341 2150 416 2205 M.
440 2154 458 2223 11
485 2159 537 2205 4.
567 2151 666 2221 qut·
683 2160 760 2205 est
781 2160 1055 2205 veteranus
1077 2151 1186 2206 del.
1225 2184 1292 2194 —-
1327 2154 1459 2207 bono
1492 2153 1667 2206 animo
1700 2169 1891 2221 magno
1929 2152 2204 2223 animoque
2236 2154 2308 2204 sis

154 2224 303 2297 Kleyn
322 2246 376 2298 Ρ.
389 2235 468 2284 12.
488 2259 557 2269 -
583 2230 725 2299 quod
749 2230 1025 2284 Caesarem
1037 2223 1188 2283 Stro-
1223 2228 1298 2283 M.
1325 2260 1395 2270 —
1418 2230 1512 2283 tibi
1529 2232 1585 2283 in
1607 2231 1759 2283 nulla
1782 2244 1909 2283 noe:
1944 2230 2035 2283 tibi
2054 2232 2205 2283 nulla
2227 2228 2304 2281 M.

153 2300 289 2356 thius:
331 2308 462 2375 quod
491 2308 568 2361 ad
601 2316 869 2359 'caesarem
900 2304 1079 2359 attinet
1105 2304 1188 2373 Μ,
1221 2305 1309 2361 Cf.
1335 2305 1440 2376 XI,
1468 2312 1518 2377 8,
1547 2312 1577 2359 2
1604 2313 1740 2361 extr.
2342 2322 2350 2328 ’

154 2381 259 2447 quod
276 2384 310 2451 †
339 2385 406 2437 ad
437 2384 726 2438 Caesarem
759 2384 940 2436 attinet
969 2381 1026 2435 k.
1099 2376 1185 2436 cf'.
1289 2383 1396 2454 ΕΡ.
1418 2390 1507 2438 80.
1532 2382 1594 2454 ξ.
1612 2391 1658 2437 1.
1690 2385 1757 2439 A.
1794 2384 1845 2437 d.
1879 2381 2187 2439 Victorius:
2223 2383 2309 2434 Aa

153 2453 373 2513 Wesenb.
393 2478 451 2530 p.
477 2464 566 2514 69.
593 2477 650 2512 ιι.
675 2458 698 2530 11
731 2464 778 2512 6.
803 2460 896 2513 sed
925 2458 1192 2531 (quicquid
1223 2460 1415 2530 Index,
1444 2477 1550 2515 om.
1576 2460 1653 2515 M.
1679 2492 1751 2501 —-
1773 2461 1847 2526 ei]
1872 2468 1921 2513 et
1944 2459 2020 2512 M.
2045 2488 2114 2497 --
2138 2459 2305 2511 millia
2416 2472 2427 2477 ·’

154 2532 366 2604 --sacio)
388 2538 526 2607 quod
545 2534 887 2605 Bengeliue:
911 2538 1018 2604 sed,
1041 2536 1188 2607 quid·
1215 2555 1411 2607 passus
1432 2537 1511 2591 M.
1540 2569 1604 2577 -
1629 2540 1893 2609 quinctam
1914 2536 1992 2593 M.
2018 2563 2087 2577 —-
2119 2544 2169 2588 tr
2170 2536 2304 2589 icen-

153 2610 284 2677 quid·
305 2612 502 2679 -Ῑασίο,
560 2614 715 2675 Quod
735 2612 791 2666 k.
801 2615 1189 2667 *mehercules
1223 2618 1407 2667 simam
1440 2613 1528 2685 M.
1572 2614 1884 2667 tricesimam
1916 2613 1972 2666 k.
2006 2642 2076 2653 -
2108 2622 2158 2667 et
2190 2630 2303 2666 evo-

153 2684 254 2751 (litt.
271 2702 298 2739 s
317 2688 520 2762 deleta)
545 2688 626 2743 M.
647 2720 716 2730 -—
731 2692 871 2761 qaod
891 2692 1088 2761 tepidus
1110 2689 1186 2744 Μ.
1224 2682 1457 2746 catorum
1482 2688 1794 2755 Manutius:
1818 2700 2154 2743 enecatorum
2173 2688 2305 2758 (om.
2368 2720 2372 2727 -

155 2787 203 2795 -
220 2766 613 2821 adversissimam
647 2764 978 2821 Cratander.
1009 2798 1080 2808 —-
1111 2768 1193 2821 illi
1221 2770 1293 2839 et)
1317 2767 1393 2822 M.
1416 2798 1484 2807 —
1499 2768 1881 2837 possuissemus
1906 2764 1981 2819 M.
2012 2764 2031 2835 11
2057 2770 2103 2817 2.
2132 2774 2305 2818 trans-

153 2838 208 2891 Μ.
237 2870 291 2879 -
320 2854 582 2897 extrusum
616 2832 930 2899 Manutius.
963 2854 1190 2923 etz-asum
1221 2841 1354 2899 ianus
1379 2843 1455 2899 M.
1482 2847 1502 2913 11
1528 2849 1576 2897 8.
1594 2851 1935 2913 puqnatumst
1960 2840 2160 2895 M1.--
2187 2858 2304 2894 cum.

151 2910 208 2981 Μ,
227 2918 468 2975 detrusum
491 2920 614 2975 alii.
637 2952 707 2961 -
730 2939 766 2974 a
789 2937 894 2975 om.
921 2919 998 2974 M.
1019 2952 1085 2961 -—
1103 2938 1188 2974 sa·
1223 2922 1386 2977 marti
1411 2921 1688 2991 releyionis
1719 2914 1795 2974 M.
1830 2950 1899 2973 —.
1938 2919 2159 2973 Antonii
2196 2918 2305 2973 del.

154 2992 308 3049 Μαι-ἔα
327 3000 574 3053 vocarit·
598 3000 970 3051 -transtulerit
990 2995 1078 3051 M.
1101 3016 1188 3052 sa·
1223 2998 1414 3071 Kleyn
1435 3016 1493 3069 p.
1518 3004 1603 3052 45.
1626 3028 1697 3039 -
1711 2999 1935 3068 passus]
1958 2996 2183 3051 Excidit
2203 3014 2303 3050 nu·

154 3068 278 3123 lutam
296 3076 612 3129 avocarint-
638 3078 1047 3129 -transtulerint
1077 3075 1133 3129 k.
1161 3086 1180 3145 11
1223 3092 1425 3131 merus.
1439 3093 1616 3147 —quo
1636 3077 1751 3129 loco
1768 3084 1982 3129 steterat
1990 3074 2101 3129 1101.
2112 3073 2307 3144 Kleyn

154 3149 188 3197 7.
207 3158 431 3215 quantum
453 3152 616 3207 debeo
637 3148 808 3204 M.—
739 3152 974 3206 —iuero
999 3151 1074 3207 M.
1223 3150 1302 3224 (p.
1326 3155 1455 3221 12.):
1480 3166 1653 3210 uncos
1678 3167 1785 3205 om.
1811 3151 1867 3204 k.
1893 3183 1963 3193 -
1986 3168 2203 3205 cornum
2224 3149 2301 3202 M

202 3220 288 3293 Ep.
313 3231 390 3281 25.
412 3227 460 3297 ᾖ.
490 3222 540 3282 1'.
564 3228 888 3283 natt'uitatem
911 3228 1076 3283 M.—
1006 3247 1189 3283 —--an
1223 3260 1292 3269 —
1309 3244 1619 3297 opponerem
1642 3245 1895 3281 aurorum
1918 3228 2001 3287 Μ.
2011 3244 2179 3281 -se.
2194 3235 2337 3279 ‚uta

153 3304 393 3366 teponmda
431 3320 566 3359 noe·
616 3306 1028 3376 anteponendam
1069 3304 1186 3359 Mk.
1223 3303 1298 3359 M.
1323 3334 1394 3345 -—
1424 3305 1703 3357 antoniani
1729 3308 1900 3359 anime
1931 3303 2136 3373 insequi
2163 3301 2239 3355 M.
2274 3304 2297 3371 11

153 3370 220 3427 Cf
245 3376 346 3433 cic.
377 3380 446 3435 de
480 3380 828 3451 offie.1‚14.
867 3382 888 3453 11
933 3388 981 3435 2.
1008 3400 1190 3452 perse-
1224 3388 1272 3435 4.
1299 3382 1496 3448 amzsz’t]
1524 3382 1683 3435 amici
1700 3383 1767 3435 εῖτ
1790 3381 1959 3435 M.-
1990 3380 2197 3449 fitqauit
2221 3396 2303 3435 eo-

151 3456 370 3518 quandum
399 3455 476 3511 Μ.
510 3486 588 3499 --
617 3459 818 3529 aliquid
849 3459 957 3513 del.
989 3457 1188 3515 Manu·
1223 3460 1439 3530 demque
1460 3460 1575 3513 loco
1600 3457 1677 3512 M.
1706 3490 1767 3501 --
1804 3460 1876 3513 ad
1904 3457 2082 3526 forum
2119 3458 2305 3512 Gallo-

149 3526 252 3582 tius.
267 3561 327 3572 —
345 3535 417 3587 sic
437 3550 572 3587 noe:
595 3550 705 3590 om.
730 3534 848 3589 Mk.
867 3566 934 3575 -—
954 3546 1189 3605 praeter·-
1223 3554 1343 3590 rum
1354 3536 1763 3591 etadMutinam
1774 3535 1887 3590 del.
1896 3533 2155 3606 Kleynp.
2168 3540 2251 3591 45.
2277 3538 2295 3605 11

151 3605 331 3662 mitteret
342 3610 574 3699 §ultima
597 3612 787 3667 littera
811 3612 996 3684 erasa)
1019 3612 1096 3667 M.
1123 3644 1190 3653 —
1225 3619 1273 3667 5.
1297 3614 1431 3667 redit
1456 3611 1533 3666 M.
1569 3643 1641 3655 —-
1675 3623 2005 3683 oppuqnatae
2027 3612 2114 3666 Μ.
2139 3630 2300 3681 oppu-

153 3680 276 3735 dt'am
309 3687 410 3740 sine
450 3690 716 3743 orationes
757 3689 912 3763 (ante
943 3688 1190 3745 litteram
1219 3700 1386 3761 ynata
1410 3690 1465 3744 k.
1484 3722 1554 3731 --
1571 3692 1817 3745 antonius
1840 3707 1979 3744 corr.
2005 3706 2073 3745 ex
2096 3690 2307 3741 antonis

154 3764 352 3833 eranam)
393 3762 472 3817 M.
525 3766 546 3834 11
594 3771 640 3819 8.
683 3768 981 3837 diquoeitatem
1028 3768 1190 3821 aliam
1224 3766 1298 3821 M.
1324 3798 1395 3807 -—-
1419 3769 1887 3837 praetorianarum
1909 3763 1983 3818 M.
2012 3796 2075 3805 --
2102 3770 2212 3829 res]
2245 3782 2305 3817 re

156 3831 451 3901 (penultima
497 3841 691 3899 littera
737 3843 950 3916 deleta)
995 3842 1073 3897 M.
1121 3874 1190 3887 «-
1225 3844 1298 3901 M.
1323 3874 1393 3885 -
1417 3862 1467 3899 a.
1495 3847 1543 3899 d.
1570 3844 1719 3899 XVI.
1747 3841 2057 3896 Manutius:
2080 3842 2155 3895 ad
2174 3842 2302 3895 XII.

153 3913 322 3977 quincto
344 3916 416 3971 M.
1223 3922 1299 3989 M,
1319 3940 1377 3975 a.
1404 3923 1451 3975 d.
1479 3922 1608 3976 XII.
1637 3920 1693 3975 k.

205 3986 294 4058 Ep.
315 3999 392 4047 26.
417 3995 468 4067 ᾗ.
497 4002 546 4049 1.
577 3998 672 4051 hoc
702 3996 930 4053 Rostius
951 4003 1012 4054 et
1035 3996 1096 4053 O.
1120 3998 1189 4053 F.
1285 3964 1397 4069 Ep.
1425 4004 1508 4051 81.
1532 3999 1653 4051 Aut
1680 3998 1738 4051 0.
1764 3996 1981 4051 Asmius
2006 3994 2303 4051 delendum

153 4058 226 4116 W·
248 4064 457 4127 Miiller:
482 4076 620 4145 quod
641 4074 814 4145 Μ1ι.11
847 4082 895 4129 2.
924 4076 1186 4130 canditum
1221 4075 1442 4131 videtur
1484 4080 1581 4129 aut
1620 4074 1703 4156 Μ
1745 4074 1916 4129 Tullio
1959 4072 2306 4141 addendum3
