2675 4559
700 277 1252 333 EPISTGLARUM
1288 277 1389 333 ΙΨ.
1429 281 1605 349 ’,Ἀ-9.,
2085 273 2169 341 3-1

1068 449 1228 505 Vin.

796 549 916 605 Ser,
936 553 1144 605 Romae
1168 571 1216 605 a.
1240 569 1292 605 ιι.
1316 573 1361 605 e.
1385 557 1501 609 Tus.

548 653 620 709 M.
660 653 932 709 UIGERG
974 653 1028 709 S.
1068 653 1140 705 l]-
1180 657 1256 709 M.
1296 655 1729 713 MARCELLO.

268 777 472 861 Neque
524 801 784 841 munere
828 787 892 841 te
936 777 1140 841 auden
1188 781 1533 865 praestanti
1581 781 1917 865 prudentia
1961 785 2165 849 virum
2205 809 2225 845 π.

168 897 260 937 nec
288 873 644 937 saniir-mare
688 873 948 933 maximi
996 873 1192 937 animi
1236 873 1559 937 homiuem
1597 897 1921 960 unumque
1957 877 2169 944 furtis-

170 966 382 1042 simum‚
427 964 741 1030 consolari
775 986 928 1029 vero
962 966 1397 1032 nullomodo:
1434 990 1585 1032 nam
1620 968 1675 1034 si
1710 992 1815 1046 ea,
1861 992 2027 1055 quae
2062 993 2170 1038 ac-

168 1058 425 1134 ciderunt,
459 1058 551 1125 ita
585 1059 736 1135 fere,
772 1069 845 1123 ut
878 1060 1090 1136 audi0,
1125 1060 1434 1145 gratulari
1468 1061 1675 1148 magis
1711 1063 1931 1128 virtuti
1965 1064 2167 1131 debeo

168 1174 318 1234 quam
349 1151 658 1217 consolari
694 1152 976 1217 dolorem
1011 1164 1222 1230 tuum3
1269 1154 1367 1218 sin
1402 1165 1466 1219 te
1502 1165 1679 1221 tant-a
1713 1157 1885 1222 mala
1919 1158 2011 1222 rei
2046 1181 2166 1243 pu—

167 1246 326 1311 blicae
357 1247 690 1332 frangunt,
735 1268 865 1311 non
908 1245 999 1311 ita
1035 1245 1291 1313 abundo
1325 1246 1615 1335 ingeniO,
1651 1262 1724 1316 ut
1757 1261 1823 1316 te
1858 1253 2164 1331 consoler,

163 1361 278 1402 eum
313 1336 441 1424 ipse
483 1363 590 1405 me
633 1362 764 1405 non
806 1340 1067 1425 possim.
1162 1340 1480 1425 reliquum
1526 1354 1621 1408 est
1661 1344 1887 1430 igitur,
1932 1356 2005 1411 ut
2050 1346 2165 1411 tibi

164 1454 242 1497 me
270 1432 326 1497 in
356 1434 522 1498 omni
557 1456 631 1498 re
665 1455 812 1498 eum
846 1433 1188 1518 praebeam
1233 1447 1677 1521 praestemque
1713 1447 1777 1504 et
1811 1438 1894 1504 ad
1930 1440 2163 1515 omnia,

163 1546 290 1607 quae
320 1528 408 1591 tui
440 1528 664 1604 velint,
699 1527 789 1591 ita
823 1528 942 1592 sim
976 1538 1262 1613 praesto,
1297 1540 1372 1593 ut
1406 1553 1511 1597 me
1544 1552 1672 1595 non
1709 1533 1917 1597 solum
1951 1534 2164 1598 omnia

163 1619 348 1687 debere
379 1633 489 1687 tna
523 1644 752 1699 causa,
789 1644 944 1707 quae
976 1626 1240 1708 possim,
1279 1622 1394 1688 sed
1428 1624 1622 1688 etiam
1657 1646 1823 1708 quae
1856 1648 1985 1692 non
2019 1650 2166 1713 pos-

163 1713 277 1787 sim,
317 1727 545 1801 putem.
639 1715 800 1780 illud
840 1728 1056 1782 tamen
1103 1717 1206 1781 vel
1250 1727 1321 1780 tu
1365 1738 1469 1781 me
1512 1716 1834 1782 monuisse
1869 1720 1972 1784 vel
2017 1742 2166 1786 cen·
2201 1743 2224 1781 ε

164 1807 320 1874 suisse
340 1820 491 1894 puta
518 1810 629 1875 vel
654 1820 913 1895 propter
941 1809 1451 1876 benevolentiam
1475 1819 1688 1876 tacere
1712 1832 1843 1875 non
1859 1812 2161 1897 potuisse,

163 1912 236 1976 ut,
279 1903 434 1986 quod
476 1924 604 1990 ego
649 1904 847 1981 facio,
901 1915 974 1969 tu
1019 1926 1276 1988 quoque
1312 1904 1598 1969 animum
1641 1905 1939 1985 inducas,
1993 1908 2050 1971 si
2082 1908 2167 1972 sit

163 1995 330 2079 aliqua
358 2020 453 2065 res
495 1996 790 2083 publica,
833 1998 900 2062 in
945 2021 1023 2063 ea
1066 2009 1130 2064 te
1166 2020 1304 2063 esse
1344 2008 1639 2086 *oportere
1685 1998 1918 2065 iudicio
1963 2000 2165 2066 homi-

160 2114 279 2156 num
307 2115 491 2177 reque
525 2092 905 2180 principem,
943 2094 1319 2159 necessitate
1356 2093 1686 2159 cedentem
1721 2095 2020 2181 tempori3
2068 2097 2165 2161 sin

161 2198 330 2253 autem
369 2190 540 2254 nulla
578 2188 692 2265 sit,
740 2188 910 2254 hunc
954 2199 1165 2254 tamen
1210 2188 1612 2274 aptissimum
1656 2212 1798 2255 esse
1841 2191 2033 2255 etiam
2081 2193 2164 2257 ad

160 2282 526 2347 exsulandum
581 2283 826 2347 locum:
892 2281 947 2347 si
998 2282 1166 2346 enim
1227 2283 1589 2348 libertatem
1643 2284 1997 2369 sequimur,
2052 2286 2163 2369 qui

161 2370 297 2439 locus
344 2376 458 2442 hoc
509 2376 846 2442 dominatu
899 2376 1121 2441 vacat?
1183 2376 1281 2442 sin
1340 2378 1876 2462 qualemcumque
1926 2379 2160 2456 locum,

160 2485 287 2547 quae
309 2482 397 2535 est
422 2470 956 2536 domesticasede
988 2470 1366 2536 iucundior?
1402 2471 1516 2536 sed
1542 2471 1701 2536 mihi
1728 2471 1933 2548 crede,
1972 2474 2164 2539 etiam

159 2557 220 2632 is,
265 2563 360 2646 qui
391 2565 607 2629 omnia
641 2575 842 2640 tenet,
893 2564 1070 2630 favet
1112 2564 1415 2650 ingeniis;
1469 2564 1867 2630 nobilitatem
1911 2588 2062 2632 vero
2100 2580 2162 2632 et·

159 2652 445 2737 dignitates
481 2659 836 2734 hominum,
871 2668 1187 2741 quantum
1216 2658 1276 2724 ei
1309 2681 1412 2723 res
1450 2669 1513 2723 et
1547 2658 1747 2743 ipsius
1784 2680 1977 2723 causa
2013 2680 2162 2724 con-

160 2748 312 2827 cedit,
359 2752 780 2839 amplectitur.
884 2753 997 2818 sed
1049 2753 1236 2838 plura
1291 2773 1486 2835 quam
1539 2762 1915 2816 statueram:
1967 2752 2159 2817 redeo

159 2860 276 2925 ergo
319 2845 396 2909 ad
436 2869 641 2912 unum
683 2846 870 2925 illud,
925 2869 1027 2911 me
1073 2857 1256 2911 tuum
1310 2868 1477 2921 esse,
1531 2844 1669 2909 fore
1714 2867 1861 2909 cum
1906 2844 2060 2921 tuis,
2105 2845 2160 2910 si

160 2937 305 3003 modo
335 2954 513 3009 erunt
549 2942 666 3019 tui,
703 2942 758 3006 si
791 2941 1022 3019 minus,
1061 2964 1162 3005 me
1200 2952 1370 3007 certe
1405 2939 1473 3004 in
1502 2939 1797 3005 omnibus
1831 2939 2023 3005 rebus
2061 2963 2161 3006 sa-

160 3028 218 3092 tis
244 3045 472 3103 nostrae
509 3036 940 3105 coniunctioni
977 3035 1304 3122 amorique
1339 3035 1683 3101 facturum.
1773 3036 1934 3101 vale.

1079 3271 1184 3325 IX.

776 3373 893 3446 Ser.
911 3368 1126 3430 Romae
1147 3391 1199 3429 a.
1219 3390 1272 3427 u.
1296 3389 1345 3426 c.
1366 3372 1484 3427 708.

543 3476 618 3530 M.
656 3475 932 3532 CICERO
971 3475 1026 3532 S.
1063 3477 1137 3530 D.
1173 3474 1252 3530 M.
1289 3472 1727 3529 MARCELLO.

257 3593 380 3661 Etsi
412 3600 745 3684 perpaucis
782 3609 930 3665 ante
965 3594 1191 3663 diebus
1219 3598 1521 3664 dederam
1554 3595 1639 3679 Q,-
1668 3596 1892 3663 Mucio
1919 3596 2159 3662 litteras
2197 3616 2219 3653 1

160 3683 223 3747 ad
249 3697 302 3753 te
332 3690 610 3775 pluribus
646 3693 857 3759 verbis
895 3693 1162 3778 scriptas
1176 3739 1193 3769 ,
1231 3692 1465 3776 quibus
1504 3692 1994 3768 declaraveram,
2032 3707 2159 3772 quo

161 3787 207 3840 te
234 3783 422 3848 animo
455 3806 776 3853 censerem
821 3810 961 3853 esse
1005 3797 1296 3871 oportere
1334 3797 1398 3852 et
1443 3786 1598 3871 quid
1643 3784 1759 3850 tibi
1795 3782 2160 3849 faciendum

163 3870 469 3956 arbitrarer,
506 3891 736 3958 tamen,
774 3902 922 3946 cum
950 3880 1369 3966 Theophilus,
1405 3879 1671 3943 libertus
1707 3890 1875 3954 tuus,
1912 3875 2163 3962 profici-

167 3981 414 4047 sceretur,
450 3973 624 4041 cuius
661 3998 783 4061 ego
817 3975 1012 4041 fidem
1048 3998 1203 4061 erga
1246 3985 1310 4039 te
1346 3972 1979 4055 benevolentiamque
2015 3993 2160 4057 per-

165 4074 470 4144 spexeram,
495 4068 625 4136 sine
653 4071 812 4137 meis
839 4070 1065 4136 litteris
1094 4092 1240 4135 eum
1268 4068 1352 4135 ad
1380 4078 1443 4134 te
1462 4067 1677 4132 venire
1704 4065 1902 4131 nolui.
1954 4065 2161 4131 isdem

246 4159 436 4211 &aaronis
453 4169 532 4214 vol.
547 4170 614 4216 IX.
1754 4166 1789 4222 6
