2675 4559
1966 2 2008 5 “·
2039 0 2488 76 ηψ-

2077 54 2084 60 r
2209 59 2220 92 ἶ
2275 67 2290 82 ι,
2339 65 2348 74 ,
2372 53 2400 68 n·

2242 76 2379 104 Fflae‘

587 250 710 317 1T4
1031 300 1035 303 >
1185 264 1262 317 M.
1300 262 1576 321 TULLII
1610 261 2013 321 CICERONIS

583 405 780 455 terem
815 386 1029 454 dolere
1065 397 1130 453 et
1172 384 1573 454 dissimulare
1617 407 1729 453 me
1767 387 2105 455 certiorem
2139 411 2331 475 quam
2372 412 2434 455 se
2464 412 2577 456 can-

583 481 906 547 didatum?
959 480 1040 547 de
1075 502 1205 566 quo
1250 492 1353 559 ut,
1402 501 1597 564 quem
1642 490 1856 566 optas,
1909 502 2112 567 quam
2146 484 2413 569 primum
2452 509 2576 550 nun-

579 577 739 641 tium
776 574 1082 662 accipias,
1127 585 1242 640 tua
1276 574 1524 641 medius
1558 574 1748 640 fidius
1782 575 1987 661 magis
2026 598 2227 661 quam
2261 600 2397 645 mea
2426 600 2575 645 causa

583 670 788 753 sapic.
878 691 1030 735 nam
1063 691 1236 746 mea,
1279 669 1335 734 si
1369 668 1484 747 fic,
1528 668 1798 734 forsitan
1834 691 1981 735 cum
2015 670 2422 758 locupletiore
2450 674 2574 739 refe-

583 785 743 840 ram3
799 763 914 830 sed
948 762 1070 828 hoc
1103 785 1309 846 usque
1345 784 1422 829 eo
1457 784 1654 829 suave
1691 774 1817 841 est,
1868 772 1970 841 ut,
2022 766 2081 831 si
2117 768 2434 846 acciderit,
2479 779 2575 833 tota

583 857 710 921 vita
742 857 909 923 risus
943 857 1128 923 nobis
1165 858 1387 923 deesse
1422 878 1552 923 non
1586 857 1804 943 possit.
1859 869 1955 924 est
1986 861 2193 926 tanti?
2236 873 2349 940 est,
2382 862 2574 928 meher-

583 951 784 1018 eules!
821 974 951 1018 non
985 954 1256 1018 multum
1293 950 1392 1017 M.
1430 950 1779 1019 Octavium
1815 973 2039 1019 eorum
2074 954 2246 1032 odia,
2281 976 2442 1039 quae
2463 955 2574 1019 Hir-

587 1069 723 1109 rum
759 1057 1084 1130 premunt,
1129 1067 1294 1130 quae
1327 1046 1647 1133 permulta
1681 1057 1856 1123 sunt,
1894 1047 2256 1114 sublevant.
2342 1049 2489 1133 quod
2516 1048 2572 1112 ad

582 1139 907 1205 Philotimi
940 1140 1151 1205 liberti
1177 1139 1460 1205 officium
1486 1151 1550 1206 et
1578 1140 1747 1206 bona
1772 1139 2037 1206 Milonis
2066 1141 2313 1218 attinet,
2338 1143 2573 1208 dedimus

583 1256 867 1317 weram,
909 1244 983 1298 ut
1017 1244 1082 1299 et
1115 1232 1498 1299 Philotimus
1543 1254 1738 1317 quam
1772 1233 2220 1303 honestissime
2255 1236 2465 1302 Miloni
2491 1235 2573 1299 ab·

579 1326 740 1392 senti
775 1326 1038 1412 eiusque
1072 1326 1445 1392 necessariis
1480 1328 1634 1393 satis
1670 1327 1939 1405 faceret,
1985 1340 2054 1394 et
2096 1330 2438 1409 secundum
2474 1329 2572 1394 eius

519 1437 543 1473 2}
579 1421 770 1485 fidem
805 1430 871 1486 et
905 1420 1308 1487 sedulitatem
1344 1420 1731 1488 existimatio
1764 1431 1880 1487 tua
1916 1435 2410 1491 conservaretur.
2456 1421 2572 1487 illud

579 1534 747 1579 nunc
783 1537 822 1579 a
856 1525 919 1580 te
951 1525 1123 1600 pet0,
1159 1516 1215 1580 si
1249 1514 1393 1593 eris,
1428 1527 1503 1580 ut
1536 1538 1743 1601 spero,
1779 1517 2042 1596 otiosus,
2081 1519 2341 1602 aliquod
2372 1518 2446 1583 ad
2472 1538 2571 1588 nos,

579 1621 647 1669 ut
683 1606 1131 1695 intellegamus
1166 1631 1282 1675 nos
1318 1609 1435 1675 tibi
1464 1631 1655 1677 curae
1681 1632 1841 1688 esse,
1878 1610 2223 1698 σύνταγμα
2250 1610 2567 1678 conscribas.

579 1711 595 1737 ‘²‘
611 1701 720 1785 qui
750 1702 870 1768 tibi
904 1702 1096 1769 istuc'
1133 1703 1343 1790 inquis
1379 1704 1477 1768 ‘in
1510 1715 1789 1770 mentem
1824 1705 2018 1783 venit,
2058 1704 2302 1772 homini
2332 1726 2448 1771 non
2475 1703 2568 1768 ine-

579 1796 755 1881 pto?
793 1810 935 1884 opto
970 1797 1232 1882 aliquod
1261 1821 1343 1864 ex
1368 1809 1501 1863 tam
1526 1797 1740 1863 multis
1774 1798 1901 1863 tuis
1926 1800 2333 1867 monimentis
2358 1809 2566 1867 exstare,

579 1890 749 1973 quod
783 1902 1037 1958 nostrae
1063 1891 1378 1959 amicitiae
1404 1891 1773 1958 memoriam
1798 1893 2071 1978 posteris
2098 1916 2352 1980 quoque
2376 1890 2566 1979 prodat.

579 1985 757 2049 cuius
793 1984 967 2051 modi
1000 1986 1222 2062 vem,
1267 1997 1454 2071 puto,
1505 1986 1787 2071 quaerisz
1841 1997 1914 2051 tu
1956 1988 2176 2067 citius,
2231 1989 2340 2074 qui
2372 2004 2566 2051 omnem

579 2077 742 2142 nosti
785 2077 1213 2163 disciplinam,
1258 2079 1433 2164 quod
1480 2080 1757 2146 maxime
1802 2082 2171 2159 conveniat,
2218 2075 2564 2167 excogitabis.

575 2192 808 2253 genere
843 2182 1086 2250 tamen,
1138 2172 1314 2257 quod
1351 2184 1416 2238 et
1459 2176 1546 2239 ad
1584 2196 1702 2240 nos
1744 2176 2064 2260 pertineat
2097 2188 2163 2243 et
2208 2173 2564 2242 διδασκαλίαν

575 2265 916 2349 quandam,
954 2278 1025 2333 ut
1061 2278 1353 2333 versetur
1383 2268 1549 2335 inter
1582 2292 1832 2348 manus,
1868 2270 2124 2337 habeat.

1541 2419 1643 2477 IV.

934 2517 1052 2575 Ser.
1072 2520 1287 2577 Romae
1303 2521 1582 2577 Kalendis
1603 2521 1906 2579 Sextilibus
1926 2540 1976 2580 a.
1995 2528 2053 2579 u‘.
2078 2542 2125 2581 c.
2148 2524 2263 2580 703.

1131 2622 1462 2681 CAELIUS
1499 2622 1860 2684 CICERONI
1895 2625 2059 2682 SAL.

695 2734 964 2802 Invideo
1007 2736 1152 2801 tibi:
1205 2748 1337 2802 tam
1383 2738 1585 2803 multa
1629 2739 1887 2817 cotidie,
1941 2762 2110 2825 quae
2154 2741 2399 2812 mirere,
2443 2732 2560 2795 istoc

571 2828 1000 2913 perferuntur:
1036 2830 1312 2915 primum
1348 2831 1536 2909 illud,
1572 2832 1935 2899 absolutum
1968 2835 2346 2909 Messalam3
2379 2821 2555 2894 deinde

571 2922 843 2985 eundem
878 2922 1396 3001 condemnatum3
1444 2923 1523 2991 G.
1558 2924 1943 2993 Marcellum
1979 2930 2311 2995 consulem
2342 2926 2557 2989 factum3

571 3017 663 3077 M.
687 3011 1010 3080 Calidium
1047 3019 1132 3082 ab
1163 3018 1422 3104 repulsa
1456 3020 1847 3104 postulatum
1883 3045 1924 3086 a
1952 3020 2185 3090 Galliis
2222 3018 2475 3088 duobus;
2502 3006 2556 3072 P·

571 3108 975 3175 Dolabellam
1035 3134 1135 3176 xv.
1155 3112 1367 3177 virum
1429 3114 1692 3180 factum.
1798 3114 1921 3182 hoc
1983 3117 2101 3183 tibi
2163 3138 2293 3182 non
2338 3104 2557 3177 invideo,

571 3203 848 3270 caruisse
883 3216 946 3271 te
991 3206 1417 3291 pulcherrimo
1453 3210 1814 3295 spectaculo
1850 3221 1914 3278 et
1948 3210 2213 3279 Lentuli
2250 3203 2451 3274 cruris
2487 3214 2556 3300 1⁸5·

571 3298 731 3381 pulsi
772 3300 1017 3366 voltum
1061 3324 1191 3367 non
1236 3302 1491 3369 vidisse.
1581 3314 1649 3368 at
1680 3325 1809 3388 qua
1844 3328 1987 3393 spe,
2034 3329 2230 3391 quam
2273 3309 2430 3367 certa
2458 3310 2557 3373 0P1'

567 3397 752 3460 mione
803 3392 1248 3461 descenderat!
1302 3418 1497 3481 quam
1548 3398 1687 3484 ipso
1739 3399 2071 3467 diffidente
2124 3384 2468 3464 Dolabella!
2508 3387 2552 3443 θῖ
2581 3426 2597 3458 ι

567 3488 869 3565 hercules,
907 3488 1030 3554 nisi
1064 3490 1263 3555 nostri
1297 3490 1543 3577 equites
1579 3493 1827 3559 acutius
1862 3495 2188 3573 vidissent,
2222 3505 2413 3578 paene
2444 3496 2554 3586 09¹²·

503 3593 527 3625 Ε
563 3581 675 3645 sed
683 3591 826 3647 ente
853 3581 1217 3648 adversario
1246 3596 1625 3670 superasset.
1680 3586 1840 3652 illud
1873 3599 1935 3654 te
1961 3610 2091 3654 non
2120 3585 2381 3654 arbitror
2406 3588 2553 3639 nura-

563 3689 583 3737 1·
591 3697 718 3751 nm,
749 3672 1123 3753 Servaeum,
1159 3678 1563 3764 designatum
1591 3680 1918 3747 tribunum
1953 3684 2063 3770 pl.,
2101 3676 2553 3768 condemnatus»

563 3773 623 3829 :sn
663 3768 842 3834 euius
868 3769 1083 3835 locum
1111 3768 1191 3836 O.
1222 3769 1423 3838 Curio
1458 3774 1637 3859 petit.
1694 3796 1846 3841 sane
1885 3796 2079 3861 quam
2114 3770 2332 3841 incutit
2362 3756 2552 3830 muln&

563 3865 671 3945 qui
699 3883 850 3930 eum
881 3862 1383 3952 facilitatemque
1411 3868 1548 3933 eius
1574 3890 1706 3935 non
1728 3883 1986 3948 norunt,
2011 3887 2312 3957 magnum
2338 3863 2551 3925 metumz

563 3957 694 4033 sed,
728 3969 802 4022 ut
836 3978 1022 4045 spero
1057 3969 1122 4026 et
1154 3961 1301 4026 volo
1335 3972 1412 4027 et
1438 3973 1508 4028 ut
1536 3985 1605 4029 se
1639 3963 1766 4030 fert
1799 3966 1958 4051 ipse,
1997 3966 2196 4031 bonos
2221 3970 2282 4027 et
2313 3954 2549 4019 senatum

563 4049 777 4126 umisa
831 4061 1031 4129 totus,
1085 4063 1159 4118 ut
1206 4075 1383 4122 nunc
1425 4068 1547 4135 est,
1601 4057 1723 4130 hoe
1776 4059 2064 4139 soaturit.
2156 4053 2334 4122 huius
2379 4045 2552 4109 autem
