2675 4559
689 247 1245 306 EPISTULARUM
1276 251 1408 308 VII.
1449 251 1618 306 1-3,
2051 241 2174 307 147

164 377 305 440 hunc
336 393 525 456 quam
567 371 749 438 illum
791 371 1007 458 ipsum
1042 369 1376 438 Clodium:
1419 375 1601 442 illum
1637 375 1809 440 enim
1841 387 2174 463 oppugna-

162 491 298 544 tam,
340 465 506 530 hunc
552 465 981 531 defenderam.
1072 477 1132 533 et
1170 463 1307 543 ille,
1357 490 1504 532 cum
1539 469 1746 536 omnis
1780 493 1882 536 res
1915 471 2176 556 publica

161 564 213 626 in
248 581 376 626 meo
410 559 621 646 capite
664 559 1003 625 discrimen
1050 571 1221 625 esset
1262 561 1588 638 habitura,
1633 585 1943 650 magnum
1987 565 2173 650 quid-

158 657 282 719 dam
313 653 647 740 spectavit,
695 675 819 720 'nec
854 675 973 720 sua
1016 664 1271 740 sponte,
1326 655 1442 720 sed
1485 675 1707 722 eorum
1741 658 2032 736 auxilios
2058 660 2173 744 qui

160 771 243 815 me
278 759 473 816 stante
516 758 687 814 stare
730 769 864 814 non
902 759 1225 834 poterant:
1277 749 1384 814 hic
1419 750 1702 816 simiolus
1745 753 1942 817 animi
1979 775 2174 821 causa

159 866 265 920 me,
308 843 373 906 in
406 863 602 926 quem
634 841 1069 920 inveheretur,
1124 843 1453 930 delegerat
1481 856 2010 931 persuaseratque
2043 867 2172 912 non

162 936 315 1002 nullis
362 936 597 1000 invidis
650 936 808 1002 meis
862 959 931 1004 se
984 938 1053 1000 in
1104 960 1208 1004 me
1258 939 1658 1004 emissarium
1711 961 1963 1026 semper
2011 939 2169 1008 fore.

159 1052 316 1113 quam
348 1030 429 1095 ob
463 1053 605 1095 rem
649 1029 834 1095 valde
868 1029 1061 1096 iubeo
1103 1031 1388 1116 gaudere
1432 1043 1496 1098 te
1506 1057 1526 1111 3
1569 1056 1808 1118 magna
1852 1057 1956 1100 res
1988 1044 2174 1120 gesta

67 1199 69 1202 y
159 1136 249 1190 est.
340 1146 695 1208 numquam
747 1124 862 1190 ulli
921 1123 1215 1193 fortiores
1266 1126 1437 1192 cives
1501 1126 1761 1192 fuerunt
1812 1147 2006 1210 quam
2059 1128 2172 1212 qui

67 1267 70 1288 ,
159 1219 269 1282 ausi
306 1230 447 1284 sunt
488 1241 641 1284 eum
676 1233 899 1284 contra
941 1229 1150 1287 tantas
1195 1242 1349 1305 opes
1394 1221 1559 1297 eius,
1607 1244 1658 1285 a·
1681 1241 1810 1304 quo
1853 1221 1980 1307 ipsi
2021 1221 2172 1289 lecti

67 1313 70 1326 ‘
158 1311 357 1378 iudices
382 1323 586 1390 erant,
620 1312 1076 1390 condemnare3
1114 1315 1289 1397 quod
1317 1314 1618 1381 fecissent
1641 1335 2013 1398 numquam,
2047 1316 2171 1383 nisi

156 1407 215 1470 iis
244 1407 427 1472 dolori
467 1429 656 1473 meus
697 1407 926 1475 fuisset
970 1407 1169 1474 dolor.
1256 1431 1374 1476 nos
1419 1411 1524 1474 hic
1557 1410 1626 1474 in
1661 1409 2068 1475 multitudine
2103 1421 2168 1474 et
2201 1438 2228 1478 4

67 1583 69 1588 ³
158 1500 473 1567 celebritate
507 1501 892 1566 iudiciorum
927 1512 991 1566 et
1023 1502 1205 1568 novis
1239 1502 1496 1586 legibus
1531 1504 1624 1568 ita
1659 1503 2056 1582 distinemur,
2095 1516 2168 1569 ut

67 1605 69 1608 ’
156 1593 345 1660 cotidie
377 1605 525 1660 vota
558 1595 905 1672 faciamuS,
948 1613 1031 1661 ne
1064 1597 1500 1671 intercaletur,
1547 1607 1622 1661 ut
1655 1617 1854 1680 quam
1886 1598 2169 1682 primum

158 1699 204 1751 te
227 1689 419 1756 videre
450 1691 795 1776 possimus.

1085 1837 1192 1894 ΠΙ.

496 1991 502 1994 ,
554 1943 677 1998 Ser.
694 1939 908 1996 Romae
926 1959 1117 1997 mense
1138 1941 1376 2006 Quintili
1394 1960 1444 1998 a.
1465 1960 1519 1996 u.
1542 1959 1589 1996 c.
1612 1941 1730 1996 708.

628 2044 706 2101 Μ.
746 2042 1020 2100 CICERO
1060 2043 1115 2099 S.
1152 2045 1225 2098 D.
1263 2045 1339 2098 M.
1378 2043 1644 2100 MARIO.
1698 2043 1702 2046 ’

254 2157 557 2245 Pet-saepe
601 2159 763 2224 mihi
804 2158 1112 2244 cogitanti
1156 2160 1235 2225 de
1272 2160 1720 2226 communibus
1753 2160 2053 2240 miseriis,
2097 2161 2167 2226 in
2203 2187 2226 2224 1

156 2250 347 2330 quibus
377 2264 470 2318 tot
492 2273 701 2319 annos
731 2275 1059 2318 versamur
1084 2265 1169 2330 et,
1204 2265 1276 2318 ut
1305 2254 1514 2332 video,
1549 2253 1966 2332 versabimur,
2006 2256 2167 2321 solet

160 2341 209 2406 in
240 2358 491 2414 mentem
542 2347 767 2416 venire
810 2347 978 2413 illius
1024 2347 1357 2432 temporis,
1409 2370 1538 2432 quo
1583 2349 1870 2434 proxime
1921 2349 2164 2415 fuimus

158 2457 278 2516 una3
315 2442 461 2524 quin
499 2442 700 2507 etiam
742 2442 957 2527 ipsum
992 2442 1161 2508 diem
1204 2442 1515 2510 memoria-
1547 2453 1761 2508 teneo·
1816 2466 1968 2508 nam
2003 2467 2061 2508 a.
2101 2444 2162 2507 d.

160 2554 222 2594 ιιι.
250 2534 389 2602 Idus
422 2537 675 2612 Maias,
711 2537 993 2602 Lentulo
1029 2547 1093 2601 et
1126 2537 1442 2602 Marcello
1479 2538 1877 2615 consulibua,
1916 2553 2063 2604 cum
2097 2538 2165 2602 in

160 2623 583 2713 Pompeianum
626 2629 874 2715 vesperi
918 2631 1265 2708 venissem,
1319 2643 1392 2696 tu
1437 2631 1596 2696 mihi
1637 2630 1907 2696 sollicito
1951 2631 2164 2696 animo

162 2733 363 2799 praesto
394 2725 577 2790 fuisti
586 2749 607 2802 3
644 2724 985 2791 sollicitum
1018 2736 1235 2792 autem
1267 2737 1331 2799 te
1366 2724 1648 2792 habebat
1685 2723 1986 2812 cogitatio
2016 2746 2164 2789 cum

163 2812 329 2894 officii,
360 2829 495 2884 tum
530 2819 731 2889 etiam
763 2819 1030 2904 periculi
1062 2820 1217 2885 mei:
1256 2819 1310 2884 si
1345 2841 1673 2884 manerem
1701 2819 1774 2883 in
1807 2818 2018 2895 Italia,
2054 2839 2164 2883 ve·-

165 2906 337 2976 rebare
382 2937 463 2980 ne
512 2911 733 2978 officio
787 2912 1075 2980 deessem
1086 2938 1105 2990 3
1170 2914 1226 2978 si
1277 2913 1711 2999 proficiscerer
1763 2913 1847 2978 ad
1900 2906 2162 2992 bellum,

163 3002 459 3080 periculum
502 3018 571 3072 te
616 3027 835 3072 meum
876 3008 1338 3072 commovebat.
1437 3027 1566 3091 quo
1613 3019 1897 3092 tempore
1949 3007 2165 3072 vidisti

74 3147 76 3152 .
163 3096 397 3175 profecto
426 3125 531 3168 me
568 3123 829 3186 quoque
862 3103 954 3168 ita
979 3101 1450 3178 conturbatum,
1488 3113 1560 3166 ut
1593 3125 1724 3168 non
1759 3102 2163 3188 explicarem,

73 3223 74 3230 1
163 3189 283 3267 quid
312 3206 466 3261 esset
492 3195 809 3282 optimum
834 3195 1041 3274 factu3
1086 3196 1317 3282 pudori
1353 3207 1568 3260 tamen
1598 3195 1796 3258 malui
1825 3196 2162 3278 famaeque

163 3282 341 3352 cedere
380 3311 575 3374 quam
626 3290 847 3356 salutis
892 3310 1073 3356 meae
1116 3290 1431 3359 rationem
1475 3289 1728 3354 ducere.
1825 3287 2010 3352 cuius
2059 3309 2162 3351 me
2198 3313 2222 3352 ι

164 3377 260 3440 mei
302 3381 443 3450 facti
494 3385 809 3470 paenituit
860 3407 991 3450 non
1043 3396 1177 3450 tam
1228 3395 1490 3472 propter
1538 3383 1894 3469 periculum
1947 3403 2164 3446 meum

166 3487 317 3548 quam
346 3491 597 3564 propter
625 3479 780 3544 vitia
804 3480 1025 3556 multa,
1058 3501 1243 3563 quae
1262 3478 1355 3543 ibi
1381 3477 1640 3554 offendi,
1677 3498 1806 3561 quo
1833 3498 2160 3546 veneram·

168 3563 391 3642 primum
422 3595 631 3656 neque
674 3595 940 3658 magnas
986 3573 1201 3658 copias
1246 3595 1457 3656 neque
1501 3573 1867 3650 bellicosas3
1913 3569 2163 3647 deinde,

168 3669 309 3724 extra
346 3664 565 3732 ducem
608 3689 976 3753 paucosque
1022 3681 1354 3753 praeterea
1387 3704 1474 3714 -
1507 3668 1589 3736 de
1634 3665 2026 3752 principibus
2071 3663 2165 3727 lo-

168 3767 292 3851 quor
318 3791 423 3836 -,
472 3761 747 3845 reliquos
792 3763 1072 3848 primum
1106 3763 1174 3827 in
1207 3764 1349 3848 ipso
1396 3763 1566 3828 bello
1599 3759 1880 3847 rapacis,
1936 3757 2165 3822 deinde

168 3837 221 3903 in
252 3851 507 3920 oratione
548 3855 639 3920 ita
682 3856 985 3932 crudelis,
1039 3867 1113 3920 ut
1164 3856 1376 3942 ipsam
1425 3855 1758 3921 victo-riam
1812 3853 2162 3926 horrerem3

169 3941 467 4010 maximum
517 3961 759 4016 autem
782 3973 891 4016 aes
943 3951 1223 4016 alienum
1274 3950 1812 4036 amplissimorum
1863 3947 2162 4011 virorum.

172 4031 296 4108 (111111
326 4041 596 4120 quaeris?
638 4045 795 4111 nihil
841 4045 995 4112 boni
1028 4056 1283 4132 praeter
1316 4065 1598 4114 causam.
1685 4065 1852 4199 qgae
1889 4064 2035 4108 cum
2071 4043 2166 4143 vi·

1703 4145 1807 4198 1
