2675 4559
390 2398 441 2439 19

472 264 562 332 20
1093 274 1170 329 Μ.
1207 271 1481 329 TULLII
1516 268 1919 327 CICERONIS

471 399 796 467 numerari
824 398 1018 509 yolo,
1066 409 1130 463 et
1173 396 1487 464 sententia
1523 406 1587 462 et
1630 396 1926 461 voluntas
1960 403 2207 461 mutata
2240 418 2377 463 esse
2411 396 2509 463 de-

472 498 611 573 bet3
647 494 716 559 id
741 494 910 561 enim
943 493 1120 558 iubet
1153 492 1327 559 idem
1360 491 1469 557 ille
1496 489 1709 566 Plato,
1747 510 1943 573 quem
1980 512 2101 576 ego
2128 490 2513 557 vehementer

475 600 803 655 auctorem
828 608 1079 672 sequor,
1115 597 1367 651 tantum
1392 584 1826 651 contendere
1807 607 1876 647 m
1909 606 1979 649 re
2012 584 2292 669 publica,
2328 606 2509 671 quan-

473 694 612 749 tum
645 682 918 768 probare
960 680 1089 747 tuis
1137 680 1383 746 civibus
1428 678 1665 766 possis3
1710 678 1842 744 vim
1885 700 2095 764 neque
2128 678 2375 764 parenti
2404 702 2508 745 nec

475 778 718 864 patriae
751 776 1002 843 adferre
1039 786 1351 863 oportere.
1406 786 1601 858 atque
1635 774 1801 838 hanc
1836 768 2097 857 quidem
2130 774 2239 840 ille
2274 796 2509 841 causam

475 873 600 939 sibi
643 873 734 939 ait
773 895 906 940 non
947 872 1357 959 attingendae
1399 870 1493 936 rei
1527 869 1822 956 publicae
1869 869 2101 947 fuisse,
2144 871 2347 954 quod,
2382 892 2509 935 cum

473 966 848 1033 offendisset
879 967 1192 1052 populum
1217 963 1682 1031 Atheniensem
1716 985 1914 1048 prope
1948 963 2078 1029 iam
2116 963 2508 1050 desipientem

475 1071 832 1139 senectute,
877 1058 1185 1147 [cumque
1229 1082 1379 1125 eum
1423 1081 1544 1124 nec
1586 1057 2032 1143 persuadendo
2076 1080 2199 1123 nec
2248 1058 2515 1144 cogendo

473 1156 610 1241 regi
645 1177 836 1241 posse
861 1151 1178 1238 vidisset,]
1217 1175 1365 1219 cum
1399 1152 1769 1237 persuaderi
1792 1175 1983 1239 posse
2012 1152 2354 1228 diffideret,
2386 1151 2513 1237 cogi

472 1250 573 1313 fas
609 1271 751 1313 esse
785 1268 920 1313 non
952 1246 1385 1312 arbitraretur.
1474 1269 1619 1311 mea
1652 1246 1815 1311 ratio
1849 1246 1978 1312 fuit
2013 1247 2167 1324 alia,
2219 1246 2389 1331 quod
2418 1269 2519 1310 ne·

473 1365 608 1427 que
638 1342 988 1426 desipiente
1031 1342 1268 1426 populo
1311 1362 1433 1407 nec
1466 1341 1717 1427 integra
1758 1362 1827 1406 re
1862 1340 2022 1405 mihi
2068 1340 2154 1407 ad
2200 1340 2513 1407 consulen-
2631 1332 2632 1343 ’

473 1436 632 1501 dum
667 1456 1148 1521 capesseremne
1181 1458 1320 1501 rem
1354 1435 1679 1521 publicam
1710 1436 2050 1520 inplicatus
2087 1436 2382 1513 tenebar3
2414 1433 2515 1501 sed
2630 1456 2633 1463 ¹

473 1532 746 1597 laetatus
782 1540 997 1595 tamen
1033 1552 1196 1607 sum,
1233 1531 1411 1613 quod
1442 1531 1601 1596 mihi
1634 1531 1853 1598 liceret
1886 1532 1954 1596 in
1988 1533 2219 1599 eadem
2248 1554 2435 1597 causa
2464 1540 2515 1593 et
2631 1524 2632 1556 ³

475 1624 634 1689 mihi
668 1624 850 1689 utilia
885 1636 950 1691 et
983 1624 1186 1691 cuivis
1231 1625 1403 1689 bono
1437 1636 1629 1691 recta·
1648 1625 2011 1692 defendere.
2105 1625 2239 1691 huc
2274 1624 2515 1693 accessit
2631 1647 2632 1715 j

476 1719 1033 1785 commemoranda
1075 1719 1395 1803 quaedam
1438 1730 1504 1785 et
1548 1720 1767 1787 divina
1806 1717 2101 1787 Caesaris
2146 1722 2221 1785 in
2265 1743 2366 1787 me
2406 1718 2517 1783 fra-
2630 1736 2633 1749 ¹

473 1822 763 1897 tremque
816 1834 1032 1878 meum
1083 1813 1459 1879 liberalitas:
1523 1814 1637 1899 qui
1688 1812 1874 1892 mihi,
1942 1836 2383 1900 quascumque
2428 1834 2513 1876 res
2630 1808 2633 1843 ³

473 1920 744 1994 gereret,
781 1909 1058 1975 tuendus
1095 1921 1260 1974 esset
1271 1933 1290 1985 3
1337 1930 1509 1973 nunc
1551 1909 1621 1973 in
1654 1919 1837 1975 tanta
1874 1908 2175 1975 felicitate
2211 1910 2514 1991 ‘tantisque
2630 1901 2633 1927 ³

473 2001 782 2078 victoriis,
821 2002 1014 2066 etiam
1049 2001 1102 2065 si
1135 2001 1205 2065 in
1237 2022 1358 2066 nos
1391 2023 1522 2066 non
1555 2002 1611 2066 is
1646 2013 1842 2079 esset,
1880 2003 1991 2086 qui
2025 2015 2141 2081 est,
2179 2014 2396 2071 tamen
2428 2022 2513 2065 or·
2630 2024 2633 2033 ⁴

473 2094 724 2159 naudus
770 2094 1110 2161 videretur.
1199 2095 1291 2160 sic
1337 2096 1507 2161 enim
1552 2107 1615 2160 te
1650 2096 2014 2163 existimare
2047 2097 2276 2175 velim,
2314 2118 2451 2164 cum
2482 2116 2513 2156 a

475 2187 656 2251 vobis
695 2210 876 2254 meae
911 2188 1132 2253 salutis
1168 2190 1536 2255 auctoribus
1564 2190 1985 2269 discesserim,
2020 2192 2345 2258 neminem
2372 2210 2512 2263 esse,

475 2280 658 2345 cuius
687 2280 916 2346 officiis
949 2304 1054 2347 me
1081 2293 1215 2347 tam
1240 2305 1383 2349 esse
1418 2283 1786 2349 devinctum
1815 2307 1945 2350 non
1972 2287 2180 2350 solum
2208 2286 2512 2357 confitear,
2611 2253 2624 2312 ¹*

477 2374 590 2439 sed
626 2374 819 2439 etiam
850 2377 1191 2461 gaudeam.
1281 2378 1457 2461 quod
1492 2376 1797 2461 quoniam
1830 2379 1949 2445 tibi
1982 2382 2287 2466 exposui,
2322 2377 2512 2444 facilia
2627 2376 2633 2413 ÷

477 2479 624 2533 sunt
671 2491 775 2546 ea,
827 2490 994 2552 quae
1039 2494 1080 2535 a
1120 2492 1224 2537 me
1280 2472 1361 2537 de
1404 2471 1666 2539 Vatinio
1713 2484 1775 2537 et
1820 2473 1901 2539 de
1948 2471 2185 2543 Crasso
2230 2471 2511 2558 requiris3
2630 2470 2633 2505 ³

473 2584 626 2627 nam
661 2562 742 2629 de
775 2563 998 2649 Appio
1034 2564 1209 2648 quod
1245 2565 1469 2631 scribis
1516 2566 1700 2631 sicuti
1737 2567 1818 2631 de
1856 2564 2135 2632 Caesare
2168 2577 2235 2631 te
2272 2588 2399 2631 non
2428 2586 2513 2627 re-
2616 2593 2622 2643 ⁴,

455 2650 898 2741 prehendere,
950 2659 1205 2743 gaudeo
1259 2659 1377 2723 tibi
1430 2660 1764 2725 consilium
1815 2660 2074 2746 probari
2125 2683 2363 2725 meum.
2444 2657 2513 2720 de
2630 2659 2633 2695 ³

473 2750 735 2816 Vatinio
779 2763 1023 2827 autem,
1067 2754 1347 2838 primum
1386 2753 1627 2818 reditus
1672 2754 2113 2821 intercesserat
2154 2755 2225 2819 in
2260 2753 2511 2841 gratiam
2630 2753 2633 2789 2

475 2866 591 2928 per
623 2843 1038 2930 Pompeium,
1093 2845 1308 2911 statim
1360 2857 1433 2909 ut
1481 2847 1589 2913 ille
1641 2858 1897 2933 praetor
1948 2860 2043 2913 est
2090 2848 2330 2927 factus,
2382 2866 2511 2913 cum
2631 2862 2632 2865 ’

475 2937 736 3019 quidem
772 2960 894 3023 ego
929 2938 1068 3003 eius
1103 2939 1475 3023 petitionem
1501 2941 1893 3025 gravissimis
1928 2942 1997 3007 in
2022 2953 2249 3009 senatu
2280 2955 2515 3009 senten·
2631 2970 2632 2977 ¹

473 3030 578 3095 tiis
615 3053 1117 3117 oppugnassem,
1151 3054 1365 3118 neque
1400 3045 1533 3099 tam
1566 3034 1737 3099 illius
1771 3036 2067 3102 laedendi
2102 3059 2302 3103 causa
2334 3055 2511 3119 quam
2630 3036 2633 3073 ³

476 3125 862 3193 defendendi
897 3138 1090 3213 atque
1126 3127 1395 3194 ornandi
1430 3125 1715 3196 Catonis.
1778 3142 1925 3215 post
1958 3142 2175 3197 autem
2210 3128 2513 3201 Caesaris,

473 3232 545 3287 ut
581 3222 764 3287 illum
799 3223 1242 3301 defenderem,
1279 3224 1441 3289 mira
1474 3225 1796 3290 eontentio
1832 3235 1930 3291 est
1964 3236 2327 3291 consecuta.
2414 3242 2516 3288 cur
2631 3230 2632 3257 ³

475 3330 692 3385 autem
725 3320 1070 3398 laudarim,
1116 3330 1268 3407 peto
1303 3344 1343 3385 a
1377 3332 1469 3397 te,
1514 3331 1588 3385 ut
1629 3319 1697 3386 id
1731 3344 1773 3385 a
1805 3343 1908 3386 me
1952 3342 2113 3386 neve
2148 3320 2219 3385 in
2260 3320 2384 3385 hoc
2412 3335 2515 3382 reo
2630 3318 2632 3365 ἲ

473 3420 638 3478 neve
681 3414 750 3479 in
793 3414 936 3479 aliis
981 3416 1295 3500 requiras,
1350 3438 1432 3481 ne
1478 3414 1596 3479 tibi
1630 3436 1752 3500 ego
1786 3414 1959 3479 idem
1992 3436 2329 3501 reponam,
2380 3431 2513 3477 cum

475 3506 756 3569 veneris.
819 3509 1074 3573 tametsi
1126 3530 1391 3593 possum
1442 3507 1547 3573 vel
1608 3508 1884 3586 absenti3
1948 3508 2285 3574 recordare
2336 3505 2513 3578 enim,

475 3596 708 3680 quibus
761 3598 1192 3665 laudationem
1245 3624 1326 3665 ex
1378 3602 1618 3668 ultimis
1664 3603 1847 3669 terris
1892 3602 2155 3667 miseris.
2242 3622 2363 3670 nec
2402 3598 2514 3663 hoc

472 3690 903 3776 pertimueris3
955 3715 1108 3757 nam
1153 3717 1194 3758 a
1235 3717 1340 3759 me
1390 3694 1535 3780 ipso
1585 3695 1929 3763 laudantur
1980 3706 2044 3761 et
2095 3694 2517 3761 laudabuntur

471 3785 662 3850 idem.
767 3785 883 3851 sed
943 3797 1161 3853 tamen
1223 3786 1609 3853 defendendi
1658 3788 1903 3857 Vatinii
1965 3789 2137 3853 fuit.
2158 3788 2350 3855 etiam
2414 3783 2515 3849 ille

475 3879 798 3959 stimulus,
835 3881 916 3947 de
950 3903 1078 3967 quo
1114 3882 1182 3947 in
1215 3882 1482 3959 iudicio,
1520 3904 1668 3948 cum
1700 3884 1883 3950 illum
1916 3882 2355 3957 defenderem,
2390 3875 2513 3943 dixi

473 3993 576 4036 me
610 3972 822 4041 facere
858 3977 1187 4061 quiddam,
1222 3977 1449 4062 quod
1428 4000 1497 4043 m
1526 3975 1845 4044 Eunucho
1878 3976 2196 4063 parasitus
2232 3973 2511 4041 suaderet

375 4110 382 4115 -
469 4064 686 4129 militi:
