<?xml version="1.0" encoding="UTF-8"?>
<!DOCTYPE html PUBLIC "-//W3C//DTD XHTML 1.0 Transitional//EN"
    "http://www.w3.org/TR/xhtml1/DTD/xhtml1-transitional.dtd">
<html xmlns="http://www.w3.org/1999/xhtml" xml:lang="en" lang="en">
 <head>
  <title>
</title>
<meta http-equiv="Content-Type" content="text/html;charset=utf-8" />
  <meta name='ocr-system' content='tesseract 3.04.00' />
  <meta name='ocr-capabilities' content='ocr_page ocr_carea ocr_par ocr_line ocrx_word'/>
</head>
<body>
  <div class='ocr_page' id='page_1' title='image "./mtulliiciceroni12unkngoog/mtulliiciceroni12unkngoog_0521.png"; bbox 0 0 2675 4559; ppageno 0'>
   <div class='ocr_carea' id='block_1_1' title="bbox 570 227 2298 318">
    <p class='ocr_par' dir='ltr' id='par_1_1' title="bbox 570 227 2298 318">
     <span class='ocr_line' id='line_1_1' title="bbox 570 227 2298 318; baseline -0.002 -22"><span class='ocrx_word' id='word_1_1' title='bbox 570 235 1129 296; x_wconf 76' lang='lat' dir='ltr'><strong>EPISTOLABUM</strong></span> <span class='ocrx_word' id='word_1_2' title='bbox 1159 237 1273 292; x_wconf 82' lang='lat' dir='ltr'>AD</span> <span class='ocrx_word' id='word_1_3' title='bbox 1308 236 1380 304; x_wconf 80' lang='lat' dir='ltr'>Q.</span> <span class='ocrx_word' id='word_1_4' title='bbox 1416 237 1792 295; x_wconf 79' lang='lat' dir='ltr'><strong>FRATREM</strong></span> <span class='ocrx_word' id='word_1_5' title='bbox 1823 239 1873 296; x_wconf 85' lang='lat'>1.</span> <span class='ocrx_word' id='word_1_6' title='bbox 1909 240 1964 296; x_wconf 81' lang='lat'>8.</span> <span class='ocrx_word' id='word_1_7' title='bbox 2116 315 2120 318; x_wconf 87' lang='lat'><em>.</em></span> <span class='ocrx_word' id='word_1_8' title='bbox 2168 227 2298 294; x_wconf 77' lang='lat'>437</span> 
     </span>
    </p>
   </div>
   <div class='ocr_carea' id='block_1_2' title="bbox 214 359 2359 4129">
    <p class='ocr_par' dir='ltr' id='par_1_2' title="bbox 214 359 2359 4129">
     <span class='ocr_line' id='line_1_2' title="bbox 214 359 2300 448; baseline -0.002 -15"><span class='ocrx_word' id='word_1_9' title='bbox 214 364 327 434; x_wconf 84' lang='lat' dir='ltr'>-ad</span> <span class='ocrx_word' id='word_1_10' title='bbox 370 387 475 431; x_wconf 89' lang='lat' dir='ltr'>me</span> <span class='ocrx_word' id='word_1_11' title='bbox 528 360 789 448; x_wconf 89' lang='lat' dir='ltr'>quidem</span> <span class='ocrx_word' id='word_1_12' title='bbox 832 359 1019 426; x_wconf 90' lang='lat' dir='ltr'>multi</span> <span class='ocrx_word' id='word_1_13' title='bbox 1060 360 1263 426; x_wconf 85' lang='lat' dir='ltr'>multa</span> <span class='ocrx_word' id='word_1_14' title='bbox 1307 372 1373 426; x_wconf 92' lang='lat' dir='ltr'>et</span> <span class='ocrx_word' id='word_1_15' title='bbox 1415 383 1484 428; x_wconf 86' lang='lat' dir='ltr'>se</span> <span class='ocrx_word' id='word_1_16' title='bbox 1529 385 1788 448; x_wconf 86' lang='lat' dir='ltr'>sperare</span> <span class='ocrx_word' id='word_1_17' title='bbox 1841 362 2300 444; x_wconf 85' lang='lat' dir='ltr'>demonstrant,</span> 
     </span>
     <span class='ocr_line' id='line_1_3' title="bbox 240 453 2300 547; baseline -0.001 -20"><span class='ocrx_word' id='word_1_18' title='bbox 240 461 358 526; x_wconf 83' lang='lat' dir='ltr'>sed</span> <span class='ocrx_word' id='word_1_19' title='bbox 385 480 508 547; x_wconf 85' lang='lat' dir='ltr'>ego</span> <span class='ocrx_word' id='word_1_20' title='bbox 534 456 709 543; x_wconf 89' lang='lat' dir='ltr'>quod</span> <span class='ocrx_word' id='word_1_21' title='bbox 736 475 988 542; x_wconf 79' lang='lat' dir='ltr'><strong>sperem</strong></span> <span class='ocrx_word' id='word_1_22' title='bbox 1012 477 1145 520; x_wconf 88' lang='lat' dir='ltr'>non</span> <span class='ocrx_word' id='word_1_23' title='bbox 1172 453 1461 541; x_wconf 75' lang='lat' dir='ltr'>dispicio,</span> <span class='ocrx_word' id='word_1_24' title='bbox 1498 477 1648 522; x_wconf 91' lang='lat' dir='ltr'>cum</span> <span class='ocrx_word' id='word_1_25' title='bbox 1677 456 1920 522; x_wconf 83' lang='lat' dir='ltr'>inimici</span> <span class='ocrx_word' id='word_1_26' title='bbox 1951 457 2300 544; x_wconf 86' lang='lat' dir='ltr'>plurimum</span> 
     </span>
     <span class='ocr_line' id='line_1_4' title="bbox 241 550 2302 639; baseline -0.001 -16"><span class='ocrx_word' id='word_1_27' title='bbox 241 556 519 630; x_wconf 80' lang='lat' dir='ltr'>valeant,</span> <span class='ocrx_word' id='word_1_28' title='bbox 556 551 743 618; x_wconf 87' lang='lat' dir='ltr'>amici</span> <span class='ocrx_word' id='word_1_29' title='bbox 778 550 1010 636; x_wconf 88' lang='lat' dir='ltr'>partim</span> <span class='ocrx_word' id='word_1_30' title='bbox 1046 551 1443 618; x_wconf 81' lang='lat' dir='ltr'>deseruerint</span> <span class='ocrx_word' id='word_1_31' title='bbox 1479 573 1613 628; x_wconf 91' lang='lat' dir='ltr'>me,</span> <span class='ocrx_word' id='word_1_32' title='bbox 1654 552 1891 638; x_wconf 88' lang='lat' dir='ltr'>partim</span> <span class='ocrx_word' id='word_1_33' title='bbox 1925 552 2117 619; x_wconf 79' lang='lat' dir='ltr'>etiam</span> <span class='ocrx_word' id='word_1_34' title='bbox 2151 575 2302 639; x_wconf 90' lang='lat' dir='ltr'>pro-</span> 
     </span>
     <span class='ocr_line' id='line_1_5' title="bbox 239 643 2301 756; baseline -0 -41"><span class='ocrx_word' id='word_1_35' title='bbox 239 649 547 726; x_wconf 78' lang='lat' dir='ltr'>diderint,</span> <span class='ocrx_word' id='word_1_36' title='bbox 592 646 705 732; x_wconf 90' lang='lat' dir='ltr'>qui</span> <span class='ocrx_word' id='word_1_37' title='bbox 746 644 815 709; x_wconf 91' lang='lat' dir='ltr'>in</span> <span class='ocrx_word' id='word_1_38' title='bbox 847 665 993 710; x_wconf 91' lang='lat' dir='ltr'>meo</span> <span class='ocrx_word' id='word_1_39' title='bbox 1028 643 1240 710; x_wconf 86' lang='lat' dir='ltr'>reditu</span> <span class='ocrx_word' id='word_1_40' title='bbox 1275 644 1552 710; x_wconf 87' lang='lat' dir='ltr'>fortasse</span> <span class='ocrx_word' id='word_1_41' title='bbox 1602 645 2163 756; x_wconf 82' lang='lat' dir='ltr'>reprehensionem</span> <span class='ocrx_word' id='word_1_42' title='bbox 2197 647 2301 713; x_wconf 86' lang='lat' dir='ltr'>sui</span> 
     </span>
     <span class='ocr_line' id='line_1_6' title="bbox 236 736 2300 828; baseline -0.002 -17"><span class='ocrx_word' id='word_1_43' title='bbox 236 743 497 812; x_wconf 87' lang='lat' dir='ltr'>sceleris</span> <span class='ocrx_word' id='word_1_44' title='bbox 530 739 1002 828; x_wconf 76' lang='lat' dir='ltr'>pertimescant.</span> <span class='ocrx_word' id='word_1_45' title='bbox 1054 736 1189 814; x_wconf 86' lang='lat' dir='ltr'>sed,</span> <span class='ocrx_word' id='word_1_46' title='bbox 1225 738 1353 804; x_wconf 89' lang='lat' dir='ltr'>ista</span> <span class='ocrx_word' id='word_1_47' title='bbox 1383 737 1600 822; x_wconf 85' lang='lat' dir='ltr'>qualia</span> <span class='ocrx_word' id='word_1_48' title='bbox 1639 738 1787 816; x_wconf 89' lang='lat' dir='ltr'>sint,</span> <span class='ocrx_word' id='word_1_49' title='bbox 1821 751 1894 806; x_wconf 89' lang='lat' dir='ltr'>tu</span> <span class='ocrx_word' id='word_1_50' title='bbox 1929 741 2122 808; x_wconf 89' lang='lat' dir='ltr'>velim</span> <span class='ocrx_word' id='word_1_51' title='bbox 2155 763 2300 827; x_wconf 88' lang='lat' dir='ltr'>per-</span> 
     </span>
     <span class='ocr_line' id='line_1_7' title="bbox 238 832 2298 926; baseline -0.002 -21"><span class='ocrx_word' id='word_1_52' title='bbox 238 838 472 926; x_wconf 82' lang='lat' dir='ltr'>spicias</span> <span class='ocrx_word' id='word_1_53' title='bbox 500 834 787 919; x_wconf 86' lang='lat' dir='ltr'>mihique</span> <span class='ocrx_word' id='word_1_54' title='bbox 818 832 1122 898; x_wconf 85' lang='lat' dir='ltr'>declares.</span> <span class='ocrx_word' id='word_1_55' title='bbox 1178 854 1301 918; x_wconf 88' lang='lat' dir='ltr'>ego</span> <span class='ocrx_word' id='word_1_56' title='bbox 1327 842 1565 909; x_wconf 85' lang='lat' dir='ltr'>tamen,</span> <span class='ocrx_word' id='word_1_57' title='bbox 1607 855 1802 917; x_wconf 89' lang='lat' dir='ltr'>quam</span> <span class='ocrx_word' id='word_1_58' title='bbox 1839 834 1950 900; x_wconf 88' lang='lat' dir='ltr'>diu</span> <span class='ocrx_word' id='word_1_59' title='bbox 1983 834 2102 900; x_wconf 89' lang='lat' dir='ltr'>tibi</span> <span class='ocrx_word' id='word_1_60' title='bbox 2135 857 2298 922; x_wconf 88' lang='lat' dir='ltr'>opus</span> 
     </span>
     <span class='ocr_line' id='line_1_8' title="bbox 236 925 2356 1014; baseline -0.002 -15"><span class='ocrx_word' id='word_1_61' title='bbox 236 933 389 1010; x_wconf 90' lang='lat' dir='ltr'>erit,</span> <span class='ocrx_word' id='word_1_62' title='bbox 426 931 482 997; x_wconf 88' lang='lat' dir='ltr'>si</span> <span class='ocrx_word' id='word_1_63' title='bbox 516 927 673 1014; x_wconf 85' lang='lat' dir='ltr'>quid</span> <span class='ocrx_word' id='word_1_64' title='bbox 707 927 975 1014; x_wconf 90' lang='lat' dir='ltr'>periculi</span> <span class='ocrx_word' id='word_1_65' title='bbox 1010 926 1416 993; x_wconf 88' lang='lat' dir='ltr'>subeundum</span> <span class='ocrx_word' id='word_1_66' title='bbox 1451 925 1729 1003; x_wconf 89' lang='lat' dir='ltr'>videbis,</span> <span class='ocrx_word' id='word_1_67' title='bbox 1768 927 2010 1006; x_wconf 81' lang='lat' dir='ltr'>vivam3</span> <span class='ocrx_word' id='word_1_68' title='bbox 2055 929 2296 995; x_wconf 85' lang='lat' dir='ltr'>diutiu‘s</span> <span class='ocrx_word' id='word_1_69' title='bbox 2353 955 2356 958; x_wconf 50' lang='lat'><strong>⁴</strong></span> 
     </span>
     <span class='ocr_line' id='line_1_9' title="bbox 235 1021 2297 1107; baseline -0.003 -13"><span class='ocrx_word' id='word_1_70' title='bbox 235 1029 307 1094; x_wconf 89' lang='lat' dir='ltr'>in</span> <span class='ocrx_word' id='word_1_71' title='bbox 342 1027 465 1092; x_wconf 86' lang='lat' dir='ltr'>hac</span> <span class='ocrx_word' id='word_1_72' title='bbox 498 1025 631 1090; x_wconf 83' lang='lat' dir='ltr'>vita</span> <span class='ocrx_word' id='word_1_73' title='bbox 664 1045 806 1089; x_wconf 83' lang='lat' dir='ltr'>esse</span> <span class='ocrx_word' id='word_1_74' title='bbox 840 1043 971 1086; x_wconf 90' lang='lat' dir='ltr'>non</span> <span class='ocrx_word' id='word_1_75' title='bbox 1006 1043 1300 1107; x_wconf 86' lang='lat' dir='ltr'>possum:</span> <span class='ocrx_word' id='word_1_76' title='bbox 1335 1042 1547 1106; x_wconf 85' lang='lat' dir='ltr'>neque</span> <span class='ocrx_word' id='word_1_77' title='bbox 1584 1021 1754 1088; x_wconf 86' lang='lat' dir='ltr'>enim</span> <span class='ocrx_word' id='word_1_78' title='bbox 1787 1033 2040 1088; x_wconf 84' lang='lat' dir='ltr'>tantum</span> <span class='ocrx_word' id='word_1_79' title='bbox 2065 1022 2297 1091; x_wconf 85' lang='lat' dir='ltr'>virium</span> 
     </span>
     <span class='ocr_line' id='line_1_10' title="bbox 235 1114 2296 1204; baseline -0.003 -16"><span class='ocrx_word' id='word_1_80' title='bbox 235 1123 433 1188; x_wconf 87' lang='lat' dir='ltr'>habet</span> <span class='ocrx_word' id='word_1_81' title='bbox 465 1119 597 1184; x_wconf 88' lang='lat' dir='ltr'>ulla</span> <span class='ocrx_word' id='word_1_82' title='bbox 632 1127 745 1183; x_wconf 90' lang='lat' dir='ltr'>aut</span> <span class='ocrx_word' id='word_1_83' title='bbox 778 1115 1116 1204; x_wconf 86' lang='lat' dir='ltr'>prudentia</span> <span class='ocrx_word' id='word_1_84' title='bbox 1148 1127 1261 1182; x_wconf 87' lang='lat' dir='ltr'>aut</span> <span class='ocrx_word' id='word_1_85' title='bbox 1286 1114 1594 1193; x_wconf 87' lang='lat' dir='ltr'>doctrina,</span> <span class='ocrx_word' id='word_1_86' title='bbox 1629 1127 1704 1182; x_wconf 90' lang='lat' dir='ltr'>ut</span> <span class='ocrx_word' id='word_1_87' title='bbox 1731 1125 1986 1183; x_wconf 87' lang='lat' dir='ltr'>tantum</span> <span class='ocrx_word' id='word_1_88' title='bbox 2011 1117 2296 1184; x_wconf 89' lang='lat' dir='ltr'>dolorem</span> 
     </span>
     <span class='ocr_line' id='line_1_11' title="bbox 234 1210 2298 1304; baseline -0.001 -23"><span class='ocrx_word' id='word_1_89' title='bbox 234 1215 439 1304; x_wconf 83' lang='lat' dir='ltr'>possit</span> <span class='ocrx_word' id='word_1_90' title='bbox 472 1213 805 1279; x_wconf 86' lang='lat' dir='ltr'>sustinere.</span> <span class='ocrx_word' id='word_1_91' title='bbox 894 1210 1026 1276; x_wconf 82' lang='lat' dir='ltr'>scio</span> <span class='ocrx_word' id='word_1_92' title='bbox 1072 1211 1271 1277; x_wconf 87' lang='lat' dir='ltr'>fuisse</span> <span class='ocrx_word' id='word_1_93' title='bbox 1308 1223 1374 1278; x_wconf 90' lang='lat' dir='ltr'>et</span> <span class='ocrx_word' id='word_1_94' title='bbox 1415 1211 1745 1279; x_wconf 88' lang='lat' dir='ltr'>honestius</span> <span class='ocrx_word' id='word_1_95' title='bbox 1779 1212 2092 1280; x_wconf 85' lang='lat' dir='ltr'>moriendi</span> <span class='ocrx_word' id='word_1_96' title='bbox 2135 1224 2298 1280; x_wconf 88' lang='lat' dir='ltr'>tem·</span> 
     </span>
     <span class='ocr_line' id='line_1_12' title="bbox 234 1305 2294 1398; baseline -0.001 -22"><span class='ocrx_word' id='word_1_97' title='bbox 234 1333 361 1398; x_wconf 88' lang='lat' dir='ltr'>pus</span> <span class='ocrx_word' id='word_1_98' title='bbox 396 1320 462 1376; x_wconf 89' lang='lat' dir='ltr'>et</span> <span class='ocrx_word' id='word_1_99' title='bbox 484 1307 725 1384; x_wconf 89' lang='lat' dir='ltr'>utilius,</span> <span class='ocrx_word' id='word_1_100' title='bbox 762 1306 877 1371; x_wconf 85' lang='lat' dir='ltr'>sed</span> <span class='ocrx_word' id='word_1_101' title='bbox 904 1327 1034 1370; x_wconf 88' lang='lat' dir='ltr'>non</span> <span class='ocrx_word' id='word_1_102' title='bbox 1068 1305 1191 1371; x_wconf 86' lang='lat' dir='ltr'>hoe</span> <span class='ocrx_word' id='word_1_103' title='bbox 1219 1305 1448 1384; x_wconf 89' lang='lat' dir='ltr'>solum,</span> <span class='ocrx_word' id='word_1_104' title='bbox 1483 1305 1688 1372; x_wconf 90' lang='lat' dir='ltr'>multa</span> <span class='ocrx_word' id='word_1_105' title='bbox 1715 1306 1842 1374; x_wconf 85' lang='lat' dir='ltr'>alia</span> <span class='ocrx_word' id='word_1_106' title='bbox 1875 1307 2294 1394; x_wconf 77' lang='lat' dir='ltr'>praetermisi,</span> 
     </span>
     <span class='ocr_line' id='line_1_13' title="bbox 232 1399 2298 1489; baseline -0.001 -19"><span class='ocrx_word' id='word_1_107' title='bbox 232 1427 405 1489; x_wconf 86' lang='lat' dir='ltr'>quae</span> <span class='ocrx_word' id='word_1_108' title='bbox 448 1402 507 1468; x_wconf 89' lang='lat' dir='ltr'>si</span> <span class='ocrx_word' id='word_1_109' title='bbox 546 1401 731 1486; x_wconf 90' lang='lat' dir='ltr'>queri</span> <span class='ocrx_word' id='word_1_110' title='bbox 774 1399 967 1466; x_wconf 85' lang='lat' dir='ltr'>velim</span> <span class='ocrx_word' id='word_1_111' title='bbox 1018 1399 1391 1486; x_wconf 80' lang='lat' dir='ltr'>praeterita,</span> <span class='ocrx_word' id='word_1_112' title='bbox 1444 1399 1603 1465; x_wconf 89' lang='lat' dir='ltr'>nihil</span> <span class='ocrx_word' id='word_1_113' title='bbox 1647 1424 1840 1488; x_wconf 85' lang='lat' dir='ltr'>agam</span> <span class='ocrx_word' id='word_1_114' title='bbox 1882 1403 2006 1468; x_wconf 90' lang='lat' dir='ltr'>nisi</span> <span class='ocrx_word' id='word_1_115' title='bbox 2057 1414 2132 1469; x_wconf 88' lang='lat' dir='ltr'>ut</span> <span class='ocrx_word' id='word_1_116' title='bbox 2183 1426 2298 1468; x_wconf 89' lang='lat' dir='ltr'>au-</span> 
     </span>
     <span class='ocr_line' id='line_1_14' title="bbox 235 1493 2297 1587; baseline -0.002 -21"><span class='ocrx_word' id='word_1_117' title='bbox 235 1521 428 1587; x_wconf 86' lang='lat' dir='ltr'>geam</span> <span class='ocrx_word' id='word_1_118' title='bbox 480 1497 766 1562; x_wconf 88' lang='lat' dir='ltr'>dolorem</span> <span class='ocrx_word' id='word_1_119' title='bbox 816 1506 1029 1571; x_wconf 85' lang='lat' dir='ltr'>tuum,</span> <span class='ocrx_word' id='word_1_120' title='bbox 1080 1493 1360 1561; x_wconf 87' lang='lat' dir='ltr'>indicem</span> <span class='ocrx_word' id='word_1_121' title='bbox 1412 1495 1747 1560; x_wconf 81' lang='lat' dir='ltr'>stultitiam</span> <span class='ocrx_word' id='word_1_122' title='bbox 1800 1519 2030 1564; x_wconf 87' lang='lat' dir='ltr'>meam.</span> <span class='ocrx_word' id='word_1_123' title='bbox 2136 1498 2297 1563; x_wconf 87' lang='lat' dir='ltr'>illud</span> 
     </span>
     <span class='ocr_line' id='line_1_15' title="bbox 235 1587 2294 1680; baseline -0.001 -22"><span class='ocrx_word' id='word_1_124' title='bbox 235 1592 501 1680; x_wconf 85' lang='lat' dir='ltr'>quidem</span> <span class='ocrx_word' id='word_1_125' title='bbox 538 1611 661 1656; x_wconf 91' lang='lat' dir='ltr'>nec</span> <span class='ocrx_word' id='word_1_126' title='bbox 704 1587 1073 1656; x_wconf 87' lang='lat' dir='ltr'>faciendum</span> <span class='ocrx_word' id='word_1_127' title='bbox 1116 1599 1213 1654; x_wconf 85' lang='lat' dir='ltr'>est</span> <span class='ocrx_word' id='word_1_128' title='bbox 1256 1610 1378 1654; x_wconf 87' lang='lat' dir='ltr'>nec</span> <span class='ocrx_word' id='word_1_129' title='bbox 1423 1588 1562 1654; x_wconf 90' lang='lat' dir='ltr'>fieri</span> <span class='ocrx_word' id='word_1_130' title='bbox 1605 1600 1847 1675; x_wconf 87' lang='lat' dir='ltr'>potest,</span> <span class='ocrx_word' id='word_1_131' title='bbox 1893 1613 1999 1657; x_wconf 89' lang='lat' dir='ltr'>me</span> <span class='ocrx_word' id='word_1_132' title='bbox 2035 1592 2294 1668; x_wconf 88' lang='lat' dir='ltr'>diutius,</span> 
     </span>
     <span class='ocr_line' id='line_1_16' title="bbox 232 1683 2295 1774; baseline -0.001 -21"><span class='ocrx_word' id='word_1_133' title='bbox 232 1711 431 1774; x_wconf 88' lang='lat' dir='ltr'>quam</span> <span class='ocrx_word' id='word_1_134' title='bbox 468 1695 580 1752; x_wconf 85' lang='lat' dir='ltr'>aut</span> <span class='ocrx_word' id='word_1_135' title='bbox 614 1696 797 1750; x_wconf 87' lang='lat' dir='ltr'>tuum</span> <span class='ocrx_word' id='word_1_136' title='bbox 831 1695 1085 1770; x_wconf 85' lang='lat' dir='ltr'>tempus</span> <span class='ocrx_word' id='word_1_137' title='bbox 1112 1693 1225 1749; x_wconf 86' lang='lat' dir='ltr'>aut</span> <span class='ocrx_word' id='word_1_138' title='bbox 1256 1683 1442 1750; x_wconf 85' lang='lat' dir='ltr'>firma</span> <span class='ocrx_word' id='word_1_139' title='bbox 1471 1705 1618 1769; x_wconf 88' lang='lat' dir='ltr'>spes</span> <span class='ocrx_word' id='word_1_140' title='bbox 1652 1685 2023 1770; x_wconf 79' lang='lat' dir='ltr'>postulabit,</span> <span class='ocrx_word' id='word_1_141' title='bbox 2059 1685 2130 1752; x_wconf 93' lang='lat' dir='ltr'>in</span> <span class='ocrx_word' id='word_1_142' title='bbox 2163 1696 2295 1750; x_wconf 88' lang='lat' dir='ltr'>tam</span> 
     </span>
     <span class='ocr_line' id='line_1_17' title="bbox 234 1779 2297 1865; baseline -0 -16"><span class='ocrx_word' id='word_1_143' title='bbox 234 1785 469 1850; x_wconf 88' lang='lat' dir='ltr'>misera</span> <span class='ocrx_word' id='word_1_144' title='bbox 502 1793 765 1865; x_wconf 87' lang='lat' dir='ltr'>tamque</span> <span class='ocrx_word' id='word_1_145' title='bbox 800 1779 974 1865; x_wconf 88' lang='lat' dir='ltr'>turpi</span> <span class='ocrx_word' id='word_1_146' title='bbox 1008 1779 1142 1844; x_wconf 81' lang='lat' dir='ltr'>vita</span> <span class='ocrx_word' id='word_1_147' title='bbox 1174 1779 1576 1856; x_wconf 87' lang='lat' dir='ltr'>commorari,</span> <span class='ocrx_word' id='word_1_148' title='bbox 1611 1795 1704 1858; x_wconf 85' lang='lat' dir='ltr'>ut,</span> <span class='ocrx_word' id='word_1_149' title='bbox 1741 1780 1854 1864; x_wconf 92' lang='lat' dir='ltr'>qui</span> <span class='ocrx_word' id='word_1_150' title='bbox 1877 1780 2069 1847; x_wconf 89' lang='lat' dir='ltr'>modo</span> <span class='ocrx_word' id='word_1_151' title='bbox 2097 1781 2297 1848; x_wconf 81' lang='lat' dir='ltr'>fratre</span> 
     </span>
     <span class='ocr_line' id='line_1_18' title="bbox 236 1872 2294 1962; baseline -0.001 -18"><span class='ocrx_word' id='word_1_152' title='bbox 236 1877 501 1954; x_wconf 88' lang='lat' dir='ltr'>fuerim,</span> <span class='ocrx_word' id='word_1_153' title='bbox 550 1875 797 1952; x_wconf 89' lang='lat' dir='ltr'>liberis,</span> <span class='ocrx_word' id='word_1_154' title='bbox 854 1873 1156 1960; x_wconf 86' lang='lat' dir='ltr'>coniuge,</span> <span class='ocrx_word' id='word_1_155' title='bbox 1210 1872 1444 1959; x_wconf 88' lang='lat' dir='ltr'>copiis,</span> <span class='ocrx_word' id='word_1_156' title='bbox 1498 1895 1735 1959; x_wconf 86' lang='lat' dir='ltr'>genere</span> <span class='ocrx_word' id='word_1_157' title='bbox 1787 1874 1951 1961; x_wconf 87' lang='lat' dir='ltr'>ipso</span> <span class='ocrx_word' id='word_1_158' title='bbox 1983 1877 2294 1962; x_wconf 87' lang='lat' dir='ltr'>pecuniae</span> 
     </span>
     <span class='ocr_line' id='line_1_19' title="bbox 234 1967 2296 2057; baseline 0 -19"><span class='ocrx_word' id='word_1_159' title='bbox 234 1972 641 2040; x_wconf 85' lang='lat' dir='ltr'>beatissimus</span> <span class='ocrx_word' id='word_1_160' title='bbox 654 2017 673 2048; x_wconf 90' lang='lat'>,</span> <span class='ocrx_word' id='word_1_161' title='bbox 710 1967 1053 2055; x_wconf 85' lang='lat' dir='ltr'>dignitate,</span> <span class='ocrx_word' id='word_1_162' title='bbox 1100 1967 1508 2046; x_wconf 87' lang='lat' dir='ltr'>auctoritate,</span> <span class='ocrx_word' id='word_1_163' title='bbox 1545 1968 2044 2048; x_wconf 83' lang='lat' dir='ltr'>existimatione,</span> <span class='ocrx_word' id='word_1_164' title='bbox 2086 1972 2296 2057; x_wconf 85' lang='lat' dir='ltr'>gratia</span> 
     </span>
     <span class='ocr_line' id='line_1_20' title="bbox 234 2051 2295 2152; baseline -0.001 -18"><span class='ocrx_word' id='word_1_165' title='bbox 234 2090 367 2134; x_wconf 91' lang='lat' dir='ltr'>non</span> <span class='ocrx_word' id='word_1_166' title='bbox 408 2066 669 2132; x_wconf 87' lang='lat' dir='ltr'>inferior</span> <span class='ocrx_word' id='word_1_167' title='bbox 710 2087 909 2148; x_wconf 87' lang='lat' dir='ltr'>quam</span> <span class='ocrx_word' id='word_1_168' title='bbox 952 2064 1064 2148; x_wconf 89' lang='lat' dir='ltr'>qui</span> <span class='ocrx_word' id='word_1_169' title='bbox 1112 2085 1422 2148; x_wconf 87' lang='lat' dir='ltr'>umquam</span> <span class='ocrx_word' id='word_1_170' title='bbox 1471 2051 1736 2131; x_wconf 85' lang='lat' dir='ltr'>fuerunt</span> <span class='ocrx_word' id='word_1_171' title='bbox 1785 2066 2188 2152; x_wconf 87' lang='lat' dir='ltr'>amplissimi,</span> <span class='ocrx_word' id='word_1_172' title='bbox 2239 2066 2295 2132; x_wconf 88' lang='lat' dir='ltr'>is</span> 
     </span>
     <span class='ocr_line' id='line_1_21' title="bbox 233 2157 2296 2246; baseline -0.002 -16"><span class='ocrx_word' id='word_1_173' title='bbox 233 2183 408 2231; x_wconf 86' lang='lat' dir='ltr'>nunc</span> <span class='ocrx_word' id='word_1_174' title='bbox 450 2161 521 2226; x_wconf 89' lang='lat' dir='ltr'>in</span> <span class='ocrx_word' id='word_1_175' title='bbox 562 2160 685 2225; x_wconf 83' lang='lat' dir='ltr'>hac</span> <span class='ocrx_word' id='word_1_176' title='bbox 729 2169 862 2224; x_wconf 90' lang='lat' dir='ltr'>tam</span> <span class='ocrx_word' id='word_1_177' title='bbox 909 2158 1167 2223; x_wconf 86' lang='lat' dir='ltr'>adflicta</span> <span class='ocrx_word' id='word_1_178' title='bbox 1210 2157 1589 2245; x_wconf 87' lang='lat' dir='ltr'>perditaque</span> <span class='ocrx_word' id='word_1_179' title='bbox 1634 2157 1894 2242; x_wconf 86' lang='lat' dir='ltr'>fortuna</span> <span class='ocrx_word' id='word_1_180' title='bbox 1934 2182 2147 2246; x_wconf 88' lang='lat' dir='ltr'>neque</span> <span class='ocrx_word' id='word_1_181' title='bbox 2191 2185 2296 2226; x_wconf 90' lang='lat' dir='ltr'>me</span> 
     </span>
     <span class='ocr_line' id='line_1_22' title="bbox 234 2251 2294 2340; baseline 0 -18"><span class='ocrx_word' id='word_1_182' title='bbox 234 2275 447 2340; x_wconf 88' lang='lat' dir='ltr'>neque</span> <span class='ocrx_word' id='word_1_183' title='bbox 482 2276 659 2320; x_wconf 86' lang='lat' dir='ltr'>meos</span> <span class='ocrx_word' id='word_1_184' title='bbox 704 2254 927 2339; x_wconf 87' lang='lat' dir='ltr'>lugere</span> <span class='ocrx_word' id='word_1_185' title='bbox 974 2253 1213 2318; x_wconf 88' lang='lat' dir='ltr'>diutius</span> <span class='ocrx_word' id='word_1_186' title='bbox 1249 2251 1513 2339; x_wconf 84' lang='lat' dir='ltr'>possim.</span> <span class='ocrx_word' id='word_1_187' title='bbox 1602 2275 1732 2338; x_wconf 86' lang='lat' dir='ltr'>qua</span> <span class='ocrx_word' id='word_1_188' title='bbox 1775 2277 1846 2320; x_wconf 88' lang='lat' dir='ltr'>re</span> <span class='ocrx_word' id='word_1_189' title='bbox 1881 2255 2038 2340; x_wconf 89' lang='lat' dir='ltr'>quid</span> <span class='ocrx_word' id='word_1_190' title='bbox 2071 2255 2154 2324; x_wconf 86' lang='lat' dir='ltr'>ad</span> <span class='ocrx_word' id='word_1_191' title='bbox 2190 2277 2294 2322; x_wconf 91' lang='lat' dir='ltr'>me</span> 
     </span>
     <span class='ocr_line' id='line_1_23' title="bbox 232 2347 2296 2436; baseline 0.001 -20"><span class='ocrx_word' id='word_1_192' title='bbox 232 2348 543 2436; x_wconf 86' lang='lat' dir='ltr'>scripsisti</span> <span class='ocrx_word' id='word_1_193' title='bbox 577 2348 657 2415; x_wconf 93' lang='lat' dir='ltr'>de</span> <span class='ocrx_word' id='word_1_194' title='bbox 691 2348 1201 2434; x_wconf 81' lang='lat' dir='ltr'>permutatione?</span> <span class='ocrx_word' id='word_1_195' title='bbox 1233 2347 1422 2432; x_wconf 85' lang='lat' dir='ltr'>quasi</span> <span class='ocrx_word' id='word_1_196' title='bbox 1456 2369 1611 2414; x_wconf 83' lang='lat' dir='ltr'>vero</span> <span class='ocrx_word' id='word_1_197' title='bbox 1635 2370 1810 2415; x_wconf 89' lang='lat' dir='ltr'>nune</span> <span class='ocrx_word' id='word_1_198' title='bbox 1843 2372 1949 2415; x_wconf 91' lang='lat' dir='ltr'>me</span> <span class='ocrx_word' id='word_1_199' title='bbox 1981 2373 2112 2417; x_wconf 88' lang='lat' dir='ltr'>non</span> <span class='ocrx_word' id='word_1_200' title='bbox 2145 2362 2296 2418; x_wconf 88' lang='lat' dir='ltr'>tuae</span> 
     </span>
     <span class='ocr_line' id='line_1_24' title="bbox 227 2441 2295 2528; baseline 0 -18"><span class='ocrx_word' id='word_1_201' title='bbox 227 2444 569 2510; x_wconf 78' lang='lat' dir='ltr'>facultates</span> <span class='ocrx_word' id='word_1_202' title='bbox 604 2441 978 2520; x_wconf 82' lang='lat' dir='ltr'>sustineant,</span> <span class='ocrx_word' id='word_1_203' title='bbox 1015 2463 1145 2527; x_wconf 90' lang='lat' dir='ltr'>qua</span> <span class='ocrx_word' id='word_1_204' title='bbox 1168 2441 1239 2508; x_wconf 90' lang='lat' dir='ltr'>in</span> <span class='ocrx_word' id='word_1_205' title='bbox 1271 2464 1344 2508; x_wconf 93' lang='lat' dir='ltr'>re</span> <span class='ocrx_word' id='word_1_206' title='bbox 1376 2443 1520 2528; x_wconf 85' lang='lat' dir='ltr'>ipsa</span> <span class='ocrx_word' id='word_1_207' title='bbox 1547 2441 1735 2508; x_wconf 88' lang='lat' dir='ltr'>video</span> <span class='ocrx_word' id='word_1_208' title='bbox 1766 2443 1957 2510; x_wconf 87' lang='lat' dir='ltr'>miser</span> <span class='ocrx_word' id='word_1_209' title='bbox 1991 2456 2057 2511; x_wconf 94' lang='lat' dir='ltr'>et</span> <span class='ocrx_word' id='word_1_210' title='bbox 2091 2447 2295 2512; x_wconf 86' lang='lat' dir='ltr'>sentio</span> 
     </span>
     <span class='ocr_line' id='line_1_25' title="bbox 232 2533 2296 2623; baseline 0.002 -21"><span class='ocrx_word' id='word_1_211' title='bbox 232 2539 390 2623; x_wconf 86' lang='lat' dir='ltr'>quid</span> <span class='ocrx_word' id='word_1_212' title='bbox 434 2536 689 2604; x_wconf 89' lang='lat' dir='ltr'>sceleris</span> <span class='ocrx_word' id='word_1_213' title='bbox 738 2536 1133 2614; x_wconf 84' lang='lat' dir='ltr'>admiserim,</span> <span class='ocrx_word' id='word_1_214' title='bbox 1190 2533 1340 2602; x_wconf 73' lang='lat' dir='ltr'>cuin</span> <span class='ocrx_word' id='word_1_215' title='bbox 1384 2535 1466 2602; x_wconf 89' lang='lat' dir='ltr'>de</span> <span class='ocrx_word' id='word_1_216' title='bbox 1511 2535 1864 2603; x_wconf 87' lang='lat' dir='ltr'>visceribus</span> <span class='ocrx_word' id='word_1_217' title='bbox 1909 2539 2038 2605; x_wconf 87' lang='lat' dir='ltr'>tuis</span> <span class='ocrx_word' id='word_1_218' title='bbox 2074 2549 2140 2605; x_wconf 90' lang='lat' dir='ltr'>et</span> <span class='ocrx_word' id='word_1_219' title='bbox 2181 2540 2296 2606; x_wconf 86' lang='lat' dir='ltr'>filii</span> 
     </span>
     <span class='ocr_line' id='line_1_26' title="bbox 228 2629 2359 2716; baseline 0 -19"><span class='ocrx_word' id='word_1_220' title='bbox 228 2631 330 2697; x_wconf 82' lang='lat' dir='ltr'>tui</span> <span class='ocrx_word' id='word_1_221' title='bbox 384 2630 537 2696; x_wconf 84' lang='lat' dir='ltr'>satis</span> <span class='ocrx_word' id='word_1_222' title='bbox 597 2629 885 2696; x_wconf 85' lang='lat' dir='ltr'>facturus</span> <span class='ocrx_word' id='word_1_223' title='bbox 938 2630 1026 2695; x_wconf 85' lang='lat' dir='ltr'>sis</span> <span class='ocrx_word' id='word_1_224' title='bbox 1078 2629 1315 2713; x_wconf 85' lang='lat' dir='ltr'>quibus</span> <span class='ocrx_word' id='word_1_225' title='bbox 1369 2629 1596 2707; x_wconf 87' lang='lat' dir='ltr'>debes,</span> <span class='ocrx_word' id='word_1_226' title='bbox 1654 2651 1778 2714; x_wconf 87' lang='lat' dir='ltr'>ego</span> <span class='ocrx_word' id='word_1_227' title='bbox 1832 2640 2161 2716; x_wconf 76' lang='lat' dir='ltr'>acceptam</span> <span class='ocrx_word' id='word_1_228' title='bbox 2214 2656 2296 2697; x_wconf 84' lang='lat' dir='ltr'>ex</span> <span class='ocrx_word' id='word_1_229' title='bbox 2354 2701 2359 2706; x_wconf 72' lang='grc'><em>,</em></span> 
     </span>
     <span class='ocr_line' id='line_1_27' title="bbox 231 2722 2295 2811; baseline -0 -20"><span class='ocrx_word' id='word_1_230' title='bbox 231 2725 478 2792; x_wconf 86' lang='lat' dir='ltr'>aerario</span> <span class='ocrx_word' id='word_1_231' title='bbox 531 2723 871 2811; x_wconf 88' lang='lat' dir='ltr'>pecuniam</span> <span class='ocrx_word' id='word_1_232' title='bbox 924 2735 1035 2789; x_wconf 92' lang='lat' dir='ltr'>tuo</span> <span class='ocrx_word' id='word_1_233' title='bbox 1086 2723 1348 2788; x_wconf 91' lang='lat' dir='ltr'>nomine</span> <span class='ocrx_word' id='word_1_234' title='bbox 1399 2723 1641 2788; x_wconf 86' lang='lat' dir='ltr'>frustra</span> <span class='ocrx_word' id='word_1_235' title='bbox 1691 2722 2074 2808; x_wconf 86' lang='lat' dir='ltr'>dissiparim.</span> <span class='ocrx_word' id='word_1_236' title='bbox 2179 2727 2295 2792; x_wconf 87' lang='lat' dir='ltr'>sed</span> 
     </span>
     <span class='ocr_line' id='line_1_28' title="bbox 230 2815 2293 2906; baseline -0.001 -20"><span class='ocrx_word' id='word_1_237' title='bbox 230 2833 447 2887; x_wconf 88' lang='lat' dir='ltr'>tamen</span> <span class='ocrx_word' id='word_1_238' title='bbox 484 2830 549 2886; x_wconf 92' lang='lat' dir='ltr'>et</span> <span class='ocrx_word' id='word_1_239' title='bbox 573 2819 673 2884; x_wconf 92' lang='grc' dir='ltr'>Μ.</span> <span class='ocrx_word' id='word_1_240' title='bbox 692 2817 1000 2895; x_wconf 91' lang='lat' dir='ltr'>Antonio,</span> <span class='ocrx_word' id='word_1_241' title='bbox 1036 2828 1352 2902; x_wconf 86' lang='lat' dir='ltr'>quantum</span> <span class='ocrx_word' id='word_1_242' title='bbox 1387 2828 1459 2882; x_wconf 90' lang='lat' dir='ltr'>tu</span> <span class='ocrx_word' id='word_1_243' title='bbox 1493 2816 1860 2902; x_wconf 83' lang='lat' dir='ltr'>scripseras,</span> <span class='ocrx_word' id='word_1_244' title='bbox 1895 2830 1952 2884; x_wconf 82' lang='lat' dir='ltr'>et</span> <span class='ocrx_word' id='word_1_245' title='bbox 1982 2815 2293 2906; x_wconf 83' lang='lat' dir='ltr'>Caepioni</span> 
     </span>
     <span class='ocr_line' id='line_1_29' title="bbox 232 2909 2291 3023; baseline 0 -43"><span class='ocrx_word' id='word_1_246' title='bbox 232 2912 610 2980; x_wconf 88' lang='lat' dir='ltr'>tantundem</span> <span class='ocrx_word' id='word_1_247' title='bbox 656 2913 937 2978; x_wconf 88' lang='lat' dir='ltr'>solutum</span> <span class='ocrx_word' id='word_1_248' title='bbox 980 2922 1107 2989; x_wconf 82' lang='lat' dir='ltr'>est;</span> <span class='ocrx_word' id='word_1_249' title='bbox 1158 2911 1318 2976; x_wconf 89' lang='lat' dir='ltr'>mihi</span> <span class='ocrx_word' id='word_1_250' title='bbox 1364 2910 1449 2976; x_wconf 87' lang='lat' dir='ltr'>ad</span> <span class='ocrx_word' id='word_1_251' title='bbox 1491 2909 1590 2988; x_wconf 91' lang='lat' dir='ltr'>id,</span> <span class='ocrx_word' id='word_1_252' title='bbox 1646 2910 1821 2995; x_wconf 89' lang='lat' dir='ltr'>quod</span> <span class='ocrx_word' id='word_1_253' title='bbox 1856 2912 2095 3023; x_wconf 84' lang='lat' dir='ltr'>cogito,</span> <span class='ocrx_word' id='word_1_254' title='bbox 2148 2913 2291 2992; x_wconf 90' lang='lat' dir='ltr'>hoc,</span> 
     </span>
     <span class='ocr_line' id='line_1_30' title="bbox 231 3004 2294 3096; baseline 0 -23"><span class='ocrx_word' id='word_1_255' title='bbox 231 3007 406 3094; x_wconf 90' lang='lat' dir='ltr'>quod</span> <span class='ocrx_word' id='word_1_256' title='bbox 440 3007 671 3084; x_wconf 84' lang='lat' dir='ltr'>habeo,</span> <span class='ocrx_word' id='word_1_257' title='bbox 707 3006 861 3072; x_wconf 84' lang='lat' dir='ltr'>satis</span> <span class='ocrx_word' id='word_1_258' title='bbox 896 3017 1023 3084; x_wconf 86' lang='lat' dir='ltr'>est;</span> <span class='ocrx_word' id='word_1_259' title='bbox 1070 3007 1204 3072; x_wconf 85' lang='lat' dir='ltr'>sive</span> <span class='ocrx_word' id='word_1_260' title='bbox 1240 3004 1414 3072; x_wconf 90' lang='lat' dir='ltr'>enim</span> <span class='ocrx_word' id='word_1_261' title='bbox 1447 3005 1860 3083; x_wconf 89' lang='lat' dir='ltr'>restituimur,</span> <span class='ocrx_word' id='word_1_262' title='bbox 1895 3007 2032 3074; x_wconf 85' lang='lat' dir='ltr'>sive</span> <span class='ocrx_word' id='word_1_263' title='bbox 2069 3007 2294 3096; x_wconf 82' lang='lat' dir='ltr'>despe-</span> 
     </span>
     <span class='ocr_line' id='line_1_31' title="bbox 232 3098 2296 3187; baseline -0.001 -17"><span class='ocrx_word' id='word_1_264' title='bbox 232 3125 471 3184; x_wconf 84' lang='lat' dir='ltr'>ramus,</span> <span class='ocrx_word' id='word_1_265' title='bbox 506 3101 667 3167; x_wconf 89' lang='lat' dir='ltr'>nihil</span> <span class='ocrx_word' id='word_1_266' title='bbox 701 3100 975 3187; x_wconf 87' lang='lat' dir='ltr'>amplius</span> <span class='ocrx_word' id='word_1_267' title='bbox 1011 3122 1171 3187; x_wconf 88' lang='lat' dir='ltr'>opus</span> <span class='ocrx_word' id='word_1_268' title='bbox 1206 3111 1322 3168; x_wconf 85' lang='lat' dir='ltr'>est.</span> <span class='ocrx_word' id='word_1_269' title='bbox 1395 3111 1486 3177; x_wconf 89' lang='lat' dir='ltr'>tu,</span> <span class='ocrx_word' id='word_1_270' title='bbox 1523 3099 1577 3165; x_wconf 90' lang='lat' dir='ltr'>si</span> <span class='ocrx_word' id='word_1_271' title='bbox 1612 3098 1778 3164; x_wconf 86' lang='lat' dir='ltr'>forte</span> <span class='ocrx_word' id='word_1_272' title='bbox 1812 3099 1969 3183; x_wconf 87' lang='lat' dir='ltr'>quid</span> <span class='ocrx_word' id='word_1_273' title='bbox 2004 3101 2124 3166; x_wconf 90' lang='lat' dir='ltr'>erit</span> <span class='ocrx_word' id='word_1_274' title='bbox 2157 3123 2296 3167; x_wconf 92' lang='lat' dir='ltr'>mo-</span> 
     </span>
     <span class='ocr_line' id='line_1_32' title="bbox 230 3191 2291 3275; baseline -0.001 -11"><span class='ocrx_word' id='word_1_275' title='bbox 230 3196 453 3264; x_wconf 85' lang='lat' dir='ltr'>lestiae</span> <span class='ocrx_word' id='word_1_276' title='bbox 464 3244 483 3275; x_wconf 93' lang='lat'>,</span> <span class='ocrx_word' id='word_1_277' title='bbox 536 3207 601 3262; x_wconf 90' lang='lat' dir='ltr'>te</span> <span class='ocrx_word' id='word_1_278' title='bbox 637 3196 721 3260; x_wconf 84' lang='lat' dir='ltr'>ad</span> <span class='ocrx_word' id='word_1_279' title='bbox 758 3193 1068 3262; x_wconf 86' lang='lat' dir='ltr'>Crassum</span> <span class='ocrx_word' id='word_1_280' title='bbox 1102 3205 1167 3261; x_wconf 90' lang='lat' dir='ltr'>et</span> <span class='ocrx_word' id='word_1_281' title='bbox 1210 3194 1297 3260; x_wconf 87' lang='lat' dir='ltr'>ad</span> <span class='ocrx_word' id='word_1_282' title='bbox 1332 3191 1660 3260; x_wconf 85' lang='lat' dir='ltr'>Calidium</span> <span class='ocrx_word' id='word_1_283' title='bbox 1704 3193 1995 3260; x_wconf 79' lang='lat' dir='ltr'>conferas</span> <span class='ocrx_word' id='word_1_284' title='bbox 2032 3216 2291 3262; x_wconf 83' lang='lat' dir='ltr'>censeo:</span> 
     </span>
     <span class='ocr_line' id='line_1_33' title="bbox 232 3286 2296 3376; baseline -0 -21"><span class='ocrx_word' id='word_1_285' title='bbox 232 3301 547 3376; x_wconf 87' lang='lat' dir='ltr'>quantum</span> <span class='ocrx_word' id='word_1_286' title='bbox 590 3289 937 3355; x_wconf 86' lang='lat' dir='ltr'>Hortensio</span> <span class='ocrx_word' id='word_1_287' title='bbox 984 3288 1376 3357; x_wconf 87' lang='lat' dir='ltr'>credendum</span> <span class='ocrx_word' id='word_1_288' title='bbox 1420 3288 1532 3366; x_wconf 90' lang='lat' dir='ltr'>sit,</span> <span class='ocrx_word' id='word_1_289' title='bbox 1577 3286 1814 3354; x_wconf 89' lang='lat' dir='ltr'>nescio.</span> <span class='ocrx_word' id='word_1_290' title='bbox 1905 3309 2010 3354; x_wconf 88' lang='lat' dir='ltr'>me</span> <span class='ocrx_word' id='word_1_291' title='bbox 2045 3310 2296 3354; x_wconf 86' lang='lat' dir='ltr'>summa</span> 
     </span>
     <span class='ocr_line' id='line_1_34' title="bbox 228 3382 2296 3468; baseline -0 -17"><span class='ocrx_word' id='word_1_292' title='bbox 228 3385 635 3452; x_wconf 86' lang='lat' dir='ltr'>simulatione</span> <span class='ocrx_word' id='word_1_293' title='bbox 670 3384 905 3450; x_wconf 87' lang='lat' dir='ltr'>amoris</span> <span class='ocrx_word' id='word_1_294' title='bbox 952 3406 1333 3468; x_wconf 85' lang='lat' dir='ltr'>summaque</span> <span class='ocrx_word' id='word_1_295' title='bbox 1368 3383 1754 3450; x_wconf 87' lang='lat' dir='ltr'>adsiduitate</span> <span class='ocrx_word' id='word_1_296' title='bbox 1801 3382 2125 3450; x_wconf 83' lang='lat' dir='ltr'>cotidiana</span> <span class='ocrx_word' id='word_1_297' title='bbox 2158 3407 2296 3450; x_wconf 87' lang='lat' dir='ltr'>sce-</span> 
     </span>
     <span class='ocr_line' id='line_1_35' title="bbox 228 3478 2296 3566; baseline -0.001 -18"><span class='ocrx_word' id='word_1_298' title='bbox 228 3481 607 3548; x_wconf 87' lang='lat' dir='ltr'>leratissime</span> <span class='ocrx_word' id='word_1_299' title='bbox 641 3481 1252 3566; x_wconf 87' lang='lat' dir='ltr'>insidiosissimeque</span> <span class='ocrx_word' id='word_1_300' title='bbox 1286 3481 1604 3558; x_wconf 82' lang='lat' dir='ltr'>tractavit,</span> <span class='ocrx_word' id='word_1_301' title='bbox 1641 3479 1941 3546; x_wconf 88' lang='lat' dir='ltr'>adiuncto</span> <span class='ocrx_word' id='word_1_302' title='bbox 1961 3478 2050 3562; x_wconf 82' lang='lat' dir='ltr'>Q.</span> <span class='ocrx_word' id='word_1_303' title='bbox 2071 3480 2264 3546; x_wconf 87' lang='lat' dir='ltr'>Arrio</span> <span class='ocrx_word' id='word_1_304' title='bbox 2276 3506 2296 3558; x_wconf 89' lang='lat'>;</span> 
     </span>
     <span class='ocr_line' id='line_1_36' title="bbox 226 3574 2295 3662; baseline -0.001 -21"><span class='ocrx_word' id='word_1_305' title='bbox 226 3597 508 3662; x_wconf 89' lang='lat' dir='ltr'>quorum</span> <span class='ocrx_word' id='word_1_306' title='bbox 544 3597 666 3662; x_wconf 86' lang='lat' dir='ltr'>ego</span> <span class='ocrx_word' id='word_1_307' title='bbox 704 3575 1013 3654; x_wconf 85' lang='lat' dir='ltr'>consiliis,</span> <span class='ocrx_word' id='word_1_308' title='bbox 1050 3574 1409 3662; x_wconf 85' lang='lat' dir='ltr'>promissis,</span> <span class='ocrx_word' id='word_1_309' title='bbox 1455 3574 1816 3662; x_wconf 86' lang='lat' dir='ltr'>praeceptis</span> <span class='ocrx_word' id='word_1_310' title='bbox 1853 3574 2194 3640; x_wconf 88' lang='lat' dir='ltr'>destitutus</span> <span class='ocrx_word' id='word_1_311' title='bbox 2228 3575 2295 3639; x_wconf 91' lang='lat' dir='ltr'>in</span> 
     </span>
     <span class='ocr_line' id='line_1_37' title="bbox 230 3667 2296 3752; baseline -0 -17"><span class='ocrx_word' id='word_1_312' title='bbox 230 3670 398 3736; x_wconf 89' lang='lat' dir='ltr'>hanc</span> <span class='ocrx_word' id='word_1_313' title='bbox 444 3669 874 3737; x_wconf 86' lang='lat' dir='ltr'>calamitatem</span> <span class='ocrx_word' id='word_1_314' title='bbox 916 3669 1133 3736; x_wconf 87' lang='lat' dir='ltr'>incidi.</span> <span class='ocrx_word' id='word_1_315' title='bbox 1222 3669 1340 3736; x_wconf 87' lang='lat' dir='ltr'>sed</span> <span class='ocrx_word' id='word_1_316' title='bbox 1385 3669 1546 3736; x_wconf 90' lang='lat' dir='ltr'>haec</span> <span class='ocrx_word' id='word_1_317' title='bbox 1581 3668 1967 3746; x_wconf 88' lang='lat' dir='ltr'>occultabis,</span> <span class='ocrx_word' id='word_1_318' title='bbox 2013 3691 2096 3734; x_wconf 88' lang='lat' dir='ltr'>ne</span> <span class='ocrx_word' id='word_1_319' title='bbox 2139 3667 2296 3752; x_wconf 89' lang='lat' dir='ltr'>quid</span> 
     </span>
     <span class='ocr_line' id='line_1_38' title="bbox 226 3761 2296 3850; baseline -0.001 -22"><span class='ocrx_word' id='word_1_320' title='bbox 226 3763 473 3829; x_wconf 87' lang='lat' dir='ltr'>obsint·</span> <span class='ocrx_word' id='word_1_321' title='bbox 510 3764 670 3828; x_wconf 87' lang='lat' dir='ltr'>illud</span> <span class='ocrx_word' id='word_1_322' title='bbox 704 3774 929 3830; x_wconf 84' lang='lat' dir='ltr'>caveto</span> <span class='ocrx_word' id='word_1_323' title='bbox 946 3799 1034 3812; x_wconf 88' lang='lat'><strong>·-—·</strong></span> <span class='ocrx_word' id='word_1_324' title='bbox 1052 3773 1116 3829; x_wconf 88' lang='lat' dir='ltr'>et</span> <span class='ocrx_word' id='word_1_325' title='bbox 1149 3785 1227 3830; x_wconf 91' lang='lat' dir='ltr'>eo</span> <span class='ocrx_word' id='word_1_326' title='bbox 1261 3774 1422 3850; x_wconf 89' lang='lat' dir='ltr'>puto</span> <span class='ocrx_word' id='word_1_327' title='bbox 1455 3783 1574 3850; x_wconf 88' lang='lat' dir='ltr'>per</span> <span class='ocrx_word' id='word_1_328' title='bbox 1601 3763 2034 3849; x_wconf 86' lang='lat' dir='ltr'>Pomponium</span> <span class='ocrx_word' id='word_1_329' title='bbox 2071 3761 2296 3828; x_wconf 84' lang='lat' dir='ltr'>foven-</span> 
     </span>
     <span class='ocr_line' id='line_1_39' title="bbox 226 3857 2298 3946; baseline 0 -24"><span class='ocrx_word' id='word_1_330' title='bbox 226 3857 387 3923; x_wconf 89' lang='lat' dir='ltr'>dum</span> <span class='ocrx_word' id='word_1_331' title='bbox 422 3858 541 3924; x_wconf 87' lang='lat' dir='ltr'>tihi</span> <span class='ocrx_word' id='word_1_332' title='bbox 574 3881 715 3926; x_wconf 90' lang='lat' dir='ltr'>esse</span> <span class='ocrx_word' id='word_1_333' title='bbox 748 3860 963 3946; x_wconf 88' lang='lat' dir='ltr'>ipsum</span> <span class='ocrx_word' id='word_1_334' title='bbox 996 3859 1418 3926; x_wconf 84' lang='lat' dir='ltr'>Hortensium</span> <span class='ocrx_word' id='word_1_335' title='bbox 1451 3895 1568 3937; x_wconf 94' lang='lat'>—,</span> <span class='ocrx_word' id='word_1_336' title='bbox 1612 3881 1696 3925; x_wconf 89' lang='lat' dir='ltr'>ne</span> <span class='ocrx_word' id='word_1_337' title='bbox 1740 3858 1848 3925; x_wconf 89' lang='lat' dir='ltr'>ille</span> <span class='ocrx_word' id='word_1_338' title='bbox 1884 3879 2138 3936; x_wconf 83' lang='lat' dir='ltr'>versus,</span> <span class='ocrx_word' id='word_1_339' title='bbox 2183 3857 2298 3942; x_wconf 92' lang='lat' dir='ltr'>qui</span> 
     </span>
     <span class='ocr_line' id='line_1_40' title="bbox 226 3951 2297 4065; baseline 0 -49"><span class='ocrx_word' id='word_1_340' title='bbox 226 3951 298 4017; x_wconf 91' lang='lat' dir='ltr'>in</span> <span class='ocrx_word' id='word_1_341' title='bbox 332 3963 397 4018; x_wconf 90' lang='lat' dir='ltr'>te</span> <span class='ocrx_word' id='word_1_342' title='bbox 432 3963 569 4020; x_wconf 87' lang='lat' dir='ltr'>erat</span> <span class='ocrx_word' id='word_1_343' title='bbox 602 3953 912 4031; x_wconf 85' lang='lat' dir='ltr'>conlatus,</span> <span class='ocrx_word' id='word_1_344' title='bbox 948 3976 1097 4019; x_wconf 86' lang='lat' dir='ltr'>cum</span> <span class='ocrx_word' id='word_1_345' title='bbox 1126 3954 1516 4021; x_wconf 89' lang='lat' dir='ltr'>aedilitatem</span> <span class='ocrx_word' id='word_1_346' title='bbox 1548 3953 1834 4041; x_wconf 85' lang='lat' dir='ltr'>petebas,</span> <span class='ocrx_word' id='word_1_347' title='bbox 1874 3951 1954 4019; x_wconf 89' lang='lat' dir='ltr'>de</span> <span class='ocrx_word' id='word_1_348' title='bbox 1983 3952 2145 4065; x_wconf 50' lang='lat' dir='ltr'>lege·</span> <span class='ocrx_word' id='word_1_349' title='bbox 2155 3951 2297 4017; x_wconf 87' lang='lat' dir='ltr'>Au-</span> 
     </span>
     <span class='ocr_line' id='line_1_41' title="bbox 226 4045 2294 4129; baseline 0 -17"><span class='ocrx_word' id='word_1_350' title='bbox 226 4046 417 4125; x_wconf 86' lang='lat' dir='ltr'>relia,</span> <span class='ocrx_word' id='word_1_351' title='bbox 452 4045 617 4112; x_wconf 87' lang='lat' dir='ltr'>falso</span> <span class='ocrx_word' id='word_1_352' title='bbox 653 4048 1013 4115; x_wconf 86' lang='lat' dir='ltr'>testimonio</span> <span class='ocrx_word' id='word_1_353' title='bbox 1050 4050 1492 4129; x_wconf 83' lang='lat' dir='ltr'>confirmetur3</span> <span class='ocrx_word' id='word_1_354' title='bbox 1529 4049 1688 4115; x_wconf 90' lang='lat' dir='ltr'>nihil</span> <span class='ocrx_word' id='word_1_355' title='bbox 1723 4049 1894 4117; x_wconf 89' lang='lat' dir='ltr'>enim</span> <span class='ocrx_word' id='word_1_356' title='bbox 1928 4060 2061 4115; x_wconf 92' lang='lat' dir='ltr'>tam</span> <span class='ocrx_word' id='word_1_357' title='bbox 2099 4047 2294 4116; x_wconf 89' lang='lat' dir='ltr'>timeo</span> 
     </span>
    </p>
   </div>
  </div>
 </body>
</html>
