2675 4559
508 295 634 365 196
1113 300 1190 354 M.
1228 295 1505 354 TULLII
1540 289 1940 350 CICERONIS

501 427 819 519 ᾍθήναςῗ
867 425 1027 493 nihil
1071 421 1344 498 scilicet,
1397 417 1522 484 nisi
1574 427 1647 482 ut
1696 413 2084 482 rescriberes
2139 411 2404 498 aliquid,
2447 433 2530 476 me

507 534 937 614 exspectares:
975 520 1067 586 sic
1101 518 1297 603 igitur
1330 514 1549 580 facies.

1482 749 1583 806 IV.

897 858 1016 917 Scr.
1035 857 1096 912 in
1115 855 1440 911 Tusculano
1457 867 1649 908 mense
1667 851 1831 905 Iunio
1851 867 1902 905 a.
1920 864 1977 902 u.
1999 863 2052 902 c.
2073 847 2196 902 708.

1145 1020 1152 1026 ,
1196 954 1473 1014 CICERO
1508 951 1877 1011 VARRONI.

640 1089 806 1176 Περὶ
842 1087 1134 1153 δυνατῶν
1166 1104 1272 1148 me
1309 1074 1482 1146 scito‘
1501 1074 1670 1144 κατὰ
1708 1075 2052 1162 Διόδωρον
2087 1077 2343 1161 κρίνειν.
2408 1090 2535 1153 qua-

511 1195 802 1272 propter,
839 1182 895 1246 si
928 1188 1235 1245 venturus
1272 1197 1370 1251 es,
1408 1173 1568 1238 scito
1602 1192 1864 1237 necesse
1901 1175 2044 1235 ess'e
2080 1179 2148 1234 te
2184 1165 2393 1232 venire
2403 1187 2420 1240 3
2458 1161 2534 1226 sin

512 1291 726 1344 autem
759 1296 891 1340 non
926 1295 1029 1350 es,
1070 1275 1203 1337 τῶν
1247 1263 1586 1333 ἀδυνάτων
1622 1276 1720 1331 est
1764 1274 1828 1329 te
1861 1263 2106 1330 venire.
2194 1280 2361 1326 nunc
2398 1255 2532 1330 vide,

511 1384 656 1436 utra
700 1381 764 1434 te
798 1372 1014 1452 κρίσις
1057 1365 1265 1450 magis
1301 1362 1602 1438 delectet,
1642 1357 1991 1445 Chrysippi
2038 1382 2125 1423 an
2158 1357 2344 1431 haec,
2376 1372 2533 1437 quam

510 1475 726 1531 noster
775 1460 1099 1525 Diodotus
1152 1479 1283 1523 non
1336 1454 1797 1539 concoquebat.
1904 1453 2022 1519 sed
2085 1451 2168 1518 de
2230 1449 2326 1514 his
2376 1446 2531 1512 etiam

511 1559 736 1636 rebus,
791 1555 979 1622 otiosi
1028 1576 1178 1620 cum
1229 1552 1498 1628 erimus,
1551 1551 1917 1634 loquemur3
1982 1548 2112 1612 hoc
2166 1546 2355 1612 etiam
2400 1533 2533 1604 κατὰ
2605 1610 2608 1611 ⁷

514 1651 916 1740 Χρύσιππον
945 1644 1219 1715 δυνατὸν
1255 1658 1372 1712 est.
1429 1645 1510 1710 de
1529 1642 1755 1710 Coctio
1783 1643 1939 1708 mihi
1974 1653 2241 1729 gratum
2267 1648 2383 1714 est3
2414 1653 2531 1698 nam
2607 1689 2609 1693 .

512 1748 584 1813 id
618 1747 813 1813 etiam
847 1744 1071 1811 Attico
1105 1737 1501 1807 mandaram.
1572 1750 1645 1804 tu
1680 1739 1734 1804 si
1766 1739 1980 1803 minus
2021 1737 2110 1802 ad
2143 1757 2260 1800 nos
2273 1781 2291 1811 ,
2325 1753 2425 1797 noe
2454 1747 2532 1792 ao-

517 1863 846 1908 curremus
891 1837 974 1903 ad
1017 1849 1111 1903 te:
1166 1837 1222 1902 si
1255 1835 1511 1901 hortum
1555 1834 1624 1898 in
1657 1831 2051 1898 bibliotheca
2095 1830 2321 1906 habes»,
2372 1819 2530 1889 deerit

515 1935 695 2001 mhfl.

1514 2162 1587 2219 V.

1001 2265 1120 2322 Sor.
1137 2266 1354 2321 Romae
1373 2281 1565 2321 mense
1583 2265 1747 2320 Iunio
1767 2282 1818 2320 a.
1840 2282 1894 2319 u.
1916 2281 1965 2319 c.
1986 2265 2110 2321 708.

1213 2366 1491 2423 CICERO
1525 2366 1894 2424 VARRONI.

459 2511 484 2550 1
645 2491 816 2560 Mihi
851 2513 1003 2558 vero
1039 2492 1125 2557 ad
1157 2491 1382 2584 Nonas
1417 2492 1581 2558 bene
1616 2504 1939 2558 maturum
1975 2491 2233 2558 videtur
2264 2487 2415 2561 fore,
2444 2501 2527 2544 ne-
2604 2508 2606 2513 ⁴

518 2610 645 2675 que
679 2587 888 2653 solum
922 2597 1182 2673 propter
1223 2586 1319 2652 rei
1364 2586 1690 2673 publicae,
1738 2586 1851 2651 sed
1898 2585 2095 2651 etiam
2137 2592 2385 2670 propter
2412 2569 2527 2640 anni
2604 2606 2609 2647 ᾗ

516 2693 798 2768 tempus:
843 2702 974 2765 qua.
1006 2703 1077 2746 re
1119 2678 1317 2751 istum
1362 2680 1533 2749 diem
1576 2679 1779 2766 probo
1791 2704 1809 2757 ;
1855 2679 2078 2764 itaque
2123 2677 2386 2745 eundem
2421 2670 2526 2754 ipse

457 2793 482 2831 2
517 2799 766 2866 sequar.
856 2775 1104 2841 consilii
1137 2775 1370 2852 nostri,
1406 2798 1489 2840 ne
1525 2775 1579 2838 si
1624 2796 1733 2840 eos
1770 2772 2063 2857 quidem,
2121 2773 2230 2858 qui
2274 2756 2527 2852 idqsecuti

515 2893 645 2936 non
687 2881 865 2946 sunt,
916 2892 1047 2936 non
1080 2871 1465 2955 paeniteret,
1518 2869 1705 2934 nobis
1749 2869 2211 2954 paenitendum
2251 2873 2525 2951 putarem

519 2962 722 3029 secuti
757 2963 928 3028 enim
973 2984 1194 3028 sumus
1237 2983 1369 3027 non
1416 2985 1624 3049 spem,
1680 2962 1794 3028 sed
1838 2961 2124 3027 officium
2136 2987 2155 3039 3
2206 2952 2525 3038 reliquimus

519 3066 732 3122 autem
785 3077 916 3122 non
968 3056 1283 3136 officium,
1354 3057 1470 3122 sed
1514 3055 2051 3143 desperationem:
2121 3055 2213 3121 ita
2270 3061 2525 3116 verecun-

517 3151 726 3217 diores
788 3151 1028 3217 fuimus
1081 3174 1277 3237 quam
1335 3153 1449 3238 qui
1511 3174 1581 3217 se
1642 3153 1835 3217 domo
1885 3173 2015 3217 non
2078 3144 2524 3217 commoverunt,

517 3245 800 3313 saniores
828 3267 1022 3331 quam
1050 3247 1163 3330 qui
1188 3246 1437 3336 amissis
1456 3246 1688 3333 opibus
1717 3247 1981 3312 domum
2005 3268 2137 3313 non
2161 3235 2522 3309 reverterunt·

519 3341 633 3407 sed
665 3339 826 3406 nihil
859 3340 1069 3406 minus
1098 3341 1235 3406 fero
1263 3363 1459 3425 quam
1489 3340 1894 3408 severitatem
1924 3340 2271 3406 otiosorum
2295 3343 2371 3408 et,
2403 3339 2525 3407 ‘1¹¹⁰‘
2603 3392 2608 3406 .

517 3454 646 3518 quo
681 3435 873 3500 modo
917 3458 991 3501 se
1022 3457 1124 3527 res
1159 3433 1414 3512 habets
1429 3434 1638 3521 magis
1681 3435 1828 3501 illos
1862 3457 2116 3512 vereor,
2160 3429 2269 3517 qui
2299 3424 2362 3491 in
2394 3411 2523 3483 bell⁰

517 3528 914 3605 occiderunt,
968 3550 1163 3612 quam
1215 3527 1331 3594 hos
1386 3550 1539 3596 curo
1552 3574 1571 3606 ,
1625 3530 1860 3614 quibus
1903 3552 2033 3595 non
2076 3527 2228 3594 satis
2280 3516 2522 3586 facimus,
2604 3555 2607 3561 -

457 3635 482 3676 3
514 3622 670 3706 quia
717 3623 1012 3689 vivimus.
1118 3622 1277 3688 mihi
1327 3623 1384 3688 si
1433 3623 1715 3709 spatium
1766 3622 1966 3691 fuerit
2016 3625 2083 3689 in
2134 3611 2520 3687 Tusculanum

517 3728 666 3783 ante
709 3716 932 3783 Nonas
985 3716 1312 3794 veniendi,
1365 3718 1512 3784 istic
1556 3729 1621 3785 te
1655 3719 1921 3797 videb03
1975 3719 2032 3785 si
2072 3717 2303 3787 mimus,
2348 3712 2522 3799 Pers?

516 3830 678 3893 quar
709 3809 780 3877 in
799 3809 1167 3878 Cumanum
1194 3821 1259 3878 et
1293 3823 1442 3880 ante
1478 3822 1543 3880 te
1571 3812 1905 3880 certiorem
1939 3810 2191 3889 faciam,
2224 3814 2293 3872 ut
2322 3797 2515 3865 laveno

514 3915 739 3988 parata
775 3905 875 3970 sit.
