2675 4559
490 219 579 288 28
1101 233 1178 287 Μ.
1214 232 1485 291 TULLII
1518 232 1915 291 CICERONIS

497 359 676 423 alisser
711 367 900 439 atque
934 355 1336 421 ostenderam
1368 356 1553 434 facio,
1591 358 1703 441 qui
1733 358 2055 445 ingrediar
2088 358 2169 423 ad
2189 358 2531 442 ,explican-

497 451 646 515 dam
677 448 986 514 rationem
1020 450 1366 514 sententiae
1401 472 1610 528 meae3
1647 473 1775 534 qua
1806 475 1875 517 re
1912 474 2163 517 omnem
2196 452 2363 517 hanc
2397 452 2530 517 dis-

497 543 885 627 putationem
927 544 995 607 in
1037 544 1384 608 adventum
1425 554 1612 608 tuum
1643 544 1886 611 differo·
1974 563 2224 610 summa
2258 547 2414 611 scito
2461 546 2534 611 in

497 636 962 721 exspectatione
989 646 1051 702 be
1080 658 1219 703 esse
1247 657 1450 721 eaque
1476 661 1516 703 a
1541 648 1604 703 te
1630 639 2001 725 exspectari,
2021 660 2190 723 quae
2214 663 2255 704 a
2279 662 2532 704 summa

493 731 725 795 virtute
761 751 1136 815 summoque
1180 731 1435 817 ingenio
1472 734 1899 817 exspectanda
1932 744 2081 798 sunt
2088 758 2108 812 3
2154 735 2238 798 ad
2271 754 2439 817 quae
2475 732 2531 797 si

493 847 581 899 ee,
616 834 688 888 ut
724 824 945 902 debes,
981 836 1238 910 paratus
1272 860 1360 873 -·
1392 826 1566 909 quod
1598 827 1687 890 ita
1722 849 1859 892 esse
1897 826 2146 892 confido
2178 863 2293 904 —,
2329 828 2532 913 pluri-

481 919 611 981 ·mis
654 918 1072 1001 maximisque
1116 919 1488 990 muneribus,
1532 930 1597 985 et
1640 942 1757 985 nos
1792 922 2027 986 amicos
2072 933 2137 986 et
2180 922 2336 987 civis
2382 933 2529 986 tuos

489 1011 816 1076 universos
853 1022 917 1076 et
949 1035 1086 1077 rem
1118 1012 1441 1097 publicam
1477 1012 1750 1078 adficies.
1804 1014 1963 1078 illud
1999 1036 2344 1099 cognosces
2379 1035 2530 1100 pro-

489 1103 685 1181 fecto,
738 1104 896 1170 mihi
938 1115 1000 1170 te
1043 1128 1251 1190 neque
1299 1106 1606 1173 cariorem
1648 1129 1855 1191 neque
1898 1108 2337 1174 iucundiorem
2384 1130 2528 1173 esse

489 1219 893 1282 quemquam.

1450 1434 1551 1490 IV.

1149 1532 1266 1589 Scr.
1286 1501 1499 1591 Romae
1520 1553 1569 1590 a.
1588 1553 1642 1589 u.
1664 1554 1711 1591 c.
1732 1538 1847 1591 701.
2039 1607 2045 1615 .

975 1634 1050 1689 Μ.
1088 1636 1362 1693 CICERO
1400 1636 1455 1693 S.
1491 1638 1563 1692 D.
1602 1638 1664 1693 O.
1701 1637 2032 1695 OURIONI.

429 1775 450 1812 1
611 1757 1039 1843 Epistolarum
1069 1781 1307 1843 genera
1329 1760 1532 1823 multa
1549 1782 1687 1825 esse
1714 1781 1842 1825 non
1867 1762 2145 1847 ignoras,
2178 1762 2295 1828 sed
2321 1784 2528 1830 unum

485 1851 642 1915 illud
687 1852 1130 1927 certissimum,
1187 1853 1368 1916 cuius
1414 1873 1607 1916 causa
1648 1853 1908 1920 inventa
1948 1876 2051 1920 res
2095 1856 2237 1939 ipsa
2270 1867 2397 1934 est,
2453 1868 2529 1921 ut

485 1944 777 2007 certiores
813 1943 1166 2007 faceremus
1195 1943 1493 2019 absentis,
1532 1945 1586 2008 si
1612 1945 1768 2028 quid
1796 1959 1981 2024 esset,
2018 1948 2191 2031 quod
2219 1969 2329 2014 eos
2360 1950 2528 2015 scire

485 2047 597 2099 aut
619 2046 835 2100 nostra
853 2046 964 2098 aut
987 2036 1269 2119 ipsorum
1285 2038 1645 2103 interesset:
1681 2048 1755 2103 tu
1782 2039 1971 2104 huius
1998 2043 2251 2126 generis
2280 2044 2527 2109 litteras

485 2151 521 2191 a
557 2150 656 2191 ine
691 2126 977 2212 profecto
1010 2125 1139 2192 non
1165 2141 1525 2214 exspectas=
1562 2141 1815 2197 tuarum
1850 2134 2019 2198 enim
2053 2156 2268 2200 rerum
2305 2138 2528 2203 dome-

481 2223 668 2283 sticos
702 2219 900 2285 habes
927 2230 992 2285 et
1018 2222 1351 2306 scriptores
1380 2234 1445 2288 et
1477 2225 1731 2289 nuntios
1740 2250 1760 2303 3
1793 2226 1862 2290 in
1897 2228 2057 2292 meis
2084 2240 2301 2295 autem
2325 2231 2527 2296 rebus

477 2311 632 2381 nihil
668 2323 764 2377 est
799 2334 951 2378 sane
985 2314 1154 2379 novi.
1207 2315 1453 2399 reliqua
1487 2329 1634 2383 sunt
1662 2320 2071 2404 epistolarum
2103 2345 2345 2408 genera
2370 2326 2529 2402 duo,

481 2427 642 2487 quae
676 2428 779 2471 me
813 2428 1048 2492 magno
1075 2430 1266 2493 opere
1295 2410 1630 2488 delectant,
1665 2435 1867 2477 unum
1901 2414 2214 2483 familiare
2250 2428 2314 2482 et
2347 2404 2527 2483 ioco-

477 2522 647 2576 sum,
696 2499 966 2565 alterum
1001 2524 1292 2571 severum
1328 2515 1394 2569 et
1425 2527 1641 2592 grave.
1729 2519 1873 2573 utro
1908 2532 2013 2574 me
2046 2510 2258 2577 minus
2296 2512 2526 2579 deceat

477 2591 593 2667 nti3
646 2614 776 2656 non
824 2594 1146 2681 intellego.
1248 2598 1503 2665 iocerne
1553 2611 1765 2665 tecum
1816 2624 1931 2687 per
1979 2602 2260 2669 litteras?
2311 2608 2524 2673 civem

473 2686 832 2752 mehercule
864 2709 994 2753 non
1027 2700 1183 2774 puto
1219 2714 1388 2769 esse,
1424 2693 1536 2775 qui
1570 2695 1959 2778 temporibus
1993 2696 2092 2761 his
2126 2698 2335 2765 ridere
2369 2722 2525 2786 pos-

473 2779 573 2843 sit*
660 2802 743 2843 an
795 2783 1052 2865 gravius
1099 2784 1340 2867 aliquid
1386 2785 1696 2850 scribam?
1748 2789 1904 2871 quid
1947 2802 2045 2855 est
2087 2792 2261 2875 quod
2314 2796 2523 2879 possit

473 2872 748 2955 graviter
789 2896 829 2937 a
873 2871 1180 2941 Cicerone
1225 2877 1416 2941 scribi
1460 2879 1544 2941 ad
1590 2875 1937 2948 Curionem
1978 2884 2103 2949 nisi
2147 2884 2227 2951 de
2272 2910 2343 2953 re
2395 2904 2521 2973 pu*

469 2964 672 3027 bliea?
706 2965 883 3048 atqui
915 2966 984 3030 in
1016 2967 1137 3033 hoc
1171 2992 1405 3053 genere
1440 2970 1599 3037 haec
1633 2996 1779 3039 mea
1814 2997 2007 3041 causa
2043 2989 2159 3056 est,
2194 2991 2269 3044 ut
2301 3002 2518 3065 neque

469 3079 565 3131 ea,
603 3080 754 3142 quae
787 3062 993 3135 sentio,
1031 3084 1216 3145 neque
1251 3086 1339 3139 ea,
1379 3084 1545 3147 quae
1579 3088 1707 3149 non
1734 3069 1955 3147 senti0,
1991 3072 2186 3137 velim
2212 3076 2516 3141 scribere.

409 3167 433 3203 a
469 3171 660 3231 quam
694 3151 778 3215 ob
813 3174 968 3229 rem,
1004 3154 1304 3237 quoniam
1338 3158 1495 3221 mihi
1529 3160 1775 3223 nullum
1812 3163 2133 3229 scribendi
2167 3190 2519 3253 argumen-

469 3255 603 3307 tum
636 3243 927 3311 relictum
961 3258 1084 3322 est,
1128 3259 1272 3313 utar
1307 3272 1385 3315 ea
1418 3252 1730 3330 clausula,
1776 3275 1906 3336 qua
1940 3258 2143 3335 soleo,
2198 3271 2394 3345 teque
2434 3264 2519 3329 ad

465 3334 745 3399 studium
777 3358 1062 3404 summae
1095 3340 1302 3405 laudis
1339 3343 1717 3409 cohortabor
1725 3369 1745 3422 3
1792 3358 1891 3412 est
1923 3350 2096 3415 enim
2130 3352 2249 3417 tibi
2291 3358 2517 3440 gravis

465 3427 824 3492 adversaria
857 3432 1198 3497 constituta
1230 3445 1295 3498 et
1327 3447 1577 3518 parata,
1620 3437 2006 3507 incredibilis
2043 3446 2365 3529 quaedam
2403 3473 2518 3515 ex-

465 3520 770 3603 spectatio
780 3566 800 3597 ,
853 3543 1046 3605 quam
1093 3535 1164 3588 tu
1207 3547 1337 3590 una
1372 3549 1441 3592 re
1485 3528 1785 3597 facillime
1819 3535 2066 3615 vinces,
2121 3540 2177 3604 si
2219 3540 2347 3607 hoc
2383 3556 2518 3609 sta-

465 3610 676 3685 tueris,
713 3631 984 3694 quarum
1016 3617 1279 3683 laudum
1310 3619 1581 3705 gloriam
1616 3624 1953 3707 adamaris,
1990 3632 2226 3716 quibus
2262 3637 2515 3703 artibus

461 3727 573 3767 eae
606 3703 828 3769 laudes
857 3722 1318 3793 comparantur,
1344 3713 1411 3777 in
1438 3714 1513 3779 iis
1546 3737 1683 3783 esse
1711 3720 2187 3792 elaborandum.
2243 3729 2314 3793 in
2341 3730 2515 3796 hanc

461 3797 833 3863 sententiam
868 3801 1209 3868 scriberem
1240 3805 1454 3890 plura,
1490 3809 1610 3874 nisi
1645 3822 1709 3877 te
1744 3824 1859 3880 tua
1892 3831 2120 3902 sponte
2156 3824 2311 3887 satis
2348 3824 2514 3890 inci-

469 3897 662 3953 ssatum
697 3913 836 3958 esse
871 3894 1278 3976 confiderem,
1325 3910 1389 3966 et
1422 3900 1573 3981 hoc,
1618 3906 1924 3991 quicquid
1960 3913 2172 3998 attigi,
2209 3938 2345 3981 non
2381 3918 2514 3983 feci

457 3979 888 4051 inflammandi
923 3989 1016 4053 tui
1053 4012 1262 4071 causa,
1299 3994 1414 4059 sed
1448 3996 1826 4067 testificandi
1861 4007 2094 4072 amoris
2132 4009 2280 4073 mei.
