2675 4559
681 273 1240 332 EPISTOLARUM
1272 275 1349 330 x.
1388 275 1557 329 1—4.
1926 315 1952 332 ..
2022 262 2152 330 223

104 407 214 472 hoc
247 412 607 470 extremum
641 397 834 464 etiam
870 407 1128 484 gratum
1163 397 1306 462 fuit.
1398 418 1539 484 ego,
1573 396 1836 476 Plance,
1872 399 2153 467 necessi·
2184 423 2211 464 1

104 500 378 566 tudinem
433 493 842 560 constitutam
893 492 1094 558 habui
1147 515 1296 559 cum
1350 491 1544 558 domo
1588 504 1799 560 vestra
1844 504 1991 560 ante
2036 495 2153 560 ali-

105 603 332 678 quanto
383 610 582 674 quam
633 597 706 652 tu
755 597 947 653 natus
1001 607 1100 664 es,
1156 607 1441 654 amorem
1494 597 1709 654 autem
1760 611 1915 676 erga
1958 602 2023 656 te
2068 589 2151 654 ab

102 690 346 752 ineunte
382 681 661 770 pueritia
687 692 818 758 tua,
859 681 1233 750 confirmata
1259 682 1391 748 iam
1418 693 1627 748 aetate
1654 682 2154 753 familiaritatem

103 805 236 846 cum
287 777 506 844 studio
559 798 726 854 meo,
777 786 918 842 tum
971 775 1208 842 iudicio
1261 787 1373 844 tuo
1428 777 1867 844 constitutam:
1923 778 2025 844 his
2070 779 2151 844 de

101 874 294 942 causis
331 872 712 939 mirabiliter
746 869 936 938 faveo
969 870 1266 958 dignitati
1300 883 1481 962 tuae,
1516 893 1711 958 quam
1747 873 1904 940 mibi
1938 883 2153 940 tecum

103 983 294 1038 statuo
334 968 576 1036 debere
621 989 762 1034 esse
797 987 1222 1034 communem.
1311 969 1527 1034 omnia
1562 991 1814 1034 summa
1848 990 2153 1036 consecu-

101 1080 189 1131 tus
230 1088 335 1143 00,
389 1063 628 1130 virtute
673 1061 866 1138 duce,
922 1062 1152 1130 comite
1188 1062 1477 1141 fortuna,
1510 1084 1739 1148 ,eaque
1774 1088 1843 1130 es
1880 1064 2151 1150 adeptus

104 1162 466 1226 adulescens
492 1156 711 1224 multis
745 1156 1202 1234 invidentibus,
1239 1179 1403 1242 quos
1427 1159 1687 1245 ingenio
1714 1159 2153 1244 industriaque

103 1255 356 1342 fregisti.
445 1263 619 1318 n‘nnc
661 1273 766 1320 me
811 1252 1318 1320 amantissimum
1354 1253 1477 1332 tui,
1523 1255 1763 1320 nemini
1800 1255 2155 1322 conceden-

105 1363 241 1428 tem,
293 1349 413 1434 qui
457 1348 578 1415 tibi
611 1357 932 1414 vetustate
965 1348 1453 1414 necessitudinis
1497 1349 1707 1435 potior
1750 1349 1955 1436 pessit
1986 1372 2150 1429 esse,

104 1446 148 1510 si
175 1445 424 1522 audies,
461 1463 718 1510 omnem
743 1442 862 1508 tibi
887 1442 1174 1527 reliquae
1199 1443 1369 1509 vitae
1394 1443 1769 1530 dignitatem
1797 1461 1879 1512 ex
1906 1445 2153 1532 optimo

42 1605 44 1608 ,
103 1539 180 1605 101
209 1537 518 1625 publicae
556 1547 728 1603 statu
763 1537 1082 1621 adquires.
1173 1537 1298 1602 scis
1339 1538 1630 1624 profecto
1662 1575 1751 1588 --—
1784 1539 1945 1606 nihil
1978 1540 2152 1606 enim
2186 1554 2213 1596 ³

42 1631 44 1700 Ϊ
102 1646 155 1700 te
181 1635 416 1722 fugere
449 1632 762 1719 potuit—-
776 1631 978 1698 fuisse
1003 1629 1330 1716 quoddam
1369 1642 1643 1718 tempus,
1681 1655 1830 1698 cum
1864 1633 2153 1700 homines

104 1729 530 1796 existimarent
565 1738 630 1794 te
663 1727 854 1792 nimis
889 1727 1128 1793 servire
1165 1727 1585 1811 temporibus,
1620 1726 1797 1811 quod
1832 1749 1955 1814 ego
1993 1748 2155 1812 quo-

101 1845 210 1907 que
243 1821 702 1898 existimarem,
739 1833 804 1888 te
841 1822 896 1886 si
931 1844 1028 1896 ea,
1063 1842 1232 1904 quae
1266 1821 1615 1908 patiebare,
1651 1821 1925 1932 probare
1961 1821 2154 1888 etiam

102 1917 462 1995 arbitrarer3
509 1915 624 1983 sed
659 1937 810 1982 cum
844 1915 1312 2002 intellegerem,
1360 1916 1517 2001 quid
1552 1915 1849 1994 sentires,
1884 1928 1949 1983 te
1986 1917 2155 1982 arbi-

101 2013 302 2078 trabar
339 1965 582 2089 yid'ere,
615 2010 771 2094 quid
806 2032 1048 2097 posses.
1137 2032 1309 2078 nunc
1346 2010 1473 2078 alia
1506 2012 1669 2078 ratio
1704 2023 1830 2078 est:
1868 2011 2157 2078 omnium

42 2179 44 2188 ¹
102 2131 300 2192 rerum
339 2117 527 2173 tuum
569 2105 878 2172 iudicium
915 2117 1012 2172 est
1056 2105 1253 2190 idque
1297 2101 1589 2174 liberum.
1678 2109 1901 2174 consul
1934 2131 2007 2176 es
2042 2107 2156 2174 de·
2188 2133 2194 2139 ·

42 2197 45 2230 ³
105 2202 401 2288 signatus,
435 2200 680 2288 optima
715 2211 944 2278 aetate,
982 2224 1234 2266 summa
1262 2201 1643 2286 eloquentia,
1678 2204 1959 2270 maxima
1984 2201 2155 2269 orbi-

42 2311 44 2376 g
105 2306 220 2362 tate
267 2295 368 2362 rei
417 2295 714 2382 publicae
778 2294 1064 2362 virorum
1117 2296 1371 2362 talium:
1436 2297 1767 2376 incumbe,
1828 2321 1945 2384 per
1996 2297 2153 2364 deos

105 2391 474 2459 inmortalisl
544 2392 615 2456 in
668 2414 813 2458 eam
865 2413 1088 2458 curam
1140 2403 1204 2459 et
1266 2393 1749 2479 cogitationem,
1812 2415 1979 2478 quae
2032 2393 2151 2459 tibi

107 2509 412 2555 summam
447 2485 828 2572 dignitatem
853 2496 919 2552 et
951 2485 1224 2572 gloriam
1259 2487 1531 2554 adferat.
1585 2511 1753 2554 unus
1780 2499 1997 2554 autem
2032 2499 2149 2565 est,

106 2580 212 2648 hoc
254 2581 635 2670 praesertim
679 2593 996 2667 tempore,
1050 2603 1165 2667 per
1218 2593 1312 2647 tot
1368 2603 1569 2648 annos
1612 2605 1683 2650 re
1736 2582 1997 2667 publica
2040 2581 2153 2648 de-

105 2691 352 2755 vexata,
403 2677 500 2742 rei
542 2675 840 2762 publicae
887 2677 1051 2742 bene
1095 2677 1419 2763 gerendae
1462 2699 1686 2742 cursus
1731 2674 1815 2741 ad
1860 2675 2149 2761 gloriam.

105 2769 246 2838 haec
283 2793 503 2837 amore
529 2768 736 2856 magis
771 2770 1064 2857 inpulsus
1089 2770 1433 2836 scribenda
1458 2770 1543 2835 ad
1578 2781 1641 2861 te
1674 2769 1919 2854 putavi,
1955 2790 2151 2854 quam
2184 2791 2213 2831 4

105 2887 218 2948 quo
265 2877 332 2932 te
377 2865 720 2932 arbitrarer
762 2865 1018 2930 monitis
1074 2875 1139 2930 et
1191 2863 1548 2950 praeceptis
1594 2885 1815 2950 egere3
1868 2862 2151 2931 sciebam

105 2961 258 3025 enim
293 2983 376 3026 ex
407 2959 618 3026 isdem
649 2970 714 3026 te
748 2959 910 3026 haec
954 2957 1208 3024 haurire
1243 2957 1559 3034 fontibus,
1606 2981 1689 3026 ex
1731 2958 1965 3044 quibus
2011 2959 2149 3045 ipse

105 3051 460 3122 hauseram:
506 3075 637 3138 qua
669 3077 740 3120 re
774 3053 1038 3120 modum
1071 3052 1326 3118 faciam.
1416 3075 1589 3118 nunc
1624 3064 1875 3120 tantum
1910 3053 2152 3139 signifi-

106 3151 368 3216 candum
393 3150 641 3236 putavi,
677 3160 750 3215 ut
783 3149 999 3237 potius
1027 3170 1312 3214 amorem
1342 3147 1460 3213 tibi
1486 3147 1887 3214 ostenderem
1913 3169 2150 3226 meum,

106 3264 285 3326 quam
329 3254 717 3310 ostentarem
759 3244 1183 3331 prudentiam.
1273 3233 1546 3318 interea,
1602 3262 1768 3326 quae
1812 3241 1898 3306 ad
1940 3239 2153 3327 digni-

105 3346 288 3404 tatem
321 3351 502 3404 tuam
547 3339 866 3426 pertinere
911 3338 1299 3416 arbitrabor,
1355 3335 1637 3402 studiose
1685 3335 2153 3422 diligenterque

108 3435 352 3500 curabo.

1071 3584 1175 3640 IV.

273 3687 390 3745 Ser.
411 3688 472 3742 in
492 3685 686 3742 Gallia
705 3685 1085 3759 Transalpina
1099 3705 1292 3744 mense
1309 3687 1613 3742 Decembri
1633 3704 1685 3742 a.
1705 3703 1757 3740 u.
1778 3703 1829 3740 c.
1851 3685 1970 3740 710.

725 3789 1093 3852 PLANOUS
1127 3788 1509 3847 CICERONI.

219 3901 646 3971 Gratissimae
671 3904 831 3971 mihi
857 3915 1010 3972 tuae
1044 3904 1294 3970 litterae
1319 3903 1601 3978 fuerunt,
1635 3925 1799 3989 quas
1826 3925 1907 3968 ex
1925 3899 2151 3966 Furnii
2186 3922 2213 3963 1

42 4077 45 4098 .
113 4013 384 4066 sermone
419 4009 484 4064 te
519 3998 848 4084 scripsisse
881 3997 1323 4064 animadverti.
1414 4017 1537 4083 ego
1572 4006 1788 4064 autem
1829 3995 2154 4082 praeteriti

109 4093 394 4178 temporis
445 4092 922 4160 excusationem
977 4093 1198 4159 adfero
1209 4137 1232 4172 ‚
1288 4091 1464 4178 quod
1518 4101 1581 4157 te
1633 4089 1993 4177 profectum
2038 4113 2155 4158 au-

42 4219 47 4402 ὲ
