2675 4559
691 296 1248 352 EPIffiTULARUM
1280 296 1416 352 ΧΠ
1456 300 1536 352 ιιι.
1560 300 1644 352 15.
2076 284 2200 348 299

137 421 517 497 commodis,
553 440 682 483 non
717 420 909 482 modo
943 429 1121 483 tanto
1158 420 1328 483 bono
1361 420 1701 503 gaudeam.
1789 420 1923 483 noli
1954 427 2201 503 putare,

135 519 225 584 mi
263 513 532 592 Cicero,
586 536 689 579 me
735 512 857 577 hoc
892 511 1155 577 auribus
1201 513 1328 576 tuis
1366 513 1546 578 dare:
1601 511 1756 578 nihil
1795 513 2201 579 adulescente

135 627 246 677 tuo
284 622 482 695 atque
518 609 678 673 adeo
714 617 930 671 nostro
948 642 1035 652 —
1051 606 1211 671 nihil
1246 607 1418 672 enim
1453 606 1610 672 mihi
1645 629 1684 672 a
1718 619 1781 674 te
1815 618 2026 693 potest
2061 629 2202 672 esse

136 706 503 772 seiunctum
545 739 634 750 —
677 713 791 766 aut
840 700 1177 766 amabilius
1232 700 1530 767 omnibus
1592 701 1699 779 iis,
1763 703 1873 787 qui
1924 702 2199 768 Athenis

137 812 317 876 sunt,
372 810 471 864 est
514 808 627 862 aut
670 795 1017 861 studiosius
1054 817 1275 860 earum
1312 796 1574 873 artium,
1620 817 1780 880 quas
1817 808 1886 861 tu
1924 796 2200 862 maxime

137 882 338 972 amas,
374 892 501 958 hoc
536 903 633 958 est
668 891 1070 977 optimarum.
1159 891 1378 974 itaque
1413 891 1559 968 tibi,
1597 889 1771 973 quod
1806 911 1955 956 vere
1990 891 2201 957 facere

136 1011 424 1076 possum,
458 987 756 1052 lubenter
782 1006 1039 1070 quoque
1066 986 1355 1072 gratulor
1382 1008 1502 1052 nec
1527 985 1739 1050 minus
1767 984 1960 1051 etiam
1993 984 2200 1061 nobis,

138 1083 318 1168 quod
374 1104 553 1158 eum,
616 1102 809 1165 quem
864 1102 1123 1146 necesse
1180 1090 1315 1146 erat
1370 1080 1663 1165 diligere,
1717 1079 2198 1163 qualiscumque

136 1187 337 1252 esset,
393 1177 589 1241 talem
640 1174 981 1250 habemus,
1044 1185 1118 1238 ut
1177 1175 1474 1239 lubenter
1526 1195 1782 1259 quoque
1838 1173 2196 1260 diligamus.

136 1273 249 1356 qui
277 1293 428 1337 cum
454 1268 613 1334 mihi
646 1269 713 1334 in
741 1290 1033 1334 sermone
1066 1267 1385 1334 iniecisset
1421 1291 1488 1334 se
1525 1268 1687 1334 velle
1715 1268 1944 1333 Asiam
1972 1267 2197 1346 visere,

136 1388 270 1430 non
308 1366 497 1430 modo
540 1364 875 1439 invitatus,
931 1362 1045 1429 sed
1090 1363 1283 1427 etiam
1326 1374 1590 1449 rogatus
1627 1375 1722 1429 est
1758 1387 1797 1428 a
1831 1383 1964 1440 me,
2017 1375 2090 1428 ut
2131 1363 2201 1427 id

136 1459 547 1547 potissimum
598 1457 783 1523 nobis
839 1457 1274 1522 obtinentibus
1328 1457 1722 1541 provinciam
1773 1459 2042 1536 faceret3
2097 1458 2202 1523 eui

135 1577 256 1620 nos
293 1565 361 1620 et
397 1553 659 1619 caritate
696 1564 760 1617 et
795 1573 1011 1617 amore
1056 1563 1238 1616 tuum
1274 1551 1560 1616 officium
1604 1564 2037 1637 praestaturos
2072 1574 2201 1617 non

139 1649 339 1715 debes
387 1648 697 1714 dubitare.
785 1647 945 1711 illud
989 1668 1246 1731 quoque
1283 1647 1402 1711 erit
1445 1647 1630 1711 nobis
1667 1668 1886 1724 curae,
1931 1659 2004 1713 ut
2041 1646 2200 1713 Cra-

136 1744 358 1828 tippus
396 1764 526 1806 una
562 1764 709 1806 cum
746 1763 821 1806 eo
859 1741 969 1817 sit,
1017 1763 1098 1806 ne
1143 1751 1328 1826 putes
1373 1740 1444 1803 in
1480 1739 1644 1804 Asia
1677 1740 1977 1805 feriatum
2019 1742 2198 1806 illum

137 1839 221 1902 ab
268 1836 346 1901 iis
386 1836 642 1913 studiis,
665 1871 670 1879 ·
694 1836 761 1901 in
799 1858 963 1919 quae
1009 1847 1121 1900 tua
1166 1834 1600 1901 cohortatione
1642 1835 1971 1914 incitatur,
2025 1836 2200 1901 futu-

135 1959 315 2012 rum3
350 1957 504 1999 nam
536 1933 716 1997 illum
752 1945 1077 2019 paratum,
1122 1944 1196 1997 ut
1228 1932 1448 2010 vide0,
1496 1944 1559 1998 et
1603 1933 1965 2019 ingressum
2008 1934 2198 2019 pleno

134 2028 349 2114 gradu
396 2027 713 2094 cohortari
754 2048 885 2091 non
918 2027 1438 2104 intermittemus,
1492 2048 1620 2111 quo
1664 2028 1732 2092 in
1777 2029 1910 2094 dies
1947 2031 2200 2117 longius

138 2122 447 2188 discendo
494 2121 979 2205 exercendoque
1028 2145 1095 2186 se
1140 2122 1465 2207 procedat.
1563 2143 1678 2186 vos
1723 2124 1879 2207 quid
1916 2125 2198 2209 ‘ageretis

133 2218 207 2282 in
240 2240 313 2282 re
346 2215 625 2302 publica,
664 2238 815 2282 cum
850 2217 969 2282 has
1002 2216 1245 2282 litteras
1282 2216 1538 2294 dabam,
1574 2239 1702 2282 non
1741 2218 2048 2284 sciebam:
2087 2243 2203 2284 au-

136 2312 397 2377 diebam
450 2310 768 2394 quaedam
828 2311 1223 2387 turbulenta,
1286 2333 1452 2396 quae
1517 2311 1758 2378 scilicet
1819 2313 2009 2398 cupio
2061 2337 2200 2380 esse

133 2407 331 2483 falsa,
388 2416 461 2470 ut
512 2405 855 2490 aliquando
901 2407 1105 2472 otiosa
1155 2407 1447 2472 libertate
1500 2407 1817 2485 fruamur3
1871 2409 2048 2491 quod
2098 2409 2201 2475 vel

133 2500 402 2565 minime
438 2500 597 2564 mihi
632 2500 843 2566 adhuc
880 2501 1165 2587 contigit.
1239 2523 1361 2586 ego
1396 2514 1612 2566 tamen
1654 2513 1882 2566 nactus
1917 2503 1985 2566 in
2018 2504 2200 2568 navi-

131 2596 397 2682 gatione
426 2606 645 2660 nostra
672 2594 977 2679 pusillum
1014 2595 1362 2660 laxamenti
1389 2595 1768 2661 concinnavi
1794 2596 1909 2659 tibi
1936 2620 2202 2661 munus-

132 2690 356 2755 culum
413 2712 494 2755 ex
546 2689 835 2754 instituto
880 2711 1053 2765 me0,
1114 2701 1177 2754 et
1223 2690 1464 2754 dictum
1509 2711 1658 2754 cum
1703 2711 1939 2774 magno
1982 2701 2199 2754 nostro

129 2787 380 2850 honore
418 2805 459 2847 a
494 2795 556 2848 te
602 2783 844 2850 dictum
889 2783 1173 2848 conclusi
1216 2795 1281 2848 et
1323 2783 1443 2846 tibi
1485 2783 1655 2849 infra
1701 2782 2077 2869 subscripsi:
2124 2784 2200 2848 'in

131 2879 374 2964 quibus
413 2877 742 2943 versiculis
778 2877 833 2942 si
876 2878 994 2942 tibi
1038 2877 1422 2962 quibusdam
1466 2877 1677 2943 verbis
1715 2872 2200 2965 εὖθυρρημονέ-

94 3038 103 3045 ,
132 2997 368 3058 στερος
396 2972 684 3051 videbor,
722 2973 1050 3058 turpitudo
1079 2995 1389 3059 personae
1421 2973 1577 3050 eius,
1613 2972 1679 3037 in
1707 2993 1904 3057 quam
1937 2973 2199 3039 liberius

130 3067 529 3144 invehimur,
591 3088 708 3131 nos
763 3066 1129 3132 vindicabit.
1236 3068 1531 3153 ignosces
1585 3067 1779 3133 etiam
1831 3068 2199 3134 iracundiae

133 3174 427 3237 nostrae,
465 3184 630 3244 quae
667 3161 839 3227 iusta
873 3173 971 3227 est
1004 3161 1071 3226 in
1110 3162 1246 3226 eius
1283 3161 1457 3226 modi
1494 3173 1557 3226 et
1591 3161 1883 3226 homines
1922 3175 1984 3226 et
2021 3163 2197 3227 civis.

135 3255 392 3331 deinde,
430 3255 542 3339 qui
576 3255 782 3341 magis
817 3255 939 3321 hoc
958 3256 1211 3322 Lucilio
1236 3255 1488 3320 licuerit
1523 3254 1858 3319 adsumere
1892 3254 2200 3320 libertatis

133 3372 334 3433 quam
372 3348 599 3414 nobis?
647 3372 826 3427 cum,
882 3350 1131 3417 etiamsi
1166 3350 1312 3414 odio
1348 3349 1491 3435 pari
1524 3347 1718 3412 fuerit
1751 3348 1819 3412 in
1855 3370 1994 3426 eos,
2039 3371 2200 3434 quos

132 3443 350 3521 laesit,
408 3455 622 3509 tamen
657 3457 829 3510 certe
869 3467 1003 3510 non
1046 3445 1251 3531 magis
1288 3445 1518 3529 dignos
1555 3441 1876 3520 habuerit,
1929 3443 1996 3507 in
2041 3466 2202 3528 quos

133 3551 317 3603 tanta
349 3538 645 3605 libertate
681 3539 1025 3606 verborum
1058 3540 1427 3605 incurreret.
1517 3549 1587 3603 tu
1599 3585 1618 3615 ,
1663 3537 1828 3602 sicut
1861 3537 2016 3602 mihi
2061 3539 2200 3624 pol-

132 3632 347 3698 licitus
386 3656 478 3711 es,
517 3635 829 3721 adiunges
864 3657 968 3700 me
1006 3657 1202 3720 quam
1235 3635 1513 3743 primum
1552 3632 1636 3697 ad
1671 3643 1816 3697 tuos
1845 3653 2199 3710 sermones3

133 3749 418 3836 namque
452 3728 611 3794 illud
647 3752 779 3794 non
814 3730 1068 3808 dubito,
1105 3729 1289 3813 quin,
1337 3728 1392 3792 si
1401 3727 1586 3836 ‘quid
1621 3727 1702 3793 de
1737 3727 1996 3794 interitu
2035 3724 2203 3793 an-

135 3822 295 3886 saris
331 3823 608 3901 scribas,
655 3847 784 3889 non
820 3824 1080 3911 patiaris
1125 3845 1229 3888 me
1264 3821 1592 3886 minimam
1627 3833 1875 3907 partem
1912 3834 1976 3887 et
2010 3822 2103 3888 rei
2139 3834 2203 3886 et

137 3918 370 3982 amoris
424 3917 521 3989 tui
574 3919 761 3984 ferre.
860 3920 1003 3985 vale
1058 3931 1122 3984 et
1173 3927 1480 3982 matrem
1496 3937 1804 4002 meosque
1858 3916 1977 3982 tibi
2031 3937 2204 3982 com-

135 4013 473 4077 mendatos
510 4011 697 4078 habe.
789 4014 851 4078 d.
886 4038 1016 4080 vm.
1054 4013 1143 4077 Κ.
1180 4012 1323 4077 Ιιιιι.
1363 4011 1658 4076 Athenis.
1800 4023 1805 4026 '
