2675 4559
526 238 654 305 348
1012 319 1019 326 ,
1136 247 1215 302 M.
1253 245 1530 305 TULLn
1561 243 1965 303 cmmoms

524 376 717 442 etiam
752 395 928 462 rogo,
968 393 1159 440 curae
1196 370 1313 435 tibi
1344 371 1444 447 sit,
1481 380 1555 435 ut
1581 391 1771 436 suum
1799 369 2146 456 negotium,
2180 371 2341 453 quod
2361 369 2512 438 habet

522 491 673 536 cum
714 469 952 554 populo
1000 464 1317 532 Sardiano
1330 512 1350 542 ,
1403 486 1520 550 pro
1577 483 1807 531 causae
1859 463 2130 530 veritate
2181 475 2242 529 et
2285 487 2390 550 pro
2427 488 2516 530 sua

520 563 829 649 dignitate
862 560 1179 628 conficiat.
1250 559 1539 624 intellexi
1571 579 1654 625 ex
1688 569 1804 625 tua
1833 558 2145 636 oratione,
2179 577 2318 624 cum
2345 570 2517 624 tecum

520 657 763 744 Ephesi
806 659 1056 722 locutus
1100 675 1275 733 sum,
1324 664 1394 721 te
1435 654 1638 740 ipsius
1681 653 1780 719 Μ.
1828 653 2075 720 Anneii
2123 675 2314 720 causa
2349 655 2518 720 omnia
2610 713 2611 724 ,

520 752 714 830 velle3
760 751 874 818 sed
918 761 1135 816 tamen
1170 750 1263 815 sic
1296 748 1490 815 velim
1525 747 1880 826 existimes,
1923 759 1994 814 te
2033 747 2196 812 mihi
2225 746 2371 812 nihil
2408 769 2518 833 gra-
2610 801 2611 828 ἕ

496 835 647 909 'tius
682 844 895 911 facere
928 864 1138 932 posse,
1174 863 1370 929 quam
1394 842 1454 908 si
1494 842 1866 910 intellexero
1899 863 2020 930 per
2054 852 2120 908 te
2151 841 2327 908 illum
2353 841 2518 926 ipsum
2610 853 2611 884 ³

520 938 851 1026 negotium
887 957 968 1004 ex
1002 936 1317 1004 sententia
1340 935 1711 1012 confecisse,
1747 936 1944 1021 idque
1973 957 2172 1020 quam
2205 935 2450 1022 primum
2469 945 2520 998 ut

521 1032 763 1098 efficias
801 1044 865 1097 te
902 1032 1097 1098 etiam
1132 1042 1325 1114 atque
1363 1030 1555 1096 etiam
1585 1051 1765 1116 rogo.
2610 1033 2611 1044 ¹

1443 1180 1656 1236 Lvm.

846 1283 966 1340 Ser.
984 1283 1044 1338 in
1061 1281 1353 1354 provincia
1369 1299 1560 1340 mense
1579 1279 1892 1340 Februario
1909 1299 1965 1338 a.
1985 1299 2044 1338 u.
2067 1299 2117 1338 c.
2137 1283 2254 1338 704.

654 1383 731 1454 M.
771 1382 1046 1442 CICERO
1080 1385 1145 1444 O.
1183 1383 1509 1444 TITIOL.
1545 1382 1612 1440 F.
1647 1383 1857 1442 RUFO
1891 1383 2017 1442 PR.
2057 1384 2230 1442 URB.
2269 1383 2412 1442 SAL.

645 1496 729 1563 L.
784 1495 1119 1566 Custidius
1174 1510 1272 1566 est
1308 1499 1574 1588 'tribulis
1627 1491 1706 1566 et'
1742 1500 2082 1586 municeps
2137 1511 2202 1566 et
2251 1496 2521 1563 familiaris

416 1613 451 1624 ··
516 1613 728 1657 meust
787 1593 846 1658 vis
898 1613 1161 1660 causam
1210 1593 1435 1672 habet,
1493 1613 1688 1678 quam
1739 1614 2008 1661 causam
2063 1593 2147 1660 ad
2197 1603 2260 1660 tc
2309 1591 2520 1658 deferet.

518 1687 895 1752 commendo
928 1687 1048 1752 tibi
1088 1687 1412 1755 hominem
1425 1736 1444 1766 ,
1489 1687 1654 1753 sicut
1686 1697 1800 1753 tua
1840 1687 2004 1754 fides
2043 1697 2111 1753 et
2153 1706 2326 1752 meus
2364 1683 2526 1770 pudor

516 1781 829 1866 postulat,
882 1792 1159 1860 tantum,
1210 1793 1285 1849 ut
1338 1781 1544 1848 facilis
1593 1781 1676 1846 ad
1725 1793 1790 1848 te
1835 1782 2056 1848 aditus
2099 1781 2352 1858 habeat,
2399 1799 2524 1862 quae

522 1895 730 1959 aequa
764 1877 1115 1962 postulabit
1148 1887 1222 1942 ut
1254 1876 1494 1954 libente
1526 1886 1591 1942 te
1625 1875 1922 1962 impetret
1959 1876 2318 1959 sentiatque
2357 1891 2523 1936 meam

518 1968 641 2032 sibi
677 1971 1039 2050 amicitiam,
1076 1971 1269 2037 etiam
1304 1992 1453 2036 cum
1486 1969 1852 2056 longissime
1890 1970 2122 2048 absim,
2158 1968 2448 2057 prodesse,
2475 1964 2522 2028 in

517 2063 739 2150 primis
774 2063 949 2150 apud
984 2076 1067 2131 te.

1462 2215 1618 2270 LIX.

762 2371 769 2380 ,
868 2315 985 2372 Scr.
1008 2315 1327 2372 Laodiceae
1347 2334 1536 2372 mense
1557 2316 1864 2372 Februario
1885 2334 1936 2372 a.
1957 2333 2015 2372 u.
2039 2335 2084 2376 c.
2108 2319 2226 2374 704.
2325 2381 2327 2384 Α

672 2417 749 2472 Μ.
786 2416 1061 2474 CICERO
1100 2417 1163 2474 G.
1202 2416 1494 2475 OUR'HO
1529 2417 2060 2476 PEDUGAEANO
2096 2420 2216 2477 PR.
2253 2417 2400 2474 SAL.

641 2531 740 2598 M.
760 2531 1039 2604 Fadium
1072 2532 1260 2598 unice
1295 2531 1496 2619 diligo
1532 2553 1910 2618 summaque
1943 2534 2104 2599 mihi
2141 2552 2286 2600 cum
2313 2551 2382 2598 eo
2406 2549 2521 2594 con-

514 2627 785 2717 suetudo
820 2637 885 2694 et
928 2627 1323 2693 familiaritas
1361 2637 1459 2693 est
1501 2639 1822 2718 pervetus.
1909 2629 1982 2694 in
2027 2631 2166 2695 eius
2211 2637 2520 2694 controver-

514 2721 623 2787 siis
659 2722 816 2807 quid
851 2722 1173 2799 decernas,
1210 2745 1251 2788 a
1284 2733 1349 2787 te
1383 2743 1515 2792 non
1547 2732 1698 2810 peto
1715 2759 1804 2770 —-
1820 2723 2129 2802 servabis,
2164 2733 2236 2788 ut
2269 2733 2372 2787 tua
2399 2715 2520 2782 fides

512 2825 579 2880 et
614 2815 891 2902 dignitas
925 2816 1235 2902 postulat,
1273 2814 1556 2884 edictum
1590 2827 1655 2882 et
1686 2817 2051 2883 institutum
2085 2828 2268 2882 tuum
2300 2849 2405 2891 —-,
2436 2806 2520 2874 sed

512 2919 585 2972 ut
608 2929 805 2992 quam
831 2908 1166 2978 facillimos
1194 2911 1277 2976 ad
1302 2921 1366 2976 te
1393 2911 1602 2976 aditus
1638 2910 1891 2988 habeat,
1927 2931 2097 2995 quae
2139 2919 2319 2976 erunt
2353 2922 2517 2986 aequa

511 3000 772 3068 lubente
808 3013 873 3068 te
905 3004 1227 3093 impetret,
1264 3015 1337 3070 ut
1371 3027 1582 3071 meam
1616 3003 1962 3070 amicitiam
1997 3004 2150 3083 sibi,
2192 3003 2375 3070 etiam
2405 3016 2516 3063 cum

512 3095 738 3181 procul
774 3096 1009 3174 absim,
1045 3099 1350 3185 prodesse
1387 3098 1650 3176 sentiat,
1687 3098 2058 3185 praesertim
2098 3097 2267 3186 apud
2301 3106 2384 3172 te,
2425 3090 2515 3154 1100

512 3200 577 3255 te
612 3189 1023 3257 vehementer
1058 3191 1253 3258 etiam
1289 3203 1481 3277 atque
1517 3192 1710 3258 etiam
1745 3213 1923 3280 rego.
2610 3181 2611 3202 ¹

1482 3341 1608 3398 LX.

1152 3443 1270 3500 Scr.
1288 3446 1502 3502 Romae
1523 3461 1669 3500 anno
1687 3445 1917 3503 incerto.

888 3547 965 3602 M.
1005 3545 1280 3638 CICERO
1318 3547 1381 3604 Ο.
1419 3545 1779 3606 MUNATIO
1816 3547 1880 3604 C.
1917 3547 1982 3604 F.
2023 3545 2184 3605 SAL.

641 3661 723 3726 L.
761 3659 1096 3728 Livineius
1133 3660 1400 3749 Trypho
1437 3672 1536 3729 est
1571 3663 1830 3728 omnino
1865 3662 1947 3727 L.
1985 3659 2244 3749 Reguli,
2286 3650 2511 3722 familia-

508 3753 743 3822 rissimi
776 3757 931 3833 mei,
974 3755 1269 3832 libertus,
1305 3757 1490 3822 cuius
1526 3757 1856 3823 calamitas
1877 3756 2085 3823 etiam
2119 3748 2506 3849 officiosiorem

506 3865 612 3914 me
646 3848 802 3914 facit
834 3849 903 3913 in
936 3848 1148 3926 inum
1192 3871 1346 3915 nam
1383 3849 1887 3927 benevolentior,
1935 3871 2131 3935 quam
2161 3861 2390 3930 semper
2417 3836 2506 3906 sm,

508 3961 647 4004 esse
688 3962 819 4005 non
857 3963 1142 4028 possum.
1232 3943 1346 4010 sed
1391 3965 1514 4030 ego
1557 3944 1856 4012 libertum
1905 3934 2040 4012 eius
2083 3965 2194 4031 per
2233 3961 2297 4006 se
2333 3935 2502 4036 ipslljn

507 4027 702 4114 diligo
711 4056 731 4108 3
778 4055 1029 4100 summa
1070 4037 1240 4102 enim
1286 4037 1425 4104 eius
1472 4059 1628 4124 erga
1679 4061 1784 4106 me
1820 4035 2034 4105 officia
2068 4033 2409 4104 exstiterunt
2441 4038 2500 4084 11⁸
