2675 4559
208 0 569 71 ‘W
572 0 730 40 gfff.

306 40 430 88 ...ἂ-,ς
476 39 517 57 2·-
582 57 623 65 Ι,
664 46 695 66 ιι

307 84 356 95 ⁶·

351 98 361 109 fl
408 100 417 108 ι

815 282 1373 342 EPISTOLARUM
1407 286 1453 339 1.
1491 286 1542 340 9.
2122 276 2207 345 19

191 432 312 475 meo
343 400 546 474 solum
582 407 1008 484 elaborarunt,
1056 408 1373 491 reliquum
1401 430 1637 494 corpus
1671 406 2094 495 inperfectum
2130 435 2206 481 ae

190 505 324 569 rude
377 500 782 586 reliquerunt.
867 501 936 565 in
986 521 1114 585 quo
1169 523 1294 587 ego
1345 524 1527 587 spem
1581 501 1781 569 fefelli
1832 523 1963 571 non
2012 508 2205 573 modo
2240 527 2293 570 ιο

185 596 546 674 invidorum,
596 595 708 661 sed
743 595 935 660 etiam
977 595 1381 661 inimicorum
1424 619 1744 677 meorum,
1796 600 1907 682 qui
1952 600 2032 665 dc
2073 624 2205 666 uno

185 690 462 755 acerrimo
497 700 564 755 et
605 689 948 755 fortissimo
984 690 1122 755 viro
1171 710 1443 775 meoque
1478 690 1715 756 iudicio
1752 693 2037 759 omnium
2070 714 2207 759 ma-

185 784 486 869 gnitudine
520 782 717 857 animi
751 794 815 849 et
850 786 1205 850 constantia
1237 785 1779 871 praestantissimo
1816 784 1901 869 Q.
1936 786 2206 853 Metello

187 878 252 941 L.
283 878 323 944 f.
356 876 682 963 quondam
715 877 947 944 falsam
983 880 1353 965 opinionem
1388 891 1770 965 acceperunt
1782 926 1801 958 ,
1836 900 2029 965 quem
2062 892 2206 967 post

187 973 428 1039 reditum
479 972 774 1039 dictitant
825 974 1028 1040 fracto
1083 976 1298 1041 animo
1352 986 1416 1041 et
1468 974 1745 1044 demisso
1796 975 2024 1052 fuiss03
2078 972 2207 1061 [est

187 1088 310 1132 vero
357 1066 830 1155 probandum,]
875 1070 990 1154 qui
1043 1081 1108 1135 et
1149 1090 1401 1135 summa
1453 1068 1779 1135 voluntate
1834 1070 2093 1135 cesserit
2144 1082 2207 1135 et

183 1163 411 1247 egregia
443 1162 645 1227 animi
678 1164 1004 1229 alacritate
1039 1163 1272 1229 afuerit
1297 1186 1507 1273 neque
1536 1184 1690 1230 sane
1716 1164 1923 1229 redire
1950 1164 2205 1240 curarit,

187 1276 306 1318 eum
339 1256 419 1320 ob
452 1256 576 1320 id
556 1278 770 1342 1psum
804 1256 1080 1322 fractum
1115 1258 1348 1336 fuisse,
1390 1258 1460 1323 in
1504 1278 1637 1343 quo
1672 1278 1821 1323 cum
1852 1258 2058 1321 omnis
2093 1256 2208 1321 ho-

185 1348 356 1413 mines
405 1360 545 1413 tum
600 1351 697 1415 Μ.
741 1350 926 1415 illum
979 1350 1300 1417 Scaurum
1354 1352 1744 1438 singularem
1796 1351 2004 1417 virum
2056 1372 2207 1417 con-

183 1440 382 1508 stantia
425 1455 492 1509 et
535 1435 852 1529 gravitate
897 1444 1290 1529 superasset!
1344 1445 1489 1522 sed,
1536 1444 1710 1529 quod
1756 1444 1837 1510 de
1880 1445 1989 1509 illo
2026 1464 2207 1511 acce-

179 1550 374 1617 perant
407 1549 519 1603 aut
567 1538 764 1607 etiam
798 1538 1316 1624 suspicabantur,
1353 1540 1434 1604 de
1468 1562 1575 1605 me
1606 1540 1781 1605 idem
1814 1538 2203 1624 cogitabant,

181 1627 488 1698 abiectiore
523 1632 741 1698 animo
775 1654 878 1698 me
913 1632 1234 1709 futurum,
1283 1654 1433 1697 cum
1466 1654 1569 1697 res
1604 1631 1867 1717 publica
1896 1632 2204 1697 maiorem

181 1721 342 1789 etiam
389 1726 548 1790 mihi
593 1726 907 1803 animum,
962 1748 1159 1810 quam
1203 1745 1511 1809 umquam
1556 1724 1953 1802 habuissem,
2006 1724 2203 1801 daret,

181 1836 305 1881 cum
352 1819 738 1887 declarasset
788 1844 860 1887 se
918 1843 1051 1887 non
1100 1820 1389 1907 potuisse
1442 1842 1547 1885 me
1600 1840 1731 1885 uno
1782 1818 1907 1894 civi
1960 1838 2205 1893 carere;

181 1930 420 1996 eumque
453 1915 801 1981 Metellum
835 1916 1025 1981 unius
1062 1915 1304 1980 tribuni
1337 1916 1426 2002 pL
1464 1914 1735 2001 rogatiO,
1768 1935 1873 1978 me
1907 1912 2207 1978 universa

181 2024 263 2067 res
291 2008 568 2091 publica,
609 2010 774 2077 duce
809 2021 1067 2088 senatu,
1105 2009 1447 2075 comitante
1482 2008 1699 2085 Italia,
1744 2005 2206 2093 promulganti-

181 2095 282 2162 bus
311 2113 445 2167 octo
481 2104 789 2181 tribunis,
825 2102 1140 2170 referente
1183 2106 1472 2180 consule,
1510 2102 1781 2169 comitiis
1816 2100 2201 2176 centuriatis,

179 2194 392 2261 cunetis
443 2198 812 2274 ordinibus,
875 2198 1238 2265 hominibus
1300 2196 1845 2273 incumbentibus,
1908 2194 2205 2261 omnibus

179 2280 435 2371 denique
455 2292 594 2356 suis
629 2292 873 2356 viribus
909 2292 1412 2377 reciperavisset.
1464 2312 1676 2375 neque
1710 2312 1863 2357 vero
1891 2311 2013 2375 ego
2047 2286 2204 2351 mihi
2243 2310 2291 2350 re

179 2391 368 2461 postea
416 2386 773 2469 quicquam
816 2387 1146 2473 adsumpsi
1186 2408 1399 2470 neque
1443 2386 1635 2453 hodie
1678 2385 1977 2460 adsumo,
2033 2380 2207 2467 quod

177 2490 540 2560 quemquam
571 2478 1288 2545 nmlevolentissimum
1269 2502 1409 2545 mre
1442 2480 1648 2565 possit
1673 2476 2027 2543 offendere:
2064 2486 2205 2539 tan-

171 2574 295 2629 ·tum
340 2572 574 2649 enitor,
633 2583 708 2635 ut
757 2593 965 2657 neque
1019 2573 1240 2638 amicis
1291 2594 1503 2657 neque
1554 2573 1747 2638 etiam
1798 2569 2204 2637 alienioribus

179 2676 372 2741 opera,
419 2667 718 2741 consilio,
769 2667 988 2733 labore
1044 2667 1270 2732 desim.
1367 2666 1475 2730 hie
1526 2686 1709 2732 meae
1760 2662 1931 2728 vitae
1980 2684 2207 2727 cursus

179 2750 412 2823 offendit
453 2782 570 2826 eos
613 2760 915 2837 fortasse,
969 2762 1079 2845 qui
1123 2760 1532 2847 splendorem
1580 2768 1641 2823 et
1684 2757 1966 2843 speciem
2017 2754 2205 2825 huius

183 2843 322 2913 vitae
352 2850 708 2933 intuentur,
756 2854 1250 2921 sollicitudinem
1286 2864 1505 2920 autem
1540 2864 1604 2919 et
1644 2852 1929 2917 laborem
1963 2848 2210 2935 perspi-

179 2957 301 3006 eere
329 2966 453 3012 non
489 2960 776 3033 possunt.
863 2949 1025 3014 illud
1059 2972 1211 3015 vero
1245 2970 1379 3013 non
1414 2950 1685 3015 obscum
1718 2956 2103 3031 queruntur,
2138 2943 2206 3009 in

183 3034 316 3100 meis
346 3042 691 3119 sententiis,
727 3043 958 3127 quibus
990 3065 1211 3109 ornem
1231 3038 1605 3119 Caesarem,
1642 3040 1827 3125 quasi
1854 3038 2205 3105 desciscere

185 3146 268 3194 me
297 3155 335 3195 a
365 3136 634 3219 pristina
667 3158 880 3202 causa.
970 3160 1092 3223 ego
1131 3147 1351 3203 autem
1386 3158 1535 3201 eum
1578 3136 1691 3201 illa
1736 3154 1996 3216 sequor,
2041 3152 2206 3214 quae

185 3224 348 3301 paulo
381 3243 528 3295 ante
561 3231 897 3316 proposui,
949 3242 1089 3295 tum
1124 3230 1248 3294 hoc
1279 3252 1412 3294 non
1444 3230 1515 3293 in
1546 3226 1911 3313 postremis,
1964 3226 2045 3289 de
2078 3245 2208 3306 quo

187 3332 490 3401 00eperam
523 3346 860 3410 exponere.
917 3344 1046 3389 non
1082 3322 1373 3389 offendes
1408 3322 1684 3388 eundem
1718 3320 2031 3383 bonorum
2065 3338 2209 3381 sen-

185 3425 325 3487 ⁸¹1m‚
357 3414 652 3495 Lentule,
689 3440 882 3503 quem
915 3416 1251 3503 reliquisti,
1282 3416 1399 3502 qui
1432 3414 1840 3480 confirmatus
1876 3410 2211 3475 consulatu

187 3516 402 3587 nostro,
449 3533 576 3575 non
611 3534 964 3597 numquam
1006 3522 1232 3598 postea
1265 3509 1687 3596 interruptus,
1734 3504 2026 3571 adflictus
2062 3506 2209 3571 ante

189 3602 242 3656 te
272 3606 609 3683 consulem,
661 3616 984 3673 recreatus
1032 3606 1149 3671 abs
1185 3616 1283 3683 te,
1335 3616 1509 3670 totus
1544 3614 1647 3669 est
1684 3624 1859 3667 nunc
1892 3601 1977 3665 ab
2008 3598 2117 3677 iis,
2162 3622 2212 3663 -a

188 3691 392 3768 quibus
417 3699 692 3765 tuendus
723 3700 955 3777 fuerat,
979 3699 1322 3765 'derelictus
1333 3723 1355 3777 3
1388 3698 1586 3784 idque
1612 3718 1743 3762 non
1768 3696 1977 3763 solum
2002 3693 2211 3756 fronte

192 3790 356 3867 atquc
387 3792 592 3871 voltu,
627 3794 864 3878 quibus
899 3793 1219 3859 simulatio
1253 3792 1556 3858 facillime
1590 3789 1965 3862 sustinetur,
2001 3785 2213 3849 decla-

193 3890 314 3943 rant
349 3884 433 3963 ei,
480 3888 592 3971 qui
635 3898 775 3953 tum
807 3896 1026 3952 nostro
1061 3888 1172 3951 illo
1217 3894 1391 3952 statu
1424 3886 1761 3971 optimates
1794 3878 2213 3946 nominaban-

195 3976 298 4049 tur,
329 3980 434 4044 sed
467 3982 658 4047 etiam
693 3982 1011 4047 sententia
1046 4004 1238 4073 saepe
1275 3982 1404 4045 iam
1440 3978 1803 4060 tabellaque
1838 3974 2211 4040 docuerunt.

196 4059 378 4153 ltaque
411 4084 541 4142 tota
574 4076 705 4141 iam
740 4076 1122 4162 sapientium
1157 4074 1414 4151 civium,
1452 4072 1711 4157 qualem
1744 4091 1847 4136 me
1884 4078 1947 4135 et
1982 4090 2121 4136 esse
2150 4077 2211 4133 et
2249 4084 2301 4122 ιε

1792 4168 1829 4225 2
1850 4171 1874 4199 t
