2675 4559
729 181 1284 240 EPISTOLARUM
1317 183 1421 238 XI.
1460 183 1683 240 24—27.
2106 165 2367 240 277
2506 179 2539 264 ι·

1081 351 1332 410 XXVII.
1704 437 1709 442 θ

573 457 688 514 Ser.
705 459 767 512 in
783 457 1108 512 Tusculano
1125 457 1198 514 V.
1215 457 1350 512 Kal.
1370 457 1495 513 Iun.
1514 475 1567 514 a.
1586 475 1641 514 u.
1664 475 1711 514 c.
1729 460 1849 516 ¹710.

739 559 874 627 [M.]
899 558 1188 616 CICERO
1225 557 1477 616 MATIO
1516 559 1679 618 SAL.

302 683 616 752 Nondum
648 681 803 748 satis
849 681 1149 748 constitui
1183 682 1596 748 molestiaene
1641 683 1786 768 plus
1823 707 1903 749 an
1941 687 2234 772 volupta-
2268 691 2305 744 ι’

188 780 258 845 tis
307 779 596 847 attulerit
645 777 804 842 mihi
855 775 1197 842 Trebatius
1249 787 1495 854 noster,
1556 777 1747 842 homo
1802 800 1948 843 cum
2008 780 2236 865 plenus

188 872 400 951 officii,
455 884 602 938 tum
633 871 968 955 utriusque
1012 881 1300 936 nostrum
1345 871 1848 938 amantissimus:
1894 895 2045 938 nam
2088 895 2236 940 cum

187 967 246 1031 in
283 967 734 1033 Tusculanum
776 965 1027 1051 vesperi
1071 965 1419 1042 venissem,
1472 963 1778 1051 postridie
1832 965 1939 1031 ille
1984 966 2069 1030 ad
2112 989 2235 1045 me,

188 1062 460 1126 nondum
487 1059 644 1127 satis
671 1061 855 1126 firmo
885 1080 1150 1146 corpore
1179 1075 1326 1124 oum
1362 1070 1550 1136 esset,
1586 1082 1773 1126 mane
1800 1060 2007 1137 venit3
2041 1081 2255 1144 quem·
2380 1045 2385 1047 ³
2442 1081 2449 1090 ·

187 1179 320 1220 cum
355 1157 800 1242 obiurgarem,
854 1155 1028 1240 quod
1072 1177 1301 1241 parum
1334 1151 1685 1222 valetudini
1728 1165 2045 1241 parceret,
2098 1166 2237 1225 tum
2274 1185 2279 1194 ¹

189 1249 298 1328 ille,
332 1251 492 1318 nihil
530 1250 657 1316 sibi
689 1249 942 1336 longius
978 1247 1198 1326 fuisse,
1235 1269 1430 1334 quam
1466 1260 1537 1314 ut
1572 1272 1677 1316 me
1712 1250 1977 1316 videret.
2048 1257 2235 1316 ‘num

190 1344 510 1427 quidnam’
559 1345 822 1430 inquam
858 1343 1102 1408 ‘novi?'
1151 1344 1379 1410 detulit
1412 1345 1495 1410 ad
1530 1367 1634 1410 me
1672 1345 2001 1429 querelam
2035 1357 2235 1424 tuam,
2304 1365 2309 1368 ·

190 1437 259 1502 de
292 1460 417 1523 qua
450 1438 638 1525 prius
674 1458 868 1523 quam
893 1439 1266 1523 respondeo
1311 1461 1520 1524 pauca
1562 1460 1937 1525 proponam.
2028 1461 2233 1525 quan·
2332 1511 2337 1514 ,
2368 1437 2371 1439 Α

191 1543 312 1596 tum
342 1533 660 1600 memoria
695 1542 979 1619 repetere
1013 1533 1356 1618 praeterita
1390 1554 1682 1618 possum,
1720 1555 1911 1598 nemo
1948 1545 2046 1600 est
2078 1535 2235 1602 mihi

193 1637 246 1691 te
278 1628 518 1695 amicus
560 1627 882 1712 antiquior
891 1651 909 1705 3
947 1626 1063 1693 sed
1086 1635 1371 1691 vetustas
1407 1627 1603 1692 habet
1628 1626 1870 1711 aliquid
1898 1649 2236 1695 commune

191 1743 321 1788 cum
352 1725 598 1800 multis,
635 1745 814 1790 amor
847 1744 978 1787 non
1013 1722 1232 1787 habet:
1269 1721 1467 1786 dilexi
1502 1731 1596 1797 te,
1634 1743 1763 1806 quo
1800 1723 1903 1786 die
1940 1725 2232 1810 cognovi,

192 1839 401 1904 meque
437 1843 478 1886 a
513 1833 583 1886 te
619 1817 802 1904 diligi
835 1816 1133 1882 iudicavi.
1223 1825 1372 1880 tuus
1408 1815 1639 1881 deinde
1676 1815 2014 1892 discessus,
2050 1816 2235 1900 isque

193 1911 545 1992 diuturnus,
601 1912 863 1978 ambitio
907 1921 1122 1976 nostra
1158 1921 1222 1975 et
1268 1910 1437 1976 vitae
1475 1909 1919 1974 dissimilitudo
1964 1932 2095 1974 non
2140 1921 2237 1976 est

195 2027 363 2090 passa
393 2011 761 2075 voluntates
795 2018 1042 2073 nostras
1071 2005 1529 2072 consuetudine
1564 2005 1986 2092 conglutinari
1998 2031 2016 2083 3
2053 2017 2236 2070 tuum

194 2112 386 2170 tamen
413 2128 577 2192 erga
603 2125 708 2170 me
735 2103 1019 2168 animum
1045 2101 1325 2188 adgnovi
1361 2101 1578 2166 multis
1606 2101 1789 2166 annis
1820 2112 1967 2166 ante
1995 2101 2236 2166 bellum

197 2193 377 2275 civile,
413 2221 571 2264 oum
608 2194 859 2282 Caesar„
885 2208 1052 2262 esset
1085 2196 1151 2260 in
1191 2193 1437 2262 Gallia:
1476 2195 1651 2280 quod
1686 2195 1856 2262 enim
1893 2195 2237 2262 vehemen-

195 2297 278 2353 ter
305 2292 456 2357 mihi
492 2287 828 2382 utileess‘e
862 2290 1135 2376 putabas
1171 2312 1291 2356 nec
1325 2291 1548 2356 inutile
1597 2291 1721 2376 ipsi
1758 2287 2050 2368 Caesari,
2094 2313 2239 2377 per-

196 2381 398 2464 fecisti,
433 2381 645 2460 uz-ille
673 2407 776 2451 me
806 2383 1118 2470 diligeret,
1147 2386 1403 2462 coleret,
1441 2385 1707 2450 haberet
1731 2386 1799 2450 in
1826 2385 1977 2450 suis.
2034 2384 2239 2450 multa

195 2489 501 2558 praetereo
516 2528 540 2558 ,
593 2498 759 2563 quae
796 2478 1190 2564 temporibus
1233 2479 1358 2544 illis
1396 2479 1558 2544 inter
1592 2501 1709 2543 nos
1744 2478 2235 2544 familiarissime

196 2567 374 2649 dicta,
419 2573 688 2660 scripta,
733 2573 1200 2638 communicata
1235 2583 1414 2649 sunt3
1461 2573 1759 2657 graviora
1804 2573 1975 2636 enim
2013 2593 2233 2636 conse-

197 2675 328 2730 outa
375 2679 550 2734 sunt.
647 2669 872 2732 etenim
917 2666 1095 2730 ‘mitio
1148 2665 1300 2731 belli
1357 2666 1558 2730 civilis
1615 2687 1762 2730 cum
1816 2663 2236 2728 Brundisium
2270 2681 2295 2722 a

197 2777 396 2828 versus
431 2763 565 2830 ires
599 2763 684 2828 ad
720 2758 1097 2836 Caesarem,
1144 2760 1376 2825 venisti
1420 2759 1503 2823 ad
1546 2781 1650 2824 me
1694 2759 1763 2822 in
1794 2757 2234 2823 Formianum.

197 2852 451 2934 primum
497 2855 622 2922 hoc
665 2855 878 2942 ipsum
922 2855 1172 2938 quanti,
1227 2854 1599 2938 praesertim
1645 2852 2038 2938 temporibus
2080 2851 2235 2917 illis!

199 2944 407 3016 deinde
443 2951 717 3017 oblitum
753 2970 856 3014 me
900 2957 1088 3033 putas
1127 2946 1401 3021 consilii,
1420 2947 1779 3032 sermome,
1824 2945 2237 3011 humanitatis

201 3044 366 3106 tuae?
417 3043 655 3130 quibus
707 3042 900 3108 rebus
953 3042 1260 3106 interesse
1309 3040 1573 3105 memini
1624 3040 2020 3106 Trebatium.
2118 3061 2239 3105 nec

201 3152 334 3200 vero
369 3163 516 3206 sum
551 3139 786 3204 oblitus
820 3137 1176 3202 litterarum
1212 3145 1467 3199 tuarum
1480 3180 1498 3210 ,
1536 3153 1696 3218 quas
1732 3134 1817 3198 ad
1852 3157 1954 3200 me
1990 3135 2239 3210 misisti,

203 3245 333 3296 cum
365 3231 633 3301 Caesari
667 3232 925 3298 obviam
959 3231 1243 3296 venisses
1277 3229 1347 3293 in
1382 3249 1571 3314 agro,
1623 3237 1698 3291 ut
1732 3228 2031 3304 arbitror,
2078 3227 2239 3293 Tre-

203 3315 438 3394 bulano.
529 3338 819 3394 secutum
867 3324 1030 3391 illud
1082 3335 1336 3410 tempus
1391 3334 1507 3400 est,
1566 3343 1714 3386 cum
1767 3344 1869 3388 me
1915 3321 1999 3386 ad
2042 3321 2239 3386 Pom·
2272 3341 2337 3403 ιζ
2394 3386 2415 3400 ,v
2456 3295 2459 3298 ⁴

204 3417 402 3496 peium
450 3421 768 3510 proficisci
821 3421 956 3486 sive
1010 3419 1218 3506 pudor
1267 3439 1451 3484 meus
1507 3417 1719 3502 coiigit
1770 3415 1902 3482 sive
1954 3415 2241 3480 officium

205 3508 324 3578 sive
357 3516 640 3584 fortuna:
695 3515 869 3601 quod
912 3513 1198 3580 officium
1242 3524 1455 3589 tuum,
1510 3512 1685 3596 quod
1720 3511 2003 3576 studium
2038 3510 2141 3575 vel
2174 3509 2245 3573 in

209 3600 515 3677 absentem
549 3635 653 3678 me
689 3611 792 3677 vel
825 3610 894 3674 in
934 3609 1289 3695 praesentis
1325 3629 1501 3674 meos
1540 3605 1783 3672 defuit?
1827 3627 2017 3690 quem
2052 3624 2243 3690 porro

209 3714 408 3770 Omnes
460 3706 588 3772 mei
639 3716 702 3772 et
753 3703 911 3768 mihi
957 3714 1021 3770 et
1075 3703 1198 3768 sibi
1248 3713 1312 3769 te
1357 3702 1724 3768 amiciorem
1766 3697 2244 3767 iudicaverunt?

213 3793 344 3858 veni
374 3797 812 3864 Brundisium:
851 3797 1206 3864 oblitumne
1237 3818 1343 3863 me
1379 3807 1589 3884 putas,
1624 3817 1753 3880 qua
1786 3791 2135 3868 celeritate,
2169 3799 2245 3854 ut

212 3883 468 3962 Primum
517 3891 822 3970 audieris,
876 3891 961 3957 ad
1013 3913 1117 3956 me
1159 3890 1443 3956 Tarento
1497 3888 1853 3956 advolaris?
1915 3909 2080 3972 quae
2130 3896 2245 3950 tua

217 3969 389 4050 fuerit
423 3987 730 4065 adsessio,
767 3985 988 4064 oratio,
1026 3984 1422 4052 confirmatio
1459 3984 1653 4052 animi
1687 3981 1815 4050 mei
1850 3980 2036 4049 fracti
2070 4003 2245 4048 com-
