2675 4559
411 210 566 293 '4⁷8
1053 233 1122 299 Q.
1159 232 1432 291 'runnu
1470 230 1873 291 emmonis

427 386 625 449 quam
675 360 760 427 ob
811 380 978 435 rem,
1031 355 1336 441 quoniam
1392 354 1473 419 ab
1528 352 1651 420 hae
1692 354 1885 421 laude
1929 355 2357 441 proficisceris
2411 369 2505 435 et,

426 455 736 544 quiequid
771 476 868 530 es,
905 475 988 519 ex
1021 451 1143 517 hoe
1180 473 1248 515 es
1261 499 1280 528 ‚
1323 449 1415 515 ita
1449 462 1715 535 paratus
1750 450 1836 515 ad
1871 448 2217 516 dicendum
2256 451 2506 531 venito,

425 551 612 639 quasi
653 549 721 613 in
767 546 1036 633 singulis
1072 544 1282 611 causis
1327 542 1638 609 iudicium
1674 544 1756 609 de
1792 544 1971 609 omni
2015 544 2283 631 iugenio
2319 544 2509 611 futu-

359 672 385 713 s
425 668 570 711 rum
615 644 717 709 sit.
805 643 944 708 eius
989 638 1314 706 facultatis
1360 637 1759 716 adiumenta,
1804 660 1977 723 quae
2019 637 2138 704 tibi
2182 640 2321 707 seio
2358 662 2509 707 esse

429 736 736 827 seposita,
773 746 845 803 ut
879 746 1106 823 parata
1141 755 1218 800 ae
1251 743 1552 819 prompta
1586 732 1713 799 sint
1746 754 1925 813 eura,
1963 744 2029 799 et
2064 754 2292 821 saepe,
2331 756 2511 819 quae

427 834 509 899 de
553 827 1013 899 Demosthenis
1055 824 1273 897 studio
1317 838 1386 896 et
1438 825 1893 897 exercitatione
1944 827 2199 915 scripsit
2252 827 2513 895 Deme-

427 927 618 1005 trius,
673 924 1039 1000 recordare,
1093 920 1327 989 deinde
1380 932 1454 987 ut
1506 921 1861 987 amicorum
1915 933 1981 988 et
2032 920 2389 988 multitudo
2444 932 2513 990 et

427 1046 669 1111 genera
703 1021 1074 1108 adpaoeoent.
1147 1016 1351 1084 habes
1381 1016 1558 1083 enim
1592 1038 1691 1095 ea,
1724 1038 1895 1103 quae
1928 1040 2054 1083 non
2081 1020 2271 1083 >multi
2304 1020 2515 1084 homi-

309 1139 318 1157 *
429 1141 533 1184 nes
567 1116 721 1182 novi
756 1115 1151 1202 habuerunt:
1197 1111 1405 1185 omnis
1439 1110 1849 1198 publicanos,
1884 1123 2091 1179 totum
2125 1112 2267 1180 fere
2304 1134 2511 1198 eque-

429 1224 628 1279 strem
661 1209 983 1287 ordinem,
1035 1208 1241 1274 multa
1274 1207 1537 1295 propria
1570 1206 1950 1293 municipia,
2000 1208 2241 1274 multos
2278 1208 2407 1275 abs
2442 1221 2509 1275 te

431 1306 730 1373 defensos
758 1303 1048 1369 homines
1079 1302 1395 1386 cuiusque
1424 1301 1685 1378 ordinis,
1714 1302 1958 1386 aliquot
1986 1302 2282 1389 collegia,
2310 1326 2509 1389 prae-

427 1412 606 1466 terea
641 1398 853 1464 studio
889 1397 1146 1463 dieendi
1179 1394 1557 1462 conciliatos
1600 1396 1913 1482 plurimos
1956 1396 2508 1476 adulescentulos,

358 1521 386 1559 4
427 1494 816 1565 cotidianam
851 1492 1206 1562 amicorum
1239 1490 1692 1565 adsiduitatem
1730 1502 1795 1559 et
1829 1490 2281 1576 frequentiam.
2336 1492 2509 1561 haee

429 1612 585 1657 eura
615 1601 692 1655 ut
723 1600 946 1655 teneas
979 1586 1489 1653 commendando
1520 1598 1587 1652 et
1618 1586 1911 1673 rogando
1936 1597 2003 1653 et
2034 1588 2211 1653 omni
2244 1588 2507 1655 ratione

429 1684 796 1761 efficiendO,
831 1694 907 1749 ut
939 1682 1345 1770 intellegant,
1426 1681 1495 1745 ui
1530 1680 1769 1745 debent
1802 1690 1915 1746 tua
1950 1700 2176 1760 eausa,
2211 1682 2508 1749 referen-

429 1779 552 1845 dae
587 1778 863 1866 gratiae,
909 1776 1022 1862 qui
1065 1777 1320 1853 volunt,
1365 1795 1405 1840 o
1450 1773 1697 1863 ligandi
1742 1774 1838 1843 tui
1872 1784 2123 1865 tempus
2160 1775 2286 1845 sibi
2310 1776 2506 1871 ,aliud

427 1874 679 1941 nullum
721 1872 882 1941 fore.
967 1871 1162 1939 etiam
1196 1870 1322 1939 hoe
1355 1868 1632 1939 multum
1666 1868 1921 1937 videtur
1953 1871 2261 1939 adiuvare
2307 1894 2503 1959 posse

427 1958 672 2035 nolum
705 1968 1062 2037 hominem:
1097 1966 1432 2033 hominum
1452 1964 1769 2030 nobilium
1795 1965 2097 2031 volunta
2116 1977 2187 2032 et
2215 1967 2501 2035 maxime

429 2062 892 2139 eonmlarinm3
955 2061 1246 2148 prodest,
1309 2080 1585 2145 quorum
1637 2059 1707 2125 in
1758 2059 1974 2125 locum
2024 2082 2103 2125 ae
2151 2080 2503 2151 numerum

427 2157 764 2244 pervenire
801 2156 991 2235 velis,
1037 2156 1122 2221 ab
1163 2155 1243 2221 iis
1287 2154 1444 2245 ipsis
1486 2152 1597 2219 illo
1631 2154 1775 2220 loeo
1812 2172 1889 2223 ae
1922 2176 2191 2221 numero
2226 2150 2531 2245 dignum'

357 2272 386 2312 5
428 2250 662 2343 putari.
725 2250 794 2316 hi
828 2249 1097 2337 rogandi
1133 2272 1357 2319 omnes
1392 2260 1543 2317 sunt
1578 2246 1919 2335 diligenter
1952 2262 2019 2318 et
2052 2250 2138 2317 ad
2172 2272 2287 2317 eos
2323 2250 2497 2319 adle-

427 2342 716 2431 gandum
753 2354 852 2407 est
885 2342 1540 2429 persuadendumque
1572 2344 1655 2411 iis
1688 2365 1811 2409 nos
1850 2364 2109 2431 semper
2140 2367 2297 2413 eum
2333 2346 2496 2433 opti·

426 2437 705 2503 matibus
743 2437 823 2503 de
858 2460 930 2502 re
963 2436 1223 2523 publiea
1257 2439 1563 2516 sensisse,
1606 2438 1868 2504 minime
1901 2439 2230 2532 popularis
2266 2440 2493 2517 fuisse3

429 2534 483 2601 si
535 2532 694 2617 quid
742 2532 942 2599 loeuti
983 2532 1380 2619 populariter
1422 2534 1785 2611 videamur,
1836 2533 1905 2599 id
1946 2555 2065 2599 nos
2109 2555 2188 2599 eo
2232 2536 2493 2601 oonsilio

427 2628 658 2695 fecisse
670 2675 689 2706 ,
736 2638 810 2695 ut
851 2626 1035 2693 nobis
1073 2620 1195 2693 On.
1230 2624 1619 2715 Pompeium
1655 2627 2179 2715 adiungeremus,
2216 2642 2289 2694 ut
2330 2653 2492 2705 eum,

427 2724 542 2807 qui
592 2724 941 2809 plurimum
990 2732 1240 2809 posset,
1299 2733 1415 2790 aut
1466 2723 1746 2792 amioum
1796 2723 1866 2793 in
1914 2735 2136 2791 nostra
2188 2725 2494 2810 petitione

357 2835 385 2875 ⁶
428 2817 812 2888 haberemus
847 2829 960 2887 aut
993 2828 1164 2887 uerte
1199 2838 1330 2884 non
1364 2817 1822 2887 adversarium.
1908 2829 2242 2905 praeterea
2276 2818 2495 2887 adule-
2526 2862 2535 2867 -
2671 2814 2672 2845 ³

429 2912 680 2979 sonatis·
699 2911 933 2981 nobilis
969 2912 1230 2979 elabora
1262 2923 1336 2983 ut
1366 2912 1611 2983 habeas
1648 2914 1751 2979 vel
1787 2923 1859 2981 ut
1894 2924 2115 2981 teneas
2150 2914 2495 2991 studiosos,

429 3026 594 3091 quos
626 3005 857 3085 habeon
893 3007 1168 3078 multum
1201 3006 1531 3094 dignitatis
1568 3008 1877 3075 adferent.
1910 3008 2238 3095 ‘plurimos
2265 3008 2495 3076 habes:

428 3102 666 3190 perseo
696 3113 774 3169 ut
805 3100 1039 3179 sciant,
1074 3114 1387 3188 quantum
1418 3102 1492 3173 in
1521 3102 1598 3171 iis
1634 3115 1826 3189 putes·
1858 3126 2029 3181 esse3
2062 3103 2115 3172 si
2152 3102 2497 3173 adduxeras

429 3209 503 3267 ut
535 3197 603 3276 ii,
639 3197 752 3283 qui
787 3218 922 3290 non
949 3197 1198 3276 nolunt,
1235 3197 1519 3284 cupiant,
1555 3198 1906 3284 plurimum
1941 3198 2312 3285 proderunt.

357 3277 393 3389 ξ
557 3292 664 3359 Ae
697 3294 972 3362 multum
1005 3292 1200 3363 etiam
1235 3294 1588 3363 novitatem
1621 3304 1801 3361 tuam
1821 3293 2119 3371 adiuvat,
2146 3294 2324 3377 quod
2362 3294 2493 3361 eiu·

428 3386 603 3453 modi
636 3388 882 3453 nobiles
909 3400 1124 3457 tecum
1157 3398 1407 3474 petunt,
1440 3400 1516 3453 ut
1540 3410 1731 3457 nemo
1764 3388 1986 3472 sit‘qui
2020 3388 2257 3455 audeat
2284 3388 2493 3459 diotre

427 3481 573 3567 plus
607 3481 732 3547 illis
775 3481 1174 3551 nobilitatem
1213 3504 1415 3567 quam
1460 3482 1579 3551 tibi
1622 3483 1922 3550 virtutem
1966 3482 2275 3569 prodesse
2309 3505 2495 3571 opor-

425 3588 582 3645 tere.
669 3576 802 3643 iam
831 3576 913 3642 P.
951 3574 1236 3645 Galbam
1277 3590 1345 3647 et
1378 3576 1463 3647 Ia.
1498 3574 1801 3643 Cassium
1835 3600 2091 3645 mmo
2133 3578 2277 3643 loeo
2312 3590 2493 3645 natos

425 3671 570 3755 quis
605 3681 704 3737 est
743 3672 860 3756 qui
901 3683 1118 3757 petere
1162 3673 1573 3743 oonsulatum
1614 3673 1834 3759 putet?
1902 3672 2082 3739 vides
2127 3672 2327 3759 igitur
2362 3696 2495 3739 am-

426 3766 730 3851 plissimis
761 3788 842 3836 ex
876 3765 1136 3835 familiis
1170 3767 1462 3835 homines
1476 3814 1495 3845 ,
1530 3767 1710 3853 quod
1742 3768 1881 3834 sine
1912 3767 2130 3834 nervis
2166 3778 2340 3845 sunt,
2378 3766 2493 3833 tibi

365 3878 392 3917 8
424 3860 598 3942 paris
640 3881 774 3929 non
813 3882 975 3927 esse.
1064 3868 1164 3927 ‘at
1197 3859 1483 3933 Catilina
1524 3873 1592 3945 et
1626 3861 1953 3931 Antonius
2000 3861 2257 3929 molesti
2300 3863 2490 3929 sunt?

424 3952 622 4017 immo
657 3950 898 4023 homini
931 3960 1121 4032 naso,
1155 3956 1491 4034 industrio,
1526 3956 1879 4035 innocenti,
1916 3957 2174 4036 diserto,
2200 3956 2491 4047 'gratioso

427 4042 598 4123 apud
635 4062 766 4121 eos,
798 4046 914 4127 qui
945 4068 1048 4113 tes
1083 4046 1399 4128 iudicant,
1434 4050 1701 4137 optandi
1734 4051 2187 4139 eonpetitores‚
2224 4052 2423 4119 ambo
2454 4074 2493 4117 a
