<?xml version="1.0" encoding="UTF-8"?>
<!DOCTYPE html PUBLIC "-//W3C//DTD XHTML 1.0 Transitional//EN"
    "http://www.w3.org/TR/xhtml1/DTD/xhtml1-transitional.dtd">
<html xmlns="http://www.w3.org/1999/xhtml" xml:lang="en" lang="en">
 <head>
  <title>
</title>
<meta http-equiv="Content-Type" content="text/html;charset=utf-8" />
  <meta name='ocr-system' content='tesseract 3.04.00' />
  <meta name='ocr-capabilities' content='ocr_page ocr_carea ocr_par ocr_line ocrx_word'/>
</head>
<body>
  <div class='ocr_page' id='page_1' title='image "./mtulliiciceroni12unkngoog/mtulliiciceroni12unkngoog_0520.png"; bbox 0 0 2675 4559; ppageno 0'>
   <div class='ocr_carea' id='block_1_1' title="bbox 413 247 1855 316">
    <p class='ocr_par' dir='ltr' id='par_1_1' title="bbox 413 247 1855 316">
     <span class='ocr_line' id='line_1_1' title="bbox 413 247 1855 316; baseline 0 -3"><span class='ocrx_word' id='word_1_1' title='bbox 413 247 545 313; x_wconf 83' lang='grc'><strong>436</strong></span> <span class='ocrx_word' id='word_1_2' title='bbox 1027 258 1104 313; x_wconf 82' lang='grc' dir='ltr'><strong>Μ.</strong></span> <span class='ocrx_word' id='word_1_3' title='bbox 1141 258 1423 316; x_wconf 81' lang='lat' dir='ltr'>TULLII</span> <span class='ocrx_word' id='word_1_4' title='bbox 1454 256 1855 315; x_wconf 80' lang='lat' dir='ltr'>CICERONIS</span> 
     </span>
    </p>
   </div>
   <div class='ocr_carea' id='block_1_2' title="bbox 309 380 2485 4155">
    <p class='ocr_par' dir='ltr' id='par_1_2' title="bbox 309 380 2485 4155">
     <span class='ocr_line' id='line_1_2' title="bbox 411 380 2481 469; baseline -0.002 -16"><span class='ocrx_word' id='word_1_5' title='bbox 411 406 565 453; x_wconf 89' lang='lat' dir='ltr'><strong>nam</strong></span> <span class='ocrx_word' id='word_1_6' title='bbox 617 380 793 469; x_wconf 87' lang='lat' dir='ltr'><strong>quod</strong></span> <span class='ocrx_word' id='word_1_7' title='bbox 843 380 928 451; x_wconf 88' lang='lat' dir='ltr'><strong>ad</strong></span> <span class='ocrx_word' id='word_1_8' title='bbox 982 393 1046 449; x_wconf 88' lang='lat' dir='ltr'><strong>te</strong></span> <span class='ocrx_word' id='word_1_9' title='bbox 1091 381 1278 468; x_wconf 88' lang='lat' dir='ltr'><strong>pueri</strong></span> <span class='ocrx_word' id='word_1_10' title='bbox 1325 380 1462 448; x_wconf 75' lang='lat' dir='ltr'><strong>sine</strong></span> <span class='ocrx_word' id='word_1_11' title='bbox 1504 380 1733 448; x_wconf 87' lang='lat' dir='ltr'><strong>litteris</strong></span> <span class='ocrx_word' id='word_1_12' title='bbox 1756 387 2116 461; x_wconf 53' lang='lat' dir='ltr'><strong>renerum,</strong></span> <span class='ocrx_word' id='word_1_13' title='bbox 2171 382 2481 466; x_wconf 85' lang='lat' dir='ltr'><strong>quoniam</strong></span> 
     </span>
     <span class='ocr_line' id='line_1_3' title="bbox 411 476 2481 563; baseline -0.001 -17"><span class='ocrx_word' id='word_1_14' title='bbox 411 480 591 546; x_wconf 81' lang='lat' dir='ltr'><strong>vides</strong></span> <span class='ocrx_word' id='word_1_15' title='bbox 617 499 748 543; x_wconf 88' lang='lat' dir='ltr'><strong>non</strong></span> <span class='ocrx_word' id='word_1_16' title='bbox 779 476 980 543; x_wconf 87' lang='lat' dir='ltr'><strong>fuisse</strong></span> <span class='ocrx_word' id='word_1_17' title='bbox 1015 476 1412 543; x_wconf 76' lang='lat' dir='ltr'><strong>iracundiam</strong></span> <span class='ocrx_word' id='word_1_18' title='bbox 1440 498 1721 553; x_wconf 67' lang='lat' dir='ltr'><strong>caum,</strong></span> <span class='ocrx_word' id='word_1_19' title='bbox 1758 486 1929 541; x_wconf 90' lang='lat' dir='ltr'><strong>certe</strong></span> <span class='ocrx_word' id='word_1_20' title='bbox 1962 476 2227 563; x_wconf 79' lang='lat' dir='ltr'><strong>pigritia</strong></span> <span class='ocrx_word' id='word_1_21' title='bbox 2261 476 2389 542; x_wconf 77' lang='lat' dir='ltr'><strong>fuit</strong></span> <span class='ocrx_word' id='word_1_22' title='bbox 2418 488 2481 543; x_wconf 90' lang='lat' dir='ltr'><strong>et</strong></span> 
     </span>
     <span class='ocr_line' id='line_1_4' title="bbox 351 570 2481 661; baseline -0.002 -20"><span class='ocrx_word' id='word_1_23' title='bbox 351 604 376 642; x_wconf 71' lang='lat' dir='ltr'><strong>a</strong></span> <span class='ocrx_word' id='word_1_24' title='bbox 411 573 728 661; x_wconf 76' lang='lat' dir='ltr'><strong>quaedam</strong></span> <span class='ocrx_word' id='word_1_25' title='bbox 770 571 1018 637; x_wconf 87' lang='lat' dir='ltr'><strong>infinita</strong></span> <span class='ocrx_word' id='word_1_26' title='bbox 1061 572 1161 637; x_wconf 83' lang='lat' dir='ltr'><strong>vis</strong></span> <span class='ocrx_word' id='word_1_27' title='bbox 1201 570 1611 637; x_wconf 86' lang='lat' dir='ltr'><strong>lacrimarum</strong></span> <span class='ocrx_word' id='word_1_28' title='bbox 1646 582 1711 636; x_wconf 89' lang='lat' dir='ltr'><strong>et</strong></span> <span class='ocrx_word' id='word_1_29' title='bbox 1746 570 2057 637; x_wconf 86' lang='lat' dir='ltr'><strong>dolorum.</strong></span> <span class='ocrx_word' id='word_1_30' title='bbox 2138 572 2305 639; x_wconf 87' lang='lat' dir='ltr'><strong>haec</strong></span> <span class='ocrx_word' id='word_1_31' title='bbox 2337 572 2481 659; x_wconf 89' lang='lat' dir='ltr'><strong>ipsa</strong></span> 
     </span>
     <span class='ocr_line' id='line_1_5' title="bbox 410 664 2479 753; baseline -0 -19"><span class='ocrx_word' id='word_1_32' title='bbox 410 692 514 736; x_wconf 89' lang='lat' dir='ltr'><strong>me</strong></span> <span class='ocrx_word' id='word_1_33' title='bbox 566 689 696 753; x_wconf 87' lang='lat' dir='ltr'><strong>quo</strong></span> <span class='ocrx_word' id='word_1_34' title='bbox 747 668 906 735; x_wconf 86' lang='lat' dir='ltr'><strong>fletu</strong></span> <span class='ocrx_word' id='word_1_35' title='bbox 955 677 1148 753; x_wconf 86' lang='lat' dir='ltr'><strong>putas</strong></span> <span class='ocrx_word' id='word_1_36' title='bbox 1199 666 1569 753; x_wconf 75' lang='lat' dir='ltr'><strong>scripsisse?</strong></span> <span class='ocrx_word' id='word_1_37' title='bbox 1628 664 1887 744; x_wconf 88' lang='lat' dir='ltr'><strong>eodem,</strong></span> <span class='ocrx_word' id='word_1_38' title='bbox 1950 686 2080 751; x_wconf 87' lang='lat' dir='ltr'><strong>quo</strong></span> <span class='ocrx_word' id='word_1_39' title='bbox 2134 677 2201 733; x_wconf 90' lang='lat' dir='ltr'><strong>te</strong></span> <span class='ocrx_word' id='word_1_40' title='bbox 2262 667 2479 753; x_wconf 86' lang='lat' dir='ltr'><strong>legere</strong></span> 
     </span>
     <span class='ocr_line' id='line_1_6' title="bbox 409 759 2482 848; baseline -0.001 -19"><span class='ocrx_word' id='word_1_41' title='bbox 409 773 584 829; x_wconf 85' lang='lat' dir='ltr'><strong>certo</strong></span> <span class='ocrx_word' id='word_1_42' title='bbox 629 762 782 829; x_wconf 90' lang='lat' dir='ltr'><strong>scio.</strong></span> <span class='ocrx_word' id='word_1_43' title='bbox 871 784 956 827; x_wconf 88' lang='lat' dir='ltr'><strong>an</strong></span> <span class='ocrx_word' id='word_1_44' title='bbox 999 782 1123 848; x_wconf 87' lang='lat' dir='ltr'><strong>ego</strong></span> <span class='ocrx_word' id='word_1_45' title='bbox 1166 782 1431 847; x_wconf 88' lang='lat' dir='ltr'><strong>possum</strong></span> <span class='ocrx_word' id='word_1_46' title='bbox 1462 771 1590 826; x_wconf 81' lang='lat' dir='ltr'><strong>aut</strong></span> <span class='ocrx_word' id='word_1_47' title='bbox 1632 782 1763 825; x_wconf 89' lang='lat' dir='ltr'><strong>non</strong></span> <span class='ocrx_word' id='word_1_48' title='bbox 1810 760 2092 846; x_wconf 84' lang='lat' dir='ltr'><strong>cogitare</strong></span> <span class='ocrx_word' id='word_1_49' title='bbox 2128 759 2482 845; x_wconf 84' lang='lat' dir='ltr'><strong>aliquando</strong></span> 
     </span>
     <span class='ocr_line' id='line_1_7' title="bbox 410 854 2485 941; baseline -0 -19"><span class='ocrx_word' id='word_1_50' title='bbox 410 858 490 923; x_wconf 87' lang='lat' dir='ltr'><strong>de</strong></span> <span class='ocrx_word' id='word_1_51' title='bbox 523 868 590 923; x_wconf 87' lang='lat' dir='ltr'><strong>te</strong></span> <span class='ocrx_word' id='word_1_52' title='bbox 633 866 748 924; x_wconf 86' lang='lat' dir='ltr'><strong>aut</strong></span> <span class='ocrx_word' id='word_1_53' title='bbox 787 877 1098 940; x_wconf 86' lang='lat' dir='ltr'><strong>umquam</strong></span> <span class='ocrx_word' id='word_1_54' title='bbox 1141 856 1277 921; x_wconf 86' lang='lat' dir='ltr'><strong>sine</strong></span> <span class='ocrx_word' id='word_1_55' title='bbox 1321 854 1600 921; x_wconf 85' lang='lat' dir='ltr'><strong>lacrimis</strong></span> <span class='ocrx_word' id='word_1_56' title='bbox 1636 854 1958 941; x_wconf 83' lang='lat' dir='ltr'><strong>cogitare?</strong></span> <span class='ocrx_word' id='word_1_57' title='bbox 2004 876 2157 921; x_wconf 88' lang='lat' dir='ltr'><strong>cum</strong></span> <span class='ocrx_word' id='word_1_58' title='bbox 2204 856 2381 920; x_wconf 87' lang='lat' dir='ltr'><strong>enim</strong></span> <span class='ocrx_word' id='word_1_59' title='bbox 2416 866 2485 921; x_wconf 90' lang='lat' dir='ltr'><strong>te</strong></span> 
     </span>
     <span class='ocr_line' id='line_1_8' title="bbox 409 948 2481 1037; baseline -0.001 -20"><span class='ocrx_word' id='word_1_60' title='bbox 409 951 733 1028; x_wconf 84' lang='lat' dir='ltr'><strong>desidero,</strong></span> <span class='ocrx_word' id='word_1_61' title='bbox 794 950 1058 1017; x_wconf 84' lang='lat' dir='ltr'><strong>fratrem</strong></span> <span class='ocrx_word' id='word_1_62' title='bbox 1111 950 1318 1014; x_wconf 90' lang='lat' dir='ltr'><strong>solum</strong></span> <span class='ocrx_word' id='word_1_63' title='bbox 1371 948 1702 1015; x_wconf 74' lang='lat' dir='ltr'><strong>desidero?</strong></span> <span class='ocrx_word' id='word_1_64' title='bbox 1768 972 1891 1037; x_wconf 84' lang='lat' dir='ltr'><strong>ego</strong></span> <span class='ocrx_word' id='word_1_65' title='bbox 1950 971 2104 1015; x_wconf 83' lang='lat' dir='ltr'><strong>vero</strong></span> <span class='ocrx_word' id='word_1_66' title='bbox 2160 950 2481 1015; x_wconf 82' lang='lat' dir='ltr'><strong>suavitate</strong></span> 
     </span>
     <span class='ocr_line' id='line_1_9' title="bbox 408 1043 2483 1132; baseline -0.001 -20"><span class='ocrx_word' id='word_1_67' title='bbox 408 1047 672 1114; x_wconf 84' lang='lat' dir='ltr'><strong>fratrem</strong></span> <span class='ocrx_word' id='word_1_68' title='bbox 706 1067 907 1132; x_wconf 85' lang='lat' dir='ltr'><strong>prope</strong></span> <span class='ocrx_word' id='word_1_69' title='bbox 941 1045 1295 1130; x_wconf 86' lang='lat' dir='ltr'><strong>aequalem,</strong></span> <span class='ocrx_word' id='word_1_70' title='bbox 1331 1043 1643 1129; x_wconf 86' lang='lat' dir='ltr'><strong>obsequio</strong></span> <span class='ocrx_word' id='word_1_71' title='bbox 1676 1043 1902 1121; x_wconf 87' lang='lat' dir='ltr'><strong>filium,</strong></span> <span class='ocrx_word' id='word_1_72' title='bbox 1938 1044 2208 1109; x_wconf 87' lang='lat' dir='ltr'><strong>consilio</strong></span> <span class='ocrx_word' id='word_1_73' title='bbox 2245 1066 2483 1129; x_wconf 83' lang='lat' dir='ltr'><strong>paren·</strong></span> 
     </span>
     <span class='ocr_line' id='line_1_10' title="bbox 409 1137 2480 1225; baseline -0.001 -19"><span class='ocrx_word' id='word_1_74' title='bbox 409 1152 560 1207; x_wconf 86' lang='lat' dir='ltr'><strong>tem.</strong></span> <span class='ocrx_word' id='word_1_75' title='bbox 631 1140 787 1225; x_wconf 89' lang='lat' dir='ltr'><strong>quid</strong></span> <span class='ocrx_word' id='word_1_76' title='bbox 821 1138 978 1205; x_wconf 87' lang='lat' dir='ltr'><strong>mihi</strong></span> <span class='ocrx_word' id='word_1_77' title='bbox 1013 1139 1150 1205; x_wconf 85' lang='lat' dir='ltr'><strong>sine</strong></span> <span class='ocrx_word' id='word_1_78' title='bbox 1183 1149 1249 1205; x_wconf 88' lang='lat' dir='ltr'><strong>te</strong></span> <span class='ocrx_word' id='word_1_79' title='bbox 1283 1160 1592 1222; x_wconf 87' lang='lat' dir='ltr'><strong>umquam</strong></span> <span class='ocrx_word' id='word_1_80' title='bbox 1624 1148 1739 1205; x_wconf 88' lang='lat' dir='ltr'><strong>aut</strong></span> <span class='ocrx_word' id='word_1_81' title='bbox 1782 1137 1903 1203; x_wconf 89' lang='lat' dir='ltr'><strong>tibi</strong></span> <span class='ocrx_word' id='word_1_82' title='bbox 1935 1137 2073 1204; x_wconf 90' lang='lat' dir='ltr'><strong>sine</strong></span> <span class='ocrx_word' id='word_1_83' title='bbox 2108 1162 2215 1204; x_wconf 89' lang='lat' dir='ltr'><strong>me</strong></span> <span class='ocrx_word' id='word_1_84' title='bbox 2250 1139 2480 1203; x_wconf 87' lang='lat' dir='ltr'><strong>iucun-</strong></span> 
     </span>
     <span class='ocr_line' id='line_1_11' title="bbox 411 1232 2483 1319; baseline -0.002 -17"><span class='ocrx_word' id='word_1_85' title='bbox 411 1237 567 1302; x_wconf 90' lang='lat' dir='ltr'><strong>dum</strong></span> <span class='ocrx_word' id='word_1_86' title='bbox 617 1236 780 1302; x_wconf 82' lang='lat' dir='ltr'><strong>fuit?</strong></span> <span class='ocrx_word' id='word_1_87' title='bbox 832 1234 989 1319; x_wconf 85' lang='lat' dir='ltr'><strong>quid</strong></span> <span class='ocrx_word' id='word_1_88' title='bbox 1041 1232 1218 1318; x_wconf 89' lang='lat' dir='ltr'><strong>quod</strong></span> <span class='ocrx_word' id='word_1_89' title='bbox 1271 1233 1499 1300; x_wconf 87' lang='lat' dir='ltr'><strong>eodem</strong></span> <span class='ocrx_word' id='word_1_90' title='bbox 1549 1245 1840 1319; x_wconf 88' lang='lat' dir='ltr'><strong>tempore</strong></span> <span class='ocrx_word' id='word_1_91' title='bbox 1890 1232 2186 1300; x_wconf 87' lang='lat' dir='ltr'><strong>desidero</strong></span> <span class='ocrx_word' id='word_1_92' title='bbox 2238 1234 2483 1300; x_wconf 76' lang='lat' dir='ltr'><strong>filiam?</strong></span> 
     </span>
     <span class='ocr_line' id='line_1_12' title="bbox 410 1326 2478 1417; baseline -0.001 -21"><span class='ocrx_word' id='word_1_93' title='bbox 410 1354 540 1417; x_wconf 90' lang='lat' dir='ltr'><strong>qua</strong></span> <span class='ocrx_word' id='word_1_94' title='bbox 578 1330 846 1417; x_wconf 85' lang='lat' dir='ltr'><strong>pietate,</strong></span> <span class='ocrx_word' id='word_1_95' title='bbox 898 1350 1031 1412; x_wconf 90' lang='lat' dir='ltr'><strong>qua</strong></span> <span class='ocrx_word' id='word_1_96' title='bbox 1073 1328 1418 1405; x_wconf 88' lang='lat' dir='ltr'><strong>modestia,</strong></span> <span class='ocrx_word' id='word_1_97' title='bbox 1472 1350 1603 1413; x_wconf 90' lang='lat' dir='ltr'><strong>quo</strong></span> <span class='ocrx_word' id='word_1_98' title='bbox 1646 1326 1937 1414; x_wconf 70' lang='lat' dir='ltr'><strong>ingenio!</strong></span> <span class='ocrx_word' id='word_1_99' title='bbox 1990 1327 2283 1414; x_wconf 85' lang='lat' dir='ltr'><strong>effigiem</strong></span> <span class='ocrx_word' id='word_1_100' title='bbox 2328 1328 2478 1404; x_wconf 87' lang='lat' dir='ltr'><strong>oris,</strong></span> 
     </span>
     <span class='ocr_line' id='line_1_13' title="bbox 409 1423 2479 1511; baseline 0 -19"><span class='ocrx_word' id='word_1_101' title='bbox 409 1424 737 1502; x_wconf 89' lang='lat' dir='ltr'><strong>sermonis,</strong></span> <span class='ocrx_word' id='word_1_102' title='bbox 773 1424 970 1489; x_wconf 87' lang='lat' dir='ltr'><strong>animi</strong></span> <span class='ocrx_word' id='word_1_103' title='bbox 1004 1423 1160 1489; x_wconf 84' lang='lat' dir='ltr'><strong>mei!</strong></span> <span class='ocrx_word' id='word_1_104' title='bbox 1197 1423 1358 1508; x_wconf 87' lang='lat' dir='ltr'><strong>quid</strong></span> <span class='ocrx_word' id='word_1_105' title='bbox 1392 1424 1596 1490; x_wconf 85' lang='lat' dir='ltr'><strong>filium</strong></span> <span class='ocrx_word' id='word_1_106' title='bbox 1628 1424 2151 1490; x_wconf 83' lang='lat' dir='ltr'><strong>venustissimum</strong></span> <span class='ocrx_word' id='word_1_107' title='bbox 2186 1425 2479 1511; x_wconf 80' lang='lat' dir='ltr'><strong>mihique</strong></span> 
     </span>
     <span class='ocr_line' id='line_1_14' title="bbox 409 1518 2480 1606; baseline 0.001 -23"><span class='ocrx_word' id='word_1_108' title='bbox 409 1518 889 1585; x_wconf 78' lang='lat' dir='ltr'><strong>dulcissimum?</strong></span> <span class='ocrx_word' id='word_1_109' title='bbox 933 1539 1126 1601; x_wconf 86' lang='lat' dir='ltr'><strong>quem</strong></span> <span class='ocrx_word' id='word_1_110' title='bbox 1163 1540 1286 1603; x_wconf 86' lang='lat' dir='ltr'><strong>ego</strong></span> <span class='ocrx_word' id='word_1_111' title='bbox 1330 1518 1507 1603; x_wconf 84' lang='lat' dir='ltr'><strong>ferus</strong></span> <span class='ocrx_word' id='word_1_112' title='bbox 1543 1540 1620 1585; x_wconf 86' lang='lat' dir='ltr'><strong>ac</strong></span> <span class='ocrx_word' id='word_1_113' title='bbox 1666 1518 1911 1584; x_wconf 87' lang='lat' dir='ltr'><strong>ferreus</strong></span> <span class='ocrx_word' id='word_1_114' title='bbox 1946 1540 1982 1585; x_wconf 92' lang='lat' dir='ltr'><strong>e</strong></span> <span class='ocrx_word' id='word_1_115' title='bbox 2019 1519 2346 1606; x_wconf 85' lang='lat' dir='ltr'><strong>conplexu</strong></span> <span class='ocrx_word' id='word_1_116' title='bbox 2383 1521 2480 1585; x_wconf 88' lang='lat' dir='ltr'><strong>di-</strong></span> 
     </span>
     <span class='ocr_line' id='line_1_15' title="bbox 405 1610 2479 1699; baseline 0 -22"><span class='ocrx_word' id='word_1_117' title='bbox 405 1614 552 1679; x_wconf 87' lang='lat' dir='ltr'><strong>misi</strong></span> <span class='ocrx_word' id='word_1_118' title='bbox 593 1634 767 1689; x_wconf 87' lang='lat' dir='ltr'><strong>me0‚</strong></span> <span class='ocrx_word' id='word_1_119' title='bbox 815 1610 1263 1699; x_wconf 81' lang='lat' dir='ltr'><strong>sapientiorem</strong></span> <span class='ocrx_word' id='word_1_120' title='bbox 1297 1634 1571 1698; x_wconf 87' lang='lat' dir='ltr'><strong>puerum</strong></span> <span class='ocrx_word' id='word_1_121' title='bbox 1616 1634 1813 1696; x_wconf 89' lang='lat' dir='ltr'><strong>quam</strong></span> <span class='ocrx_word' id='word_1_122' title='bbox 1848 1613 2109 1682; x_wconf 85' lang='lat' dir='ltr'><strong>vellem:</strong></span> <span class='ocrx_word' id='word_1_123' title='bbox 2156 1614 2479 1680; x_wconf 79' lang='lat' dir='ltr'><strong>sentiebat</strong></span> 
     </span>
     <span class='ocr_line' id='line_1_16' title="bbox 409 1704 2478 1792; baseline -0 -18"><span class='ocrx_word' id='word_1_124' title='bbox 409 1704 580 1775; x_wconf 88' lang='lat' dir='ltr'><strong>enim</strong></span> <span class='ocrx_word' id='word_1_125' title='bbox 614 1707 808 1773; x_wconf 90' lang='lat' dir='ltr'><strong>miser</strong></span> <span class='ocrx_word' id='word_1_126' title='bbox 841 1707 1002 1784; x_wconf 87' lang='lat' dir='ltr'><strong>iam,</strong></span> <span class='ocrx_word' id='word_1_127' title='bbox 1049 1705 1206 1790; x_wconf 89' lang='lat' dir='ltr'><strong>quid</strong></span> <span class='ocrx_word' id='word_1_128' title='bbox 1239 1718 1559 1792; x_wconf 82' lang='lat' dir='ltr'><strong>ageretur.</strong></span> <span class='ocrx_word' id='word_1_129' title='bbox 1648 1706 1806 1792; x_wconf 90' lang='lat' dir='ltr'><strong>quid</strong></span> <span class='ocrx_word' id='word_1_130' title='bbox 1840 1729 1992 1772; x_wconf 85' lang='lat' dir='ltr'><strong>vero</strong></span> <span class='ocrx_word' id='word_1_131' title='bbox 2028 1720 2214 1773; x_wconf 86' lang='lat' dir='ltr'><strong>tuum</strong></span> <span class='ocrx_word' id='word_1_132' title='bbox 2248 1708 2478 1785; x_wconf 83' lang='lat' dir='ltr'><strong>filium,</strong></span> 
     </span>
     <span class='ocr_line' id='line_1_17' title="bbox 405 1798 2479 1889; baseline 0.001 -22"><span class='ocrx_word' id='word_1_133' title='bbox 405 1803 754 1889; x_wconf 81' lang='lat' dir='ltr'><strong>imaginem</strong></span> <span class='ocrx_word' id='word_1_134' title='bbox 790 1812 989 1877; x_wconf 90' lang='lat' dir='ltr'><strong>tuam,</strong></span> <span class='ocrx_word' id='word_1_135' title='bbox 1027 1823 1220 1886; x_wconf 87' lang='lat' dir='ltr'><strong>quem</strong></span> <span class='ocrx_word' id='word_1_136' title='bbox 1255 1823 1441 1867; x_wconf 86' lang='lat' dir='ltr'><strong>meus</strong></span> <span class='ocrx_word' id='word_1_137' title='bbox 1458 1798 1689 1873; x_wconf 83' lang='lat' dir='ltr'><strong>Cicero</strong></span> <span class='ocrx_word' id='word_1_138' title='bbox 1724 1812 1788 1867; x_wconf 85' lang='lat' dir='ltr'><strong>et</strong></span> <span class='ocrx_word' id='word_1_139' title='bbox 1819 1802 2075 1866; x_wconf 87' lang='lat' dir='ltr'><strong>amabat</strong></span> <span class='ocrx_word' id='word_1_140' title='bbox 2100 1813 2175 1867; x_wconf 88' lang='lat' dir='ltr'><strong>ut</strong></span> <span class='ocrx_word' id='word_1_141' title='bbox 2210 1800 2479 1870; x_wconf 85' lang='lat' dir='ltr'><strong>fratrem</strong></span> 
     </span>
     <span class='ocr_line' id='line_1_18' title="bbox 406 1894 2479 1979; baseline 0 -17"><span class='ocrx_word' id='word_1_142' title='bbox 406 1907 473 1963; x_wconf 87' lang='lat' dir='ltr'><strong>et</strong></span> <span class='ocrx_word' id='word_1_143' title='bbox 515 1897 648 1961; x_wconf 89' lang='lat' dir='ltr'><strong>iam</strong></span> <span class='ocrx_word' id='word_1_144' title='bbox 690 1906 765 1962; x_wconf 88' lang='lat' dir='ltr'><strong>ut</strong></span> <span class='ocrx_word' id='word_1_145' title='bbox 809 1895 1119 1961; x_wconf 89' lang='lat' dir='ltr'><strong>maiorem</strong></span> <span class='ocrx_word' id='word_1_146' title='bbox 1163 1894 1429 1961; x_wconf 89' lang='lat' dir='ltr'><strong>fratrem</strong></span> <span class='ocrx_word' id='word_1_147' title='bbox 1471 1896 1854 1961; x_wconf 77' lang='lat' dir='ltr'><strong>verebatur?</strong></span> <span class='ocrx_word' id='word_1_148' title='bbox 1904 1894 2061 1979; x_wconf 91' lang='lat' dir='ltr'><strong>quid</strong></span> <span class='ocrx_word' id='word_1_149' title='bbox 2104 1896 2283 1979; x_wconf 89' lang='lat' dir='ltr'><strong>quod</strong></span> <span class='ocrx_word' id='word_1_150' title='bbox 2339 1920 2479 1963; x_wconf 89' lang='lat' dir='ltr'><strong>mu·-</strong></span> 
     </span>
     <span class='ocr_line' id='line_1_19' title="bbox 403 1989 2479 2076; baseline 0 -19"><span class='ocrx_word' id='word_1_151' title='bbox 403 1990 628 2057; x_wconf 89' lang='lat' dir='ltr'><strong>lierem</strong></span> <span class='ocrx_word' id='word_1_152' title='bbox 662 1990 1116 2067; x_wconf 81' lang='lat' dir='ltr'><strong>miserrimam,</strong></span> <span class='ocrx_word' id='word_1_153' title='bbox 1149 1989 1589 2056; x_wconf 86' lang='lat' dir='ltr'><strong>fidelissimam</strong></span> <span class='ocrx_word' id='word_1_154' title='bbox 1624 1990 1994 2076; x_wconf 87' lang='lat' dir='ltr'><strong>coniugem,</strong></span> <span class='ocrx_word' id='word_1_155' title='bbox 2032 2012 2135 2055; x_wconf 89' lang='lat' dir='ltr'><strong>me</strong></span> <span class='ocrx_word' id='word_1_156' title='bbox 2170 1992 2479 2076; x_wconf 88' lang='lat' dir='ltr'><strong>prosequi</strong></span> 
     </span>
     <span class='ocr_line' id='line_1_20' title="bbox 403 2084 2480 2170; baseline 0 -20"><span class='ocrx_word' id='word_1_157' title='bbox 403 2106 537 2151; x_wconf 88' lang='lat' dir='ltr'><strong>non</strong></span> <span class='ocrx_word' id='word_1_158' title='bbox 569 2106 716 2152; x_wconf 87' lang='lat' dir='ltr'><strong>sum</strong></span> <span class='ocrx_word' id='word_1_159' title='bbox 751 2106 1001 2170; x_wconf 87' lang='lat' dir='ltr'><strong>passus,</strong></span> <span class='ocrx_word' id='word_1_160' title='bbox 1039 2094 1111 2149; x_wconf 88' lang='lat' dir='ltr'><strong>ut</strong></span> <span class='ocrx_word' id='word_1_161' title='bbox 1147 2094 1334 2162; x_wconf 85' lang='lat' dir='ltr'><strong>esset,</strong></span> <span class='ocrx_word' id='word_1_162' title='bbox 1372 2104 1541 2167; x_wconf 89' lang='lat' dir='ltr'><strong>quae</strong></span> <span class='ocrx_word' id='word_1_163' title='bbox 1573 2084 1875 2169; x_wconf 78' lang='lat' dir='ltr'><strong>reliquias</strong></span> <span class='ocrx_word' id='word_1_164' title='bbox 1910 2084 2269 2149; x_wconf 87' lang='lat' dir='ltr'><strong>communis</strong></span> <span class='ocrx_word' id='word_1_165' title='bbox 2307 2087 2480 2151; x_wconf 85' lang='lat' dir='ltr'><strong>cala-</strong></span> 
     </span>
     <span class='ocr_line' id='line_1_21' title="bbox 343 2177 2479 2263; baseline 0.003 -25"><span class='ocrx_word' id='word_1_166' title='bbox 343 2200 371 2238; x_wconf 73' lang='lat'>4</span> <span class='ocrx_word' id='word_1_167' title='bbox 405 2180 644 2244; x_wconf 88' lang='lat' dir='ltr'><strong>mitatis</strong></span> <span class='ocrx_word' id='word_1_168' title='bbox 655 2226 675 2256; x_wconf 91' lang='lat'>,</span> <span class='ocrx_word' id='word_1_169' title='bbox 731 2178 1090 2243; x_wconf 87' lang='lat' dir='ltr'><strong>communis</strong></span> <span class='ocrx_word' id='word_1_170' title='bbox 1123 2178 1360 2243; x_wconf 89' lang='lat' dir='ltr'><strong>liberos</strong></span> <span class='ocrx_word' id='word_1_171' title='bbox 1398 2178 1725 2243; x_wconf 81' lang='lat' dir='ltr'><strong>tueretur?</strong></span> <span class='ocrx_word' id='word_1_172' title='bbox 1772 2177 1887 2243; x_wconf 88' lang='lat' dir='ltr'><strong>sed</strong></span> <span class='ocrx_word' id='word_1_173' title='bbox 1921 2189 2165 2255; x_wconf 84' lang='lat' dir='ltr'><strong>tamen,</strong></span> <span class='ocrx_word' id='word_1_174' title='bbox 2212 2200 2479 2263; x_wconf 90' lang='lat' dir='ltr'><strong>quoquo</strong></span> 
     </span>
     <span class='ocr_line' id='line_1_22' title="bbox 401 2271 2475 2360; baseline 0.001 -23"><span class='ocrx_word' id='word_1_175' title='bbox 401 2272 595 2337; x_wconf 91' lang='lat' dir='ltr'><strong>modo</strong></span> <span class='ocrx_word' id='word_1_176' title='bbox 646 2271 859 2357; x_wconf 89' lang='lat' dir='ltr'><strong>potui,</strong></span> <span class='ocrx_word' id='word_1_177' title='bbox 923 2271 1148 2356; x_wconf 82' lang='lat' dir='ltr'><strong>scripsi</strong></span> <span class='ocrx_word' id='word_1_178' title='bbox 1201 2284 1266 2337; x_wconf 87' lang='lat' dir='ltr'><strong>et</strong></span> <span class='ocrx_word' id='word_1_179' title='bbox 1319 2272 1471 2336; x_wconf 89' lang='lat' dir='ltr'><strong>dedi</strong></span> <span class='ocrx_word' id='word_1_180' title='bbox 1534 2272 1777 2338; x_wconf 80' lang='lat' dir='ltr'><strong>litteras</strong></span> <span class='ocrx_word' id='word_1_181' title='bbox 1832 2272 1913 2337; x_wconf 87' lang='lat' dir='ltr'><strong>ad</strong></span> <span class='ocrx_word' id='word_1_182' title='bbox 1967 2284 2031 2338; x_wconf 89' lang='lat' dir='ltr'><strong>te</strong></span> <span class='ocrx_word' id='word_1_183' title='bbox 2082 2272 2475 2360; x_wconf 89' lang='lat' dir='ltr'><strong>Philogono,</strong></span> 
     </span>
     <span class='ocr_line' id='line_1_23' title="bbox 400 2364 2479 2453; baseline 0.001 -21"><span class='ocrx_word' id='word_1_184' title='bbox 400 2366 630 2433; x_wconf 88' lang='lat' dir='ltr'><strong>liberto</strong></span> <span class='ocrx_word' id='word_1_185' title='bbox 661 2376 807 2443; x_wconf 81' lang='lat' dir='ltr'><strong>tuo,</strong></span> <span class='ocrx_word' id='word_1_186' title='bbox 855 2385 1016 2448; x_wconf 87' lang='lat' dir='ltr'><strong>quas</strong></span> <span class='ocrx_word' id='word_1_187' title='bbox 1051 2365 1244 2431; x_wconf 85' lang='lat' dir='ltr'><strong>credo</strong></span> <span class='ocrx_word' id='word_1_188' title='bbox 1283 2364 1399 2429; x_wconf 84' lang='lat' dir='ltr'><strong>tibi</strong></span> <span class='ocrx_word' id='word_1_189' title='bbox 1432 2376 1659 2452; x_wconf 90' lang='lat' dir='ltr'><strong>postea</strong></span> <span class='ocrx_word' id='word_1_190' title='bbox 1692 2364 1976 2433; x_wconf 83' lang='lat' dir='ltr'><strong>redditas</strong></span> <span class='ocrx_word' id='word_1_191' title='bbox 2012 2390 2153 2433; x_wconf 90' lang='lat' dir='ltr'><strong>esse</strong></span> <span class='ocrx_word' id='word_1_192' title='bbox 2160 2392 2179 2446; x_wconf 85' lang='lat'><em>3</em></span> <span class='ocrx_word' id='word_1_193' title='bbox 2226 2369 2297 2433; x_wconf 89' lang='lat' dir='ltr'><strong>in</strong></span> <span class='ocrx_word' id='word_1_194' title='bbox 2333 2371 2479 2453; x_wconf 88' lang='lat' dir='ltr'><strong>qui-</strong></span> 
     </span>
     <span class='ocr_line' id='line_1_24' title="bbox 401 2457 2477 2547; baseline 0.002 -22"><span class='ocrx_word' id='word_1_195' title='bbox 401 2461 524 2525; x_wconf 83' lang='lat' dir='ltr'><strong>bus</strong></span> <span class='ocrx_word' id='word_1_196' title='bbox 559 2458 732 2525; x_wconf 87' lang='lat' dir='ltr'><strong>idem</strong></span> <span class='ocrx_word' id='word_1_197' title='bbox 765 2468 832 2524; x_wconf 86' lang='lat' dir='ltr'><strong>te</strong></span> <span class='ocrx_word' id='word_1_198' title='bbox 868 2457 1087 2523; x_wconf 80' lang='lat' dir='ltr'><strong>hortor</strong></span> <span class='ocrx_word' id='word_1_199' title='bbox 1120 2470 1185 2524; x_wconf 88' lang='lat' dir='ltr'><strong>et</strong></span> <span class='ocrx_word' id='word_1_200' title='bbox 1218 2480 1379 2544; x_wconf 87' lang='lat' dir='ltr'><strong>rogo</strong></span> <span class='ocrx_word' id='word_1_201' title='bbox 1392 2506 1411 2535; x_wconf 92' lang='lat'>‚</span> <span class='ocrx_word' id='word_1_202' title='bbox 1458 2460 1637 2543; x_wconf 88' lang='lat' dir='ltr'><strong>quod</strong></span> <span class='ocrx_word' id='word_1_203' title='bbox 1682 2462 1867 2547; x_wconf 90' lang='lat' dir='ltr'><strong>pueri</strong></span> <span class='ocrx_word' id='word_1_204' title='bbox 1912 2461 2027 2526; x_wconf 90' lang='lat' dir='ltr'><strong>tibi</strong></span> <span class='ocrx_word' id='word_1_205' title='bbox 2062 2462 2277 2527; x_wconf 84' lang='lat' dir='ltr'><strong>verbis</strong></span> <span class='ocrx_word' id='word_1_206' title='bbox 2314 2464 2477 2529; x_wconf 85' lang='lat' dir='ltr'><strong>meis</strong></span> 
     </span>
     <span class='ocr_line' id='line_1_25' title="bbox 398 2550 2479 2645; baseline 0.001 -25"><span class='ocrx_word' id='word_1_207' title='bbox 398 2554 794 2631; x_wconf 84' lang='lat' dir='ltr'><strong>nuntiarunt,</strong></span> <span class='ocrx_word' id='word_1_208' title='bbox 829 2564 903 2617; x_wconf 88' lang='lat' dir='ltr'><strong>ut</strong></span> <span class='ocrx_word' id='word_1_209' title='bbox 923 2550 1210 2619; x_wconf 79' lang='lat' dir='ltr'><strong>Romam</strong></span> <span class='ocrx_word' id='word_1_210' title='bbox 1243 2553 1537 2639; x_wconf 84' lang='lat' dir='ltr'><strong>protinus</strong></span> <span class='ocrx_word' id='word_1_211' title='bbox 1572 2576 1807 2641; x_wconf 83' lang='lat' dir='ltr'><strong>pergas</strong></span> <span class='ocrx_word' id='word_1_212' title='bbox 1846 2567 1910 2621; x_wconf 86' lang='lat' dir='ltr'><strong>et</strong></span> <span class='ocrx_word' id='word_1_213' title='bbox 1944 2578 2269 2641; x_wconf 88' lang='lat' dir='ltr'><strong>properes.</strong></span> <span class='ocrx_word' id='word_1_214' title='bbox 2345 2557 2479 2645; x_wconf 87' lang='lat' dir='ltr'><strong>pri-</strong></span> 
     </span>
     <span class='ocr_line' id='line_1_26' title="bbox 399 2648 2475 2734; baseline 0.002 -21"><span class='ocrx_word' id='word_1_215' title='bbox 399 2672 579 2715; x_wconf 88' lang='lat' dir='ltr'><strong>mum</strong></span> <span class='ocrx_word' id='word_1_216' title='bbox 615 2648 787 2714; x_wconf 89' lang='lat' dir='ltr'><strong>enim</strong></span> <span class='ocrx_word' id='word_1_217' title='bbox 829 2659 896 2713; x_wconf 84' lang='lat' dir='ltr'><strong>te</strong></span> <span class='ocrx_word' id='word_1_218' title='bbox 937 2648 1255 2734; x_wconf 87' lang='lat' dir='ltr'><strong>praesidio</strong></span> <span class='ocrx_word' id='word_1_219' title='bbox 1293 2670 1435 2714; x_wconf 90' lang='lat' dir='ltr'><strong>esse</strong></span> <span class='ocrx_word' id='word_1_220' title='bbox 1469 2650 1673 2727; x_wconf 84' lang='lat' dir='ltr'><strong>volui,</strong></span> <span class='ocrx_word' id='word_1_221' title='bbox 1726 2651 1781 2715; x_wconf 87' lang='lat' dir='ltr'><strong>si</strong></span> <span class='ocrx_word' id='word_1_222' title='bbox 1815 2651 1927 2734; x_wconf 89' lang='lat' dir='ltr'><strong>qui</strong></span> <span class='ocrx_word' id='word_1_223' title='bbox 1962 2662 2175 2717; x_wconf 87' lang='lat' dir='ltr'><strong>essent</strong></span> <span class='ocrx_word' id='word_1_224' title='bbox 2208 2652 2475 2731; x_wconf 87' lang='lat' dir='ltr'><strong>inimici,</strong></span> 
     </span>
     <span class='ocr_line' id='line_1_27' title="bbox 399 2742 2477 2827; baseline 0.002 -19"><span class='ocrx_word' id='word_1_225' title='bbox 399 2765 676 2827; x_wconf 77' lang='lat' dir='ltr'><strong>quorum</strong></span> <span class='ocrx_word' id='word_1_226' title='bbox 703 2742 1046 2809; x_wconf 87' lang='lat' dir='ltr'><strong>crudelitas</strong></span> <span class='ocrx_word' id='word_1_227' title='bbox 1073 2742 1360 2807; x_wconf 86' lang='lat' dir='ltr'><strong>nondum</strong></span> <span class='ocrx_word' id='word_1_228' title='bbox 1388 2754 1558 2808; x_wconf 87' lang='lat' dir='ltr'><strong>esset</strong></span> <span class='ocrx_word' id='word_1_229' title='bbox 1583 2756 1804 2809; x_wconf 85' lang='lat' dir='ltr'><strong>nostra</strong></span> <span class='ocrx_word' id='word_1_230' title='bbox 1824 2746 2183 2811; x_wconf 79' lang='lat' dir='ltr'><strong>calamitate</strong></span> <span class='ocrx_word' id='word_1_231' title='bbox 2211 2748 2477 2825; x_wconf 83' lang='lat' dir='ltr'><strong>satiata3</strong></span> 
     </span>
     <span class='ocr_line' id='line_1_28' title="bbox 400 2837 2480 2927; baseline 0.002 -27"><span class='ocrx_word' id='word_1_232' title='bbox 400 2837 631 2902; x_wconf 87' lang='lat' dir='ltr'><strong>deinde</strong></span> <span class='ocrx_word' id='word_1_233' title='bbox 660 2857 1044 2922; x_wconf 87' lang='lat' dir='ltr'><strong>congressus</strong></span> <span class='ocrx_word' id='word_1_234' title='bbox 1072 2837 1272 2902; x_wconf 89' lang='lat' dir='ltr'><strong>nostri</strong></span> <span class='ocrx_word' id='word_1_235' title='bbox 1305 2837 1828 2903; x_wconf 87' lang='lat' dir='ltr'><strong>lamentationem</strong></span> <span class='ocrx_word' id='word_1_236' title='bbox 1854 2840 2185 2924; x_wconf 85' lang='lat' dir='ltr'><strong>pertimui3</strong></span> <span class='ocrx_word' id='word_1_237' title='bbox 2224 2840 2480 2927; x_wconf 86' lang='lat' dir='ltr'><strong>digres-</strong></span> 
     </span>
     <span class='ocr_line' id='line_1_29' title="bbox 397 2930 2473 3020; baseline 0.004 -26"><span class='ocrx_word' id='word_1_238' title='bbox 397 2952 542 2994; x_wconf 86' lang='lat' dir='ltr'><strong>sum</strong></span> <span class='ocrx_word' id='word_1_239' title='bbox 578 2950 732 2995; x_wconf 86' lang='lat' dir='ltr'><strong>vero</strong></span> <span class='ocrx_word' id='word_1_240' title='bbox 767 2952 895 2995; x_wconf 88' lang='lat' dir='ltr'><strong>non</strong></span> <span class='ocrx_word' id='word_1_241' title='bbox 931 2930 1249 3009; x_wconf 76' lang='lat' dir='ltr'><strong>tulissem,</strong></span> <span class='ocrx_word' id='word_1_242' title='bbox 1303 2942 1499 3015; x_wconf 90' lang='lat' dir='ltr'><strong>atque</strong></span> <span class='ocrx_word' id='word_1_243' title='bbox 1536 2934 1729 2999; x_wconf 83' lang='lat' dir='ltr'><strong>etiam</strong></span> <span class='ocrx_word' id='word_1_244' title='bbox 1764 2934 1832 2998; x_wconf 93' lang='lat' dir='ltr'><strong>id</strong></span> <span class='ocrx_word' id='word_1_245' title='bbox 1876 2934 2121 3019; x_wconf 87' lang='lat' dir='ltr'><strong>ipsum,</strong></span> <span class='ocrx_word' id='word_1_246' title='bbox 2174 2938 2356 3020; x_wconf 92' lang='lat' dir='ltr'><strong>quod</strong></span> <span class='ocrx_word' id='word_1_247' title='bbox 2400 2950 2473 3002; x_wconf 90' lang='lat' dir='ltr'><strong>tu</strong></span> 
     </span>
     <span class='ocr_line' id='line_1_30' title="bbox 399 3023 2475 3115; baseline 0.004 -25"><span class='ocrx_word' id='word_1_248' title='bbox 399 3023 653 3102; x_wconf 84' lang='lat' dir='ltr'><strong>scribis,</strong></span> <span class='ocrx_word' id='word_1_249' title='bbox 690 3024 1083 3103; x_wconf 87' lang='lat' dir='ltr'><strong>metuebam,</strong></span> <span class='ocrx_word' id='word_1_250' title='bbox 1120 3050 1203 3093; x_wconf 88' lang='lat' dir='ltr'><strong>ne</strong></span> <span class='ocrx_word' id='word_1_251' title='bbox 1239 3050 1278 3091; x_wconf 92' lang='lat' dir='ltr'><strong>a</strong></span> <span class='ocrx_word' id='word_1_252' title='bbox 1311 3048 1416 3093; x_wconf 91' lang='lat' dir='ltr'><strong>me</strong></span> <span class='ocrx_word' id='word_1_253' title='bbox 1452 3028 1719 3095; x_wconf 85' lang='lat' dir='ltr'><strong>distrahi</strong></span> <span class='ocrx_word' id='word_1_254' title='bbox 1752 3052 1883 3093; x_wconf 86' lang='lat' dir='ltr'><strong>nou</strong></span> <span class='ocrx_word' id='word_1_255' title='bbox 1918 3052 2158 3115; x_wconf 87' lang='lat' dir='ltr'><strong>posses.</strong></span> <span class='ocrx_word' id='word_1_256' title='bbox 2248 3030 2353 3096; x_wconf 89' lang='lat' dir='ltr'><strong>his</strong></span> <span class='ocrx_word' id='word_1_257' title='bbox 2390 3033 2475 3099; x_wconf 89' lang='lat' dir='ltr'><strong>de</strong></span> 
     </span>
     <span class='ocr_line' id='line_1_31' title="bbox 309 3119 2473 3208; baseline 0.004 -25"><span class='ocrx_word' id='word_1_258' title='bbox 309 3190 314 3195; x_wconf 55' lang='grc'>,</span> <span class='ocrx_word' id='word_1_259' title='bbox 397 3119 608 3185; x_wconf 88' lang='lat' dir='ltr'><strong>causis</strong></span> <span class='ocrx_word' id='word_1_260' title='bbox 643 3119 768 3185; x_wconf 91' lang='lat' dir='ltr'><strong>hoc</strong></span> <span class='ocrx_word' id='word_1_261' title='bbox 800 3120 1152 3185; x_wconf 84' lang='lat' dir='ltr'><strong>maximum</strong></span> <span class='ocrx_word' id='word_1_262' title='bbox 1188 3121 1451 3198; x_wconf 86' lang='lat' dir='ltr'><strong>malum,</strong></span> <span class='ocrx_word' id='word_1_263' title='bbox 1488 3124 1663 3206; x_wconf 89' lang='lat' dir='ltr'><strong>quod</strong></span> <span class='ocrx_word' id='word_1_264' title='bbox 1697 3134 1763 3188; x_wconf 89' lang='lat' dir='ltr'><strong>te</strong></span> <span class='ocrx_word' id='word_1_265' title='bbox 1797 3145 1927 3190; x_wconf 87' lang='lat' dir='ltr'><strong>non</strong></span> <span class='ocrx_word' id='word_1_266' title='bbox 1954 3122 2106 3201; x_wconf 84' lang='lat' dir='ltr'><strong>vidi,</strong></span> <span class='ocrx_word' id='word_1_267' title='bbox 2134 3145 2275 3208; x_wconf 92' lang='lat' dir='ltr'><strong>-quo</strong></span> <span class='ocrx_word' id='word_1_268' title='bbox 2310 3126 2473 3191; x_wconf 80' lang='lat' dir='ltr'><strong>nihil</strong></span> 
     </span>
     <span class='ocr_line' id='line_1_32' title="bbox 397 3212 2475 3286; baseline 0.005 -9"><span class='ocrx_word' id='word_1_269' title='bbox 397 3212 846 3279; x_wconf 85' lang='lat' dir='ltr'><strong>amantissimis</strong></span> <span class='ocrx_word' id='word_1_270' title='bbox 889 3225 956 3279; x_wconf 85' lang='lat' dir='ltr'><strong>et</strong></span> <span class='ocrx_word' id='word_1_271' title='bbox 997 3215 1532 3281; x_wconf 85' lang='lat' dir='ltr'><strong>coniunctissimis</strong></span> <span class='ocrx_word' id='word_1_272' title='bbox 1576 3216 1882 3283; x_wconf 84' lang='lat' dir='ltr'><strong>fratribus</strong></span> <span class='ocrx_word' id='word_1_273' title='bbox 1928 3216 2223 3283; x_wconf 85' lang='lat' dir='ltr'><strong>acerbius</strong></span> <span class='ocrx_word' id='word_1_274' title='bbox 2280 3220 2475 3286; x_wconf 88' lang='lat' dir='ltr'><strong>mise-</strong></span> 
     </span>
     <span class='ocr_line' id='line_1_33' title="bbox 395 3307 2471 3395; baseline 0.004 -24"><span class='ocrx_word' id='word_1_275' title='bbox 395 3308 667 3373; x_wconf 79' lang='lat' dir='ltr'><strong>seriusve</strong></span> <span class='ocrx_word' id='word_1_276' title='bbox 693 3307 948 3374; x_wconf 80' lang='lat' dir='ltr'><strong>videtur</strong></span> <span class='ocrx_word' id='word_1_277' title='bbox 977 3308 1266 3375; x_wconf 87' lang='lat' dir='ltr'><strong>accidere</strong></span> <span class='ocrx_word' id='word_1_278' title='bbox 1301 3310 1610 3395; x_wconf 79' lang='lat' dir='ltr'><strong>potuisse,</strong></span> <span class='ocrx_word' id='word_1_279' title='bbox 1646 3312 1857 3377; x_wconf 86' lang='lat' dir='ltr'><strong>minus</strong></span> <span class='ocrx_word' id='word_1_280' title='bbox 1890 3312 2213 3390; x_wconf 88' lang='lat' dir='ltr'><strong>acerbum,</strong></span> <span class='ocrx_word' id='word_1_281' title='bbox 2252 3315 2471 3380; x_wconf 88' lang='lat' dir='ltr'><strong>minus</strong></span> 
     </span>
     <span class='ocr_line' id='line_1_34' title="bbox 393 3402 2469 3494; baseline 0.004 -27"><span class='ocrx_word' id='word_1_282' title='bbox 393 3402 698 3469; x_wconf 86' lang='lat' dir='ltr'><strong>miserum</strong></span> <span class='ocrx_word' id='word_1_283' title='bbox 732 3402 879 3481; x_wconf 84' lang='lat' dir='ltr'><strong>fuit,</strong></span> <span class='ocrx_word' id='word_1_284' title='bbox 913 3423 1109 3488; x_wconf 87' lang='lat' dir='ltr'><strong>quam</strong></span> <span class='ocrx_word' id='word_1_285' title='bbox 1143 3403 1376 3471; x_wconf 86' lang='lat' dir='ltr'><strong>fuisset</strong></span> <span class='ocrx_word' id='word_1_286' title='bbox 1410 3428 1559 3471; x_wconf 91' lang='lat' dir='ltr'><strong>cum</strong></span> <span class='ocrx_word' id='word_1_287' title='bbox 1589 3408 1975 3494; x_wconf 86' lang='lat' dir='ltr'><strong>congressi0‚</strong></span> <span class='ocrx_word' id='word_1_288' title='bbox 2014 3419 2151 3474; x_wconf 89' lang='lat' dir='ltr'><strong>tum</strong></span> <span class='ocrx_word' id='word_1_289' title='bbox 2188 3431 2345 3475; x_wconf 90' lang='lat' dir='ltr'><strong>vero</strong></span> <span class='ocrx_word' id='word_1_290' title='bbox 2374 3410 2469 3474; x_wconf 90' lang='lat' dir='ltr'><strong>di-</strong></span> 
     </span>
     <span class='ocr_line' id='line_1_35' title="bbox 327 3496 2468 3588; baseline 0.003 -28"><span class='ocrx_word' id='word_1_291' title='bbox 327 3514 352 3554; x_wconf 69' lang='grc' dir='ltr'><strong>ο</strong></span> <span class='ocrx_word' id='word_1_292' title='bbox 393 3496 639 3583; x_wconf 84' lang='lat' dir='ltr'><strong>gressio</strong></span> <span class='ocrx_word' id='word_1_293' title='bbox 691 3508 930 3562; x_wconf 85' lang='lat' dir='ltr'><strong>nostra.</strong></span> <span class='ocrx_word' id='word_1_294' title='bbox 1017 3520 1222 3576; x_wconf 86' lang='lat' dir='ltr'><strong>nunc,</strong></span> <span class='ocrx_word' id='word_1_295' title='bbox 1281 3500 1336 3564; x_wconf 90' lang='lat' dir='ltr'><strong>si</strong></span> <span class='ocrx_word' id='word_1_296' title='bbox 1382 3512 1595 3587; x_wconf 87' lang='lat' dir='ltr'><strong>potes,</strong></span> <span class='ocrx_word' id='word_1_297' title='bbox 1648 3502 1718 3566; x_wconf 92' lang='lat' dir='ltr'><strong>id</strong></span> <span class='ocrx_word' id='word_1_298' title='bbox 1764 3501 1938 3585; x_wconf 87' lang='lat' dir='ltr'><strong>quod</strong></span> <span class='ocrx_word' id='word_1_299' title='bbox 1986 3523 2143 3588; x_wconf 86' lang='lat' dir='ltr'><strong>ego,</strong></span> <span class='ocrx_word' id='word_1_300' title='bbox 2200 3504 2315 3587; x_wconf 89' lang='lat' dir='ltr'><strong>qui</strong></span> <span class='ocrx_word' id='word_1_301' title='bbox 2350 3504 2468 3569; x_wconf 87' lang='lat' dir='ltr'><strong>tibi</strong></span> 
     </span>
     <span class='ocr_line' id='line_1_36' title="bbox 393 3590 2464 3682; baseline 0.004 -28"><span class='ocrx_word' id='word_1_302' title='bbox 393 3612 648 3677; x_wconf 88' lang='lat' dir='ltr'><strong>semper</strong></span> <span class='ocrx_word' id='word_1_303' title='bbox 681 3590 864 3656; x_wconf 87' lang='lat' dir='ltr'><strong>fortis</strong></span> <span class='ocrx_word' id='word_1_304' title='bbox 899 3591 1186 3671; x_wconf 85' lang='lat' dir='ltr'><strong>videbar,</strong></span> <span class='ocrx_word' id='word_1_305' title='bbox 1223 3616 1355 3659; x_wconf 87' lang='lat' dir='ltr'><strong>non</strong></span> <span class='ocrx_word' id='word_1_306' title='bbox 1388 3617 1676 3680; x_wconf 89' lang='lat' dir='ltr'><strong>possum,</strong></span> <span class='ocrx_word' id='word_1_307' title='bbox 1718 3597 1892 3682; x_wconf 85' lang='lat' dir='ltr'><strong>erige</strong></span> <span class='ocrx_word' id='word_1_308' title='bbox 1928 3608 1992 3661; x_wconf 89' lang='lat' dir='ltr'><strong>te</strong></span> <span class='ocrx_word' id='word_1_309' title='bbox 2029 3608 2094 3661; x_wconf 87' lang='lat' dir='ltr'><strong>et</strong></span> <span class='ocrx_word' id='word_1_310' title='bbox 2130 3596 2464 3676; x_wconf 86' lang='lat' dir='ltr'><strong>confirma,</strong></span> 
     </span>
     <span class='ocr_line' id='line_1_37' title="bbox 391 3684 2467 3777; baseline 0.004 -28"><span class='ocrx_word' id='word_1_311' title='bbox 391 3686 446 3749; x_wconf 90' lang='lat' dir='ltr'><strong>si</strong></span> <span class='ocrx_word' id='word_1_312' title='bbox 481 3706 611 3769; x_wconf 77' lang='lat' dir='ltr'><strong>qua</strong></span> <span class='ocrx_word' id='word_1_313' title='bbox 655 3684 994 3751; x_wconf 83' lang='lat' dir='ltr'><strong>subeunda</strong></span> <span class='ocrx_word' id='word_1_314' title='bbox 1026 3686 1353 3753; x_wconf 86' lang='lat' dir='ltr'><strong>dimicatio</strong></span> <span class='ocrx_word' id='word_1_315' title='bbox 1389 3688 1538 3755; x_wconf 85' lang='lat' dir='ltr'><strong>erit:</strong></span> <span class='ocrx_word' id='word_1_316' title='bbox 1585 3712 1801 3777; x_wconf 81' lang='lat' dir='ltr'><strong>spere,</strong></span> <span class='ocrx_word' id='word_1_317' title='bbox 1850 3690 1904 3755; x_wconf 90' lang='lat' dir='ltr'><strong>si</strong></span> <span class='ocrx_word' id='word_1_318' title='bbox 1940 3690 2097 3775; x_wconf 89' lang='lat' dir='ltr'><strong>quid</strong></span> <span class='ocrx_word' id='word_1_319' title='bbox 2130 3713 2279 3757; x_wconf 88' lang='lat' dir='ltr'><strong>mea</strong></span> <span class='ocrx_word' id='word_1_320' title='bbox 2314 3715 2467 3777; x_wconf 87' lang='lat' dir='ltr'><strong>spes</strong></span> 
     </span>
     <span class='ocr_line' id='line_1_38' title="bbox 389 3778 2465 3871; baseline 0.005 -30"><span class='ocrx_word' id='word_1_321' title='bbox 389 3778 588 3845; x_wconf 89' lang='lat' dir='ltr'><strong>habet</strong></span> <span class='ocrx_word' id='word_1_322' title='bbox 631 3780 1055 3856; x_wconf 86' lang='lat' dir='ltr'><strong>auctoritatis,</strong></span> <span class='ocrx_word' id='word_1_323' title='bbox 1109 3781 1229 3846; x_wconf 83' lang='lat' dir='ltr'><strong>tibi</strong></span> <span class='ocrx_word' id='word_1_324' title='bbox 1265 3793 1329 3848; x_wconf 92' lang='lat' dir='ltr'><strong>et</strong></span> <span class='ocrx_word' id='word_1_325' title='bbox 1372 3783 1806 3871; x_wconf 80' lang='lat' dir='ltr'><strong>integritatem</strong></span> <span class='ocrx_word' id='word_1_326' title='bbox 1850 3797 2029 3850; x_wconf 88' lang='lat' dir='ltr'><strong>tuam</strong></span> <span class='ocrx_word' id='word_1_327' title='bbox 2065 3796 2129 3851; x_wconf 88' lang='lat' dir='ltr'><strong>et</strong></span> <span class='ocrx_word' id='word_1_328' title='bbox 2174 3807 2465 3851; x_wconf 86' lang='lat' dir='ltr'><strong>amorem</strong></span> 
     </span>
     <span class='ocr_line' id='line_1_39' title="bbox 387 3870 2465 3966; baseline 0.005 -31"><span class='ocrx_word' id='word_1_329' title='bbox 387 3870 455 3935; x_wconf 89' lang='lat' dir='ltr'><strong>in</strong></span> <span class='ocrx_word' id='word_1_330' title='bbox 490 3883 554 3937; x_wconf 85' lang='lat' dir='ltr'><strong>te</strong></span> <span class='ocrx_word' id='word_1_331' title='bbox 591 3871 865 3939; x_wconf 85' lang='lat' dir='ltr'><strong>civitatis</strong></span> <span class='ocrx_word' id='word_1_332' title='bbox 901 3885 966 3939; x_wconf 88' lang='lat' dir='ltr'><strong>et</strong></span> <span class='ocrx_word' id='word_1_333' title='bbox 999 3875 1244 3958; x_wconf 85' lang='lat' dir='ltr'><strong>aliquid</strong></span> <span class='ocrx_word' id='word_1_334' title='bbox 1273 3877 1466 3942; x_wconf 86' lang='lat' dir='ltr'><strong>etiam</strong></span> <span class='ocrx_word' id='word_1_335' title='bbox 1499 3878 1999 3946; x_wconf 87' lang='lat' dir='ltr'><strong>misericordiam</strong></span> <span class='ocrx_word' id='word_1_336' title='bbox 2034 3879 2237 3943; x_wconf 86' lang='lat' dir='ltr'><strong>nostri</strong></span> <span class='ocrx_word' id='word_1_337' title='bbox 2271 3901 2465 3966; x_wconf 88' lang='lat' dir='ltr'><strong>prae-—</strong></span> 
     </span>
     <span class='ocr_line' id='line_1_40' title="bbox 389 3962 2483 4059; baseline 0.006 -34"><span class='ocrx_word' id='word_1_338' title='bbox 389 3962 536 4025; x_wconf 82' lang='lat' dir='ltr'><strong>sidii</strong></span> <span class='ocrx_word' id='word_1_339' title='bbox 569 3965 872 4043; x_wconf 85' lang='lat' dir='ltr'><strong>laturam3</strong></span> <span class='ocrx_word' id='word_1_340' title='bbox 919 3969 1020 4035; x_wconf 89' lang='lat' dir='ltr'><strong>sin</strong></span> <span class='ocrx_word' id='word_1_341' title='bbox 1065 3970 1188 4034; x_wconf 87' lang='lat' dir='ltr'><strong>eris</strong></span> <span class='ocrx_word' id='word_1_342' title='bbox 1227 3971 1311 4036; x_wconf 91' lang='lat' dir='ltr'><strong>ab</strong></span> <span class='ocrx_word' id='word_1_343' title='bbox 1346 3970 1471 4039; x_wconf 86' lang='lat' dir='ltr'><strong>isto</strong></span> <span class='ocrx_word' id='word_1_344' title='bbox 1498 3973 1793 4059; x_wconf 74' lang='lat' dir='ltr'><strong>&#39;periculo</strong></span> <span class='ocrx_word' id='word_1_345' title='bbox 1827 3996 2101 4052; x_wconf 84' lang='lat' dir='ltr'><strong>vacuus,</strong></span> <span class='ocrx_word' id='word_1_346' title='bbox 2138 3996 2294 4059; x_wconf 85' lang='lat' dir='ltr'><strong>ages</strong></span> <span class='ocrx_word' id='word_1_347' title='bbox 2330 3974 2483 4039; x_wconf 78' lang='lat' dir='ltr'><strong>sei··&#39;</strong></span> 
     </span>
     <span class='ocr_line' id='line_1_41' title="bbox 383 4052 2461 4155; baseline 0.004 -29"><span class='ocrx_word' id='word_1_348' title='bbox 383 4052 554 4126; x_wconf 70' lang='lat' dir='ltr'><strong>licet,</strong></span> <span class='ocrx_word' id='word_1_349' title='bbox 592 4055 646 4116; x_wconf 80' lang='lat' dir='ltr'><strong>si</strong></span> <span class='ocrx_word' id='word_1_350' title='bbox 679 4059 834 4137; x_wconf 86' lang='lat' dir='ltr'><strong>quid</strong></span> <span class='ocrx_word' id='word_1_351' title='bbox 871 4062 978 4145; x_wconf 87' lang='lat' dir='ltr'><strong>agi</strong></span> <span class='ocrx_word' id='word_1_352' title='bbox 1012 4082 1202 4147; x_wconf 87' lang='lat' dir='ltr'><strong>posse</strong></span> <span class='ocrx_word' id='word_1_353' title='bbox 1229 4065 1309 4131; x_wconf 89' lang='lat' dir='ltr'><strong>de</strong></span> <span class='ocrx_word' id='word_1_354' title='bbox 1335 4067 1523 4133; x_wconf 87' lang='lat' dir='ltr'><strong>nobis</strong></span> <span class='ocrx_word' id='word_1_355' title='bbox 1560 4069 1838 4154; x_wconf 84' lang='lat' dir='ltr'><strong>putabis.</strong></span> <span class='ocrx_word' id='word_1_356' title='bbox 1896 4070 1976 4135; x_wconf 88' lang='lat' dir='ltr'><strong>de</strong></span> <span class='ocrx_word' id='word_1_357' title='bbox 2005 4091 2133 4155; x_wconf 88' lang='lat' dir='ltr'><strong>quo</strong></span> <span class='ocrx_word' id='word_1_358' title='bbox 2162 4070 2461 4135; x_wconf 88' lang='lat' dir='ltr'><strong>scribunt</strong></span> 
     </span>
    </p>
   </div>
   <div class='ocr_carea' id='block_1_3' title="bbox 2656 3452 2667 4506">
    <p class='ocr_par' dir='ltr' id='par_1_3' title="bbox 2656 3452 2667 4506">
     <span class='ocr_line' id='line_1_42' title="bbox 2656 3452 2667 4506; baseline 0 0"><span class='ocrx_word' id='word_1_359' title='bbox 2656 3452 2667 4506; x_wconf 95' lang='lat' dir='ltr'><strong> </strong></span> 
     </span>
    </p>
   </div>
  </div>
 </body>
</html>
