2675 4559
783 293 1338 353 EPISTOLARUM
1372 298 1508 353 1.9.
2095 290 2176 355 17

163 410 472 503 Pompeius
517 415 814 503 princeps
851 429 1044 496 esset,
1098 418 1197 484 vir
1230 420 1316 496 is,
1370 420 1483 505 qui
1524 418 1691 487 hanc
1723 423 2077 508 potentiam
2112 437 2176 492 et

161 512 392 596 gloriam
441 510 738 576 maximis
787 512 857 576 in
907 534 1046 577 rem
1097 513 1424 599 publicam
1474 516 1715 581 meritis
1766 520 2180 627 praestantis-

161 604 424 689 simisque
483 604 682 671 rebus
741 606 940 691 gestis
1003 616 1174 672 esset
1234 618 1611 674 consecutus
1684 611 1993 695 cuiusque
2054 634 2175 698 ego

159 698 446 784 dignitatis
492 698 579 763 ab
625 698 1062 766 adulescentia
1103 700 1346 779 fautor,
1398 702 1469 767 in
1498 709 1809 789 praetura
1852 715 2068 771 autem
2112 716 2179 771 et

155 792 208 856 in
235 793 558 859 consulatu
591 793 846 859 adiutor
880 794 1074 860 etiam
1108 795 1511 872 exstitissem,
1547 818 1821 881 cumque
1854 798 2027 865 idem
2063 820 2178 864 au·-
2261 870 2263 873 ,

157 888 404 953 ctoritate
431 900 497 954 et
523 889 841 971 sententia
865 912 984 976 per
1010 912 1109 967 se,
1145 890 1427 957 consiliis
1457 902 1521 957 et
1548 893 1775 958 studiis
1802 903 2034 972 tecum,
2068 916 2175 959 me

155 981 462 1047 adiuvisset
495 1004 848 1067 meumque
891 984 1225 1051 inimicum
1260 1006 1464 1051 unum
1506 986 1575 1051 in
1610 985 1867 1052 civitate
1908 988 2175 1054 haberet

155 1074 461 1154 inimicum,
496 1098 634 1141 non
667 1077 891 1162 putavi
926 1078 1168 1147 famam
1193 1078 1659 1145 inconstantiae
1682 1080 1843 1143 mihi
1852 1081 2175 1165 pertime-

156 1168 442 1248 scendam,
496 1170 556 1235 si
601 1170 991 1255 quibusdam
1035 1172 1104 1237 in
1149 1172 1475 1239 sententiis
1520 1174 1786 1259 paulum
1820 1194 1925 1241 me
1966 1174 2177 1237 inmu-

156 1272 350 1329 tassem
399 1286 750 1348 meamque
801 1266 1198 1331 voluntatem
1241 1267 1325 1331 ad
1378 1268 1613 1333 summi
1654 1268 1777 1331 viri
1821 1267 1901 1333 de
1944 1288 2176 1351 meque

155 1356 352 1441 optime
384 1357 600 1423 meriti
633 1358 1016 1444 dignitatem
1051 1361 1529 1447 adgregassem.
1598 1362 1669 1426 in
1702 1361 1825 1427 hac
1858 1361 2175 1427 sententia

155 1451 616 1535 conplectendus
653 1462 790 1517 erat
823 1452 982 1517 mihi
1011 1450 1272 1532 Caesar,
1309 1466 1385 1520 ut
1416 1455 1617 1532 vides,
1651 1455 1719 1519 in
1746 1456 2085 1521 coniuncta
2112 1466 2176 1521 et

151 1562 312 1609 causa
341 1556 406 1610 et
431 1545 772 1633 dignitate.
826 1546 931 1611 hic
955 1548 1229 1613 multum
1255 1549 1457 1613 valuit
1483 1571 1629 1613 cum
1658 1559 1841 1613 vetus
1877 1549 2173 1625 amicitia,

153 1656 312 1718 quam
343 1652 414 1705 tu
449 1663 586 1705 non
623 1641 884 1727 ignoras
917 1642 1078 1707 mihi
1114 1653 1178 1707 et
1209 1641 1459 1723 Quinto
1492 1642 1674 1707 fiatri
1710 1664 1857 1707 cum
1894 1640 2173 1709 Caesare

151 1728 340 1809 fuisse,
391 1744 532 1799 tum
577 1734 944 1800 humanitas
981 1736 1120 1801 eius
1157 1757 1232 1800 ac
1274 1734 1622 1801 liberalitas
1666 1736 1847 1800 brevi
1892 1746 2175 1821 tempore

153 1832 224 1886 et
234 1824 444 1892 litteris
491 1839 561 1893 et
609 1828 838 1893 officiis
881 1838 1218 1916 perspecta
1267 1829 1456 1894 nobis
1508 1839 1575 1893 et
1616 1828 1893 1914 cognita.
1981 1827 2176 1893 vehe-

151 1931 358 1985 menter
391 1922 590 1987 etiam
625 1943 730 1987 res
761 1922 908 2008 ipsa
939 1922 1200 2030 publica
1233 1945 1336 1988 me
1374 1923 1593 2031 movit,
1621 1943 1789 2005 quae
1812 1920 1971 1985 mihi
1997 1921 2175 1987 vide-

151 2007 305 2077 batur
335 2015 834 2125 contentionem,
869 2005 1242 2102 praesertim
1277 2016 1573 2081 maximis
1606 2016 1799 2081 rebus
1826 2039 1866 2080 a
1894 2012 2175 2081 Caesare

150 2104 332 2185 gestis,
365 2130 516 2173 cum
551 2108 682 2175 illis
717 2110 870 2174 viris
906 2112 1073 2175 nolle
1106 2111 1245 2175 fieri
1279 2122 1373 2188 et,
1408 2133 1491 2177 ne
1526 2111 1727 2187 fieret,
1763 2110 2174 2175 vehementer

150 2217 423 2267 recusare.
511 2203 898 2289 gravissime
933 2215 1150 2269 autem
1185 2227 1288 2269 me
1323 2203 1395 2269 in
1427 2202 1595 2269 hanc
1629 2214 1909 2269 mentem
1940 2203 2170 2289 inpulit

151 2301 199 2353 et
217 2291 496 2381 Pompeii
533 2296 718 2375 fides,
756 2318 952 2381 quam
988 2298 1068 2363 de
1105 2321 1208 2363 me
1239 2296 1506 2364 Caesari
1540 2298 1823 2374 dederat,
1859 2308 1925 2361 et
1957 2297 2169 2364 fratris

150 2387 276 2464 mei,
313 2410 506 2473 quam
545 2390 884 2477 Pompeio.
973 2404 1154 2457 erant
1195 2404 1527 2479 praeterea
1570 2394 1730 2458 haec
1774 2392 2173 2458 animadver-

149 2482 372 2547 tenda
353 2508 420 2549 m
475 2486 771 2562 civitate,
836 2508 1002 2569 quae
1057 2499 1206 2552 sunt
1269 2488 1443 2573 apud
1492 2488 1837 2553 Platonem
1884 2498 2174 2551 nostrum

149 2572 350 2661 scripta
391 2578 732 2657 divinitus,
787 2581 1011 2665 quales
1053 2582 1122 2647 in
1167 2604 1237 2647 re
1282 2581 1543 2667 publica
1584 2580 1903 2665 principes
1939 2590 2171 2655 essent,

149 2666 266 2733 talis
295 2672 576 2757 reliquos
613 2674 816 2739 solere
862 2695 1002 2739 esse
1038 2673 1219 2740 civis.
1307 2673 1606 2739 tenebam
1648 2671 1955 2737 memoria
1986 2671 2172 2735 nobis

151 2766 477 2831 oonsulibus
515 2788 594 2831 ea
628 2766 1046 2832 fundamenta
1070 2768 1240 2833 iacta
1263 2768 1395 2831 iam
1423 2789 1503 2832 ex
1520 2763 1836 2831 Kalendis
1856 2763 2172 2828 Ianuariis

151 2857 534 2925 confirmandi
569 2871 858 2937 senatus,
895 2872 969 2925 ιιι
1003 2860 1324 2929 neminem
1360 2859 1577 2925 mirari
1612 2868 1933 2944 oporteret
1965 2855 2169 2922 Nonis

151 2944 454 3018 Decembr.
496 2964 750 3019 tantum
783 2954 888 3019 vel
935 2954 1128 3019 animi
1162 2954 1425 3021 fuisse
1404 2978 1474 3019 m
1506 2954 1616 3018 illo
1652 2952 1873 3018 ordine
1908 2952 2012 3016 vel
2060 2974 2173 3015 au-

151 3044 445 3125 ctoritatis3
504 3047 804 3131 idemque
849 3048 1264 3113 memineram
1307 3049 1493 3113 nobis
1538 3048 1803 3134 privatis
1848 3068 2053 3130 usque
2088 3044 2172 3111 ad

153 3130 462 3207 Caesarem
511 3153 575 3207 et
609 3142 920 3207 Bibulum
967 3143 1293 3219 consules,
1339 3162 1485 3207 cum
1532 3142 1881 3206 sententiae
1916 3150 2172 3208 nostrae

151 3248 422 3317 magnum
453 3236 528 3300 in
561 3228 788 3300 senatu
821 3236 1073 3322 pondus
1115 3235 1455 3311 haberent,
1500 3255 1701 3297 unum
1744 3233 1881 3297 fere
1916 3252 2173 3296 sensum

151 3320 316 3392 fuisse
363 3330 696 3396 bonorum
733 3330 1040 3395 omnium.
1145 3338 1400 3415 postea,
1464 3349 1613 3392 cum
1664 3338 1735 3389 tu
1786 3324 2173 3409 Hispaniam

154 3415 472 3489 citeriorem
508 3444 656 3489 cum
687 3423 958 3509 imperio
993 3423 1313 3489 obtineres
1350 3442 1559 3506 neque
1592 3441 1695 3486 res
1728 3417 1991 3505 publica
2022 3438 2173 3483 con·-

154 3510 294 3577 sules
315 3515 598 3593 haheret,
635 3518 749 3583 sed
783 3528 1166 3584 mercatores
1193 3515 1667 3605 provinciarum
1694 3525 1758 3579 et
1791 3511 2175 3579 seditionum

157 3622 338 3673 servos
387 3633 464 3677 ac
515 3610 838 3677 ministros
851 3659 870 3689 ‚
934 3612 1084 3677 iecit
1144 3610 1407 3696 quidam
1462 3632 1649 3676 casus
1710 3619 1904 3694 caput
1957 3629 2173 3671 meum

157 3700 310 3777 quasi
350 3704 712 3771 certaminis
757 3726 952 3770 causa
995 3706 1062 3769 in
1104 3705 1385 3771 mediam
1422 3703 1893 3771 contentionem
1928 3700 2175 3765 dissen-

157 3788 490 3881 sionemque
541 3798 828 3876 civilem3
882 3820 1012 3884 quo
1055 3799 1126 3863 in
1169 3798 1533 3865 discrimine
1570 3820 1719 3863 cum
1756 3789 2031 3859 mirifica
2074 3812 2174 3855 se—

157 3895 335 3967 natus,
366 3889 752 3959 incredibilis
780 3891 1008 3957 Italiae
1042 3893 1258 3971 totius,
1295 3891 1637 3977 singularis
1664 3887 1949 3953 omnium
1976 3885 2175 3949 bono-

159 3996 277 4043 rum
307 3987 630 4053 consensio
663 3986 734 4051 in
769 4010 872 4053 me
906 3987 1146 4053 tuendo
1186 3986 1546 4061 exstitisset,
1580 4006 1713 4049 non
1748 3982 1985 4058 dicam,
2020 3978 2176 4064 quid

159 4073 426 4219 meteri-it
447 4116 534 4129 -—
548 4080 898 4147 multorum
934 4093 1030 4149 est
1065 4081 1234 4146 enim
1268 4091 1332 4147 et
1362 4078 1545 4145 «varia
1578 4077 1769 4163 culpa
1783 4112 1891 4153 -‚
1926 4085 2177 4141 tantum

279 4174 289 4185 '
357 4180 448 4223 onis
462 4183 546 4227 vol.
563 4180 636 4227 11.
1806 4177 1841 4231 2

2210 1384 2261 1423 12

2210 3340 2258 3379 13
