2675 4559
730 222 1284 329 EPISTOLARUM
1317 273 1423 328 XI.
1460 273 1682 328 13-15.
2104 259 2233 325 269

1089 391 1242 449 ΧΙΠ
1257 393 1314 448 b.

861 511 863 513 ¹
965 486 1082 544 Ser.
1103 503 1154 543 a.
1177 505 1229 542 u.
1252 503 1300 544 c.
1323 487 1441 544 711.

381 583 458 640 D.
494 581 808 642 BRUTUS
843 581 1001 640 COS.
1037 581 1313 641 DESIG„
1331 583 1411 642 M.
1448 582 1814 642 CICERONI
1849 583 1907 641 S.
1942 583 2019 641 D.

295 691 686 756 Pal-menses
721 687 1106 754 miserrimos
1143 693 1175 726 '⁸‘
1210 689 1270 752 ἦ

1119 839 1279 896 XIV.

528 942 646 999 Scr.
665 943 878 998 Romae
898 947 1139 1000 exeunte·
1153 959 1345 1000 mense
1364 942 1517 998 Maio
1538 959 1589 1000 a.
1608 961 1663 998 u.
1684 960 1732 1000 c.
1756 945 1873 1000 711.

442 1037 521 1092 M.
562 1035 838 1094 CICERO
873 1035 948 1091 D.
983 1031 1250 1094 BRUTO
1288 1035 1446 1097 COS.
1480 1036 1739 1095 DESIG.
1778 1037 1835 1094 S.
1870 1038 1945 1093 D.

290 1150 716 1230 Mirabiliter,
761 1151 852 1216 mi
884 1151 1119 1229 Brute,
1160 1152 1395 1230 laetor,
1438 1173 1587 1218 mea
1626 1152 1893 1219 consilia
1926 1175 2231 1239 measque
2266 1171 2291 1208 1

165 1247 516 1314 sententias
551 1269 592 1310 a
624 1257 688 1311 te
723 1245 982 1332 probari
1018 1245 1100 1312 de
1135 1246 1535 1324 decemviris,
1572 1246 1652 1313 de
1688 1249 1974 1314 ornando
2012 1250 2234 1316 adule-

164 1353 412 1408 scente:
451 1340 565 1408 sed
591 1340 747 1424 quid
781 1340 1016 1408 refert?
1049 1341 1206 1408 mihi
1235 1341 1445 1419 crede,
1482 1341 1726 1407 homini
1759 1366 1889 1408 non
1923 1344 2231 1430 glorioso:

161 1438 358 1523 plane
391 1435 546 1513 iam,
581 1435 807 1511 Brute,
841 1433 1078 1520 frige03
1118 1431 1393 1523 ὄργανον
1428 1437 1600 1501 enim
1628 1448 1764 1502 erat
1798 1461 2015 1504 meum
2051 1463 2234 1505 sena-

160 1543 298 1609 tus3
344 1528 416 1594 id
458 1529 590 1595 iam
635 1540 733 1595 est
776 1529 1174 1595 dissolutum.
1262 1539 1507 1597 tantam
1550 1553 1732 1616 spem
1780 1533 2077 1598 attulerat
2122 1557 2235 1600 ex-

159 1626 454 1710 ploratae
489 1623 792 1689 victoriae
827 1635 940 1688 tua
971 1623 1301 1710 praeclara
1317 1623 1579 1689 Mutina
1613 1624 1880 1714 eruptio,
1916 1627 2076 1712 fuga
2092 1629 2236 1692 An-

33 1794 37 1811 ξ
159 1717 328 1784 tonii
379 1719 638 1786 conciso
691 1717 1006 1796 mereim,
1067 1728 1142 1782 ut
1191 1718 1479 1786 omnium
1530 1715 1749 1784 animi?
1778 1719 2046 1785 relaxati
2110 1721 2235 1787 sint

161 1833 482 1897 meaeque
511 1813 664 1878 illae
689 1813 1104 1884 vehementes
1129 1813 1567 1878 contentiones
1598 1823 1929 1897 tamquam
1957 1836 2237 1896 σκιαμα-

158 1915 306 1990 χίαι
341 1929 486 1974 esse
521 1906 878 1975 videantur.
967 1907 1082 1972 sed
1094 1955 1112 1986 ,
1157 1919 1232 1972 ut
1265 1909 1353 1974 ad
1394 1931 1531 1974 rem
1574 1908 1865 1987 redeam,
1912 1909 2233 1996 legionem
2267 1932 2294 1970 2

163 2002 480 2070 Martiam
513 2013 600 2070 et.
614 2009 910 2087 quartam
943 2013 1203 2096 negant,
1214 2003 1353 2088 -qui
1381 2003 1528 2069 illas
1562 2017 1819 2082 norunt,
1855 2005 1987 2071 ulla
2016 2005 2236 2071 condi-

165 2099 356 2165 cione
407 2097 493 2163 ad
544 2109 610 2162 te
659 2119 849 2182 posse
901 2097 1210 2182 perduci,
1246 2097 1589 2182 pecuniae,
1642 2119 1837 2182 quam
1888 2097 2235 2178 desideras,

163 2192 334 2258 ratio
382 2202 598 2278 potest
647 2190 872 2256 haberi
922 2211 1140 2274 eaque
1187 2191 1549 2258 habebitur.
1648 2193 1729 2259 de
1770 2193 1977 2259 Bruto
2028 2215 2239 2262 arces-

167 2285 372 2352 sendo
419 2282 826 2369 Caesareque
869 2284 959 2350 ad
999 2285 1228 2350 Italiae
1267 2282 1676 2372 praesidium
1727 2287 2002 2354 tenendo
2049 2289 2237 2355 valde

166 2380 286 2444 tibi
323 2379 677 2457 adsentior3
721 2379 866 2455 sed,
899 2390 973 2444 ut
1007 2379 1260 2458 scribis,
1307 2381 1511 2446 habes
1544 2381 2030 2460 obtrectatores,
2068 2402 2230 2469 quos

163 2473 470 2558 equidem
519 2471 824 2540 facillime
849 2473 1188 2551 sustineo,
1251 2475 1367 2540 sed
1419 2475 1757 2561 inpediunt
1808 2487 2044 2542 tamen.
2112 2497 2117 2501 ’
2150 2500 2233 2544 ex

163 2567 400 2632 Africa
433 2566 716 2654 legiones
752 2578 1223 2653 exspectantur.
1309 2569 1427 2634 sed
1457 2566 1702 2636 bellum
1736 2570 1905 2636 istuc
1937 2583 2232 2636 renatum
2266 2587 2291 2626 ³

164 2662 483 2731 mirantur
533 2661 843 2730 hominem
945 2661 1103 2728 nihil
1154 2673 1290 2727 tam
1351 2673 1605 2748 praeter
1660 2685 1841 2748 spem
1893 2685 2230 2748 umquam:

165 2779 322 2823 nam
357 2755 464 2832 die
499 2765 612 2822 tuo
645 2757 842 2825 natali
877 2755 1146 2823 victoria
1177 2757 1475 2825 nuntiata
1504 2757 1575 2822 in
1610 2759 1815 2822 multa
1848 2756 2106 2822 saecula
2138 2759 2236 2822 vi-

165 2849 485 2922 debamus
519 2873 656 2917 rem
689 2851 1016 2936 publicam
1047 2851 1417 2929 liberatam3
1450 2851 1605 2916 novi
1641 2849 1905 2919 timores
1936 2862 2234 2916 retexunt

169 2945 544 3031 superiora..
597 2945 922 3032 ,scripsisti
949 2953 1173 3011 autem'
1197 2946 1286 3012 ad
1303 2969 1425 3026 me
1458 2947 1559 3025 iis,
1594 2967 1757 3032 quas
1784 2946 2011 3012 Idibus
2036 2945 2233 3012 Maiis

171 3039 434 3116 dedisti,
483 3039 678 3107 modo
722 3051 791 3106 te
809 3088 814 3096 -
831 3040 1154 3126 accepisse
1190 3064 1240 3106 a
1279 3040 1525 3108 Planco
1570 3041 1815 3106 litteras
1864 3061 1995 3106 non
2037 3041 2236 3128 recipi

171 3134 535 3200 Antonium
567 3157 608 3200 a
641 3133 919 3220 Lepido.
1001 3135 1072 3199 id
1116 3135 1175 3200 si
1213 3135 1312 3199 ita
1352 3147 1481 3215 est,
1516 3136 1735 3199 omnia
1768 3134 2057 3199 faciliora
2069 3159 2088 3213 ;
2134 3135 2237 3200 sin

173 3229 383 3304 aliter,
437 3247 748 3315 magnum
781 3228 1142 3316 negotium,
1195 3228 1377 3294 cuins
1412 3227 1657 3293 exitum
1701 3249 1831 3292 non
1866 3227 2235 3293 extimescO.

175 3335 322 3390 tuae
355 3333 570 3409 partes
607 3334 786 3391 sunt:
842 3345 968 3410 ego
999 3325 1176 3409 plus,
1222 3325 1425 3408 quam'
1452 3321 1579 3388 feci
1594 3370 1613 3400 ,
1659 3321 1872 3388 facere
1914 3343 2047 3386 non
2090 3341 2239 3407 pos-

175 3441 345 3496 sum3
381 3429 450 3492 te
481 3427 718 3496 tmen,
751 3418 822 3486 id
855 3419 1032 3506 quod
1067 3421 1274 3506 spere,
1309 3417 1594 3484 omnium
1624 3417 1982 3482 maximum
2014 3425 2080 3482 et
2106 3415 2237 3481 cla·—

172 3511 495 3586 tissimum
530 3512 763 3580 videre-
781 3510 993 3598 cupio.
1043 3568 1050 3576 .
1249 3518 1257 3524 ‘

877 3714 885 3720 .
1149 3663 1280 3720 XV.

663 3765 780 3822 Ser.
799 3762 1014 3822 Romae
1033 3783 1225 3824 mense
1241 3729 1413 3821 Iunio.
1424 3783 1473 3821 a.
1493 3783 1547 3820 u.
1570 3783 1617 3820 c.
1630 3737 1757 3820 ³111.
2004 3840 2013 3844 ι

457 3867 534 3922 Μ.
574 3867 851 3926 CICERO
885 3869 961 3924 D.
995 3868 1262 3929 BRUTO
1297 3867 1456 3926 COS.
1490 3867 1745 3924 DESIG.
1786 3865 1842 3924 S.
1878 3867 1954 3922 D.

297 3983 448 4048 Etsi
481 3981 642 4050 mihi
673 3994 824 4050 tuae
854 3984 1106 4051 litterae
1137 3982 1635 4050 iucundissimae
1672 3994 1841 4061 sunt,
1884 3993 2102 4048 tamen
2136 3983 2235 4049 iu·
2271 4005 2295 4044 ι

175 4077 448 4146 cundius
499 4077 652 4156 fuit,
703 4078 882 4164 quod
929 4077 998 4144 in
1049 4101 1301 4145 summa
1351 4077 1771 4164 occupatione
1824 4089 1937 4145 tua
1988 4075 2234 4146 Planco
