2675 4559
700 256 1255 317 EPISTOLARUM
1288 259 1394 313 ΙΙΙ.
1434 260 1517 315 10.
1540 261 1625 315 11.
2112 247 2195 315 65

186 386 254 469 Q.
289 382 584 451 Servilius
629 381 830 462 Tarso
878 379 1168 447 miseratz
1225 405 1447 448 earum
1496 382 1565 447 in
1617 382 1817 448 altera
1872 382 2007 448 dies
2061 395 2199 449 erat

183 480 466 565 adscripta
489 477 1191 563 Nonarum.Ap1-ilium;
1225 478 1294 542 in
1330 478 1549 555 altera,
1585 499 1751 562 quae
1787 477 1944 542 mihi
1978 500 2198 543 recen-

180 576 282 641 tior
309 573 652 649 videbatur,
689 572 824 637 dies
853 593 984 636 non
1013 582 1168 637 erat.
1221 572 1624 657 respondebo
1658 571 1855 659 igitur
1890 572 2198 657 superiori

180 668 344 754 prius,
377 666 443 731 in
476 686 606 749 qua
639 664 862 731 scribis
899 665 980 730 ad
1016 688 1119 731 me
1149 666 1228 731 de
1259 666 1658 733 absolutione
1692 666 2060 731 maiestatis.
2116 666 2197 731 de

180 783 284 846 qua
306 760 414 826 etsi
445 759 833 846 permultum
863 768 1010 824 ante
1037 758 1266 824 certior
1299 759 1511 825 factus
1540 782 1716 825 eram
1748 759 1995 837 litteris,
2030 782 2197 823 nun-

180 855 290 932 tiis,
336 854 504 919 fama
553 853 830 936 denique
872 853 1013 938 ipsa
1046 888 1134 899 —
1165 851 1324 917 nihil
1370 853 1542 918 enim
1585 852 1712 918 fuit
1754 852 2012 930 clarius3
2065 873 2197 917 non

185 968 285 1033 quo
314 948 645 1033 quisquam
681 945 865 1011 aliter
897 957 1215 1032 putasset,
1251 946 1366 1011 sed
1401 946 1561 1011 nihil
1603 947 1687 1012 de
1720 946 2077 1032 insignibus
2114 946 2195 1010 ad

181 1043 398 1108 laudem
432 1042 585 1107 viris
623 1042 894 1106 obscure
929 1041 1207 1105 nuntiari
1243 1041 1407 1107 solet
1437 1078 1545 1119 —-,
1581 1052 1795 1107 tamen
1832 1041 2054 1106 eadem
2087 1040 2221 1123 illa,

182 1136 401 1201 laetiora
444 1135 740 1201 fecerunt
775 1134 932 1199 mihi
969 1147 1116 1200 tuae
1151 1136 1399 1201 litterae
1413 1184 1431 1213 ,
1468 1158 1599 1201 non
1634 1135 1840 1199 solum
1875 1134 2027 1219 quia
2059 1134 2198 1220 pla-

181 1230 294 1294 nius
324 1231 745 1314 loquebantur
771 1240 837 1293 et
871 1229 1131 1295 uberius
1159 1251 1355 1313 quam
1384 1230 1561 1315 volgi
1598 1251 1826 1307 sermo,
1863 1228 1979 1294 sed
2004 1229 2197 1293 etiam

181 1324 301 1408 quia
329 1324 528 1410 magis
573 1323 844 1389 videbar
880 1322 996 1387 tibi
1038 1325 1377 1410 gratulari,
1433 1346 1581 1390 cum
1626 1324 1707 1390 de
1742 1335 1806 1389 te
1842 1347 1923 1390 ex
1958 1333 2021 1389 te
2055 1324 2197 1409 ipso

180 1418 493 1485 audiebam.
586 1418 939 1504 conplexus
983 1418 1181 1505 igitur
1232 1443 1376 1485 sum
1424 1417 1809 1508 cogitatione
1860 1430 1924 1484 te
1968 1419 2196 1485 absen-

177 1524 305 1592 tem3
337 1515 668 1601 epistolam
702 1536 856 1579 vero
881 1516 1226 1591 osculatus,
1263 1514 1457 1581 etiam
1482 1516 1619 1599 ipse
1645 1514 1805 1579 mihi
1837 1514 2197 1600 gratulatus

179 1630 307 1673 sum.
389 1631 552 1694 quae
591 1608 763 1674 enim
802 1632 840 1672 a
877 1619 1106 1673 cuncto
1143 1607 1403 1694 popu10,
1441 1632 1481 1672 a
1515 1617 1767 1683 senatu,
1806 1630 1845 1671 a
1876 1607 2194 1672 iudicibus

176 1701 421 1786 ingenio,
471 1702 828 1767 industriae
841 1751 860 1780 ,
914 1702 1134 1767 virtuti
1187 1702 1583 1778 tribuuntur,
1638 1700 1790 1783 quia
1839 1699 1998 1763 mihi
2057 1700 2196 1785 ipse

178 1796 456 1861 adsentior
490 1797 792 1875 fortasse,
830 1800 1092 1862 cumea
1122 1818 1262 1861 esse
1294 1796 1363 1859 in
1389 1818 1492 1861 me
1516 1795 1714 1881 fing0‚
1750 1793 1906 1857 mihi
1942 1814 2197 1876 quoque

176 1887 273 1972 ipsi
316 1889 498 1954 tribui
540 1901 728 1975 puto·
815 1912 935 1955 nec
981 1902 1114 1955 tam
1159 1889 1508 1976 gloriosum
1556 1887 1797 1954 exitum
1841 1886 1935 1950 tui
1978 1886 2196 1950 iudicii

177 1983 479 2062 exstitisse,
512 1985 656 2051 ·sed
702 1997 833 2050 tam
879 2008 1144 2072 pravam
1179 1984 1582 2050 inimicorum
1627 1994 1884 2047 tuorum
1918 1990 2196 2048 mentem

176 2075 337 2142 fuisse
376 2079 677 2144 mirabar.
767 2078 847 2143 de
894 2079 1136 2143 ambitu
1179 2100 1332 2143 vero
1379 2078 1536 2162 quid
1578 2077 1871 2153 interest,
1924 2076 2193 2159 inquies,

177 2194 240 2236 an
270 2172 338 2238 de
377 2173 751 2239 maiestate?
805 2174 888 2237 ad
919 2196 1058 2238 rem
1102 2174 1290 2250 nihil3
1348 2172 1617 2238 alterum
1662 2172 1834 2238 enim
1875 2192 2006 2237 non
2051 2170 2197 2235 atti-

175 2265 319 2348 gisti,
360 2268 628 2334 alteram
665 2268 898 2332 auxisti
911 2292 930 2346 3
976 2290 1199 2333 verum
1246 2279 1462 2333 tamen
1498 2290 1569 2334 ea
1605 2276 1701 2332 est
1742 2266 2072 2343 maiestas,
2123 2273 2197 2329 ut

66 2418 69 2425 .
178 2356 327 2426 Sulla
373 2362 612 2439 voluit,
663 2373 735 2426 ut
787 2361 856 2426 in
910 2362 1202 2447 quemvis
1258 2361 1499 2450 inpune
1554 2361 1897 2427 declamari
1946 2360 2167 2425 liceret
2174 2382 2195 2436 3

178 2454 409 2525 ambitus
451 2483 615 2526 vero
657 2456 748 2524 ita
795 2470 1084 2544 apertam
1129 2459 1261 2523 vim
1304 2458 1529 2535 habet,
1582 2467 1657 2521 ut
1709 2466 1819 2520 aut
1862 2464 2199 2520 accusetur

175 2553 400 2640 inprobe
453 2566 574 2622 aut
625 2556 1024 2621 defendatur.
1123 2555 1235 2637 qui
1289 2554 1460 2618 enim
1512 2552 1685 2620 facta
1738 2560 1802 2617 et
1844 2571 1974 2614 non
2026 2548 2199 2613 facta

177 2647 388 2734 largitio
431 2650 720 2737 ignorari
764 2648 1015 2735 potest?
1066 2659 1322 2713 tuorum
1370 2657 1589 2712 autem
1622 2644 1938 2709 honorum
1974 2662 2196 2706 cursus

180 2742 262 2805 cui
288 2757 614 2830 suspectus
649 2764 957 2827 umquam
994 2741 1155 2807 fuit?
1200 2764 1303 2806 me
1339 2740 1663 2815 miserum,
1701 2736 1813 2819 qui
1845 2756 1975 2798 non
2011 2732 2198 2798 adfu-

183 2836 332 2902 eriml
365 2860 521 2923 quos
565 2861 687 2925 ego
721 2835 886 2902 risus
924 2834 1330 2903 excitasseml
1386 2834 1501 2899 sed
1536 2833 1617 2897 de
1652 2829 1999 2896 maiestatis
2033 2826 2199 2892 iudi-

183 2929 258 2993 cio
294 2932 410 2998 duo
452 2933 615 3012 mihi
655 2932 768 2996 illa
811 2954 892 2997 ex
946 2930 1073 2994 tuis
1129 2929 1353 2994 litteris
1398 2924 1859 2992 iucundissima
1908 2922 2195 2989 fuerunt:

183 3045 366 3105 unum,
399 3027 577 3113 quod
611 3038 674 3092 te
711 3027 795 3092 ab
822 3028 966 3112 ipsa
990 3048 1059 3091 re
1095 3024 1356 3109 publica
1385 3023 1721 3089 defensum
1757 3019 1999 3097 scribis,
2034 3040 2201 3102 quae

66 3181 69 3193 .
183 3120 402 3201 quidem
454 3123 650 3189 etiam
713 3121 780 3185 in
846 3141 1098 3187 summa
1151 3120 1467 3184 bonorum
1522 3126 1586 3182 et
1647 3116 1911 3181 fortium
1966 3115 2200 3179 civium

184 3214 336 3299 eopia
365 3217 526 3283 tueri
563 3216 708 3283 talis
743 3214 915 3279 viros
945 3214 1229 3289 deberet,
1267 3232 1441 3277 nunc
1476 3232 1628 3276 vero
1658 3231 1733 3300 eo
1763 3208 1990 3293 magis,
2028 3204 2201 3290 quod

185 3316 332 3375 tanta
359 3311 625 3396 penuria
661 3320 761 3377 est
803 3310 870 3374 in
909 3309 1083 3374 omni
1120 3308 1223 3373 vel
1269 3305 1529 3371 honoris
1564 3305 1668 3368 vel
1715 3300 1938 3368 aetatis
1973 3300 2200 3385 gradu,

185 3413 386 3468 uttam
420 3406 578 3470 orba
622 3404 846 3471 civitas
891 3404 1036 3469 talis
1081 3413 1323 3468 tutores
1370 3396 1684 3483 conplecti
1730 3395 1961 3460 debeat
1972 3417 1990 3470 3
2046 3393 2203 3457 alte-

185 3513 327 3573 rum,
383 3500 554 3583 quod
603 3499 904 3584 Pompeii
956 3509 1020 3563 et
1074 3498 1264 3562 Bruti
1313 3495 1507 3560 fidem
1561 3488 2202 3571 benevolentiamque

188 3588 414 3657 mirifice
463 3593 708 3659 laudas.
815 3592 1018 3658 laetor
1070 3592 1304 3655 virtute
1357 3599 1423 3668 et
1473 3585 1685 3652 officio
1739 3607 1888 3650 cum
1948 3594 2204 3647 tuorum

190 3688 646 3753 necessariorum
661 3735 680 3765 ‚
750 3709 1040 3753 meorum
1105 3683 1631 3749 amicissimorum
1645 3729 1663 3758 ‚
1733 3690 1872 3743 tum
1946 3674 2207 3741 alterius

193 3779 439 3845 omnium
491 3782 892 3848 saeculorum
938 3791 1003 3846 et
1045 3778 1337 3865 gentium
1379 3774 1712 3863 principis,
1766 3769 2024 3836 alterius
2076 3767 2207 3831 iam

193 3870 404 3951 pridem
437 3876 801 3956 iuventutis,
837 3874 1153 3950 celeriter,
1189 3884 1260 3937 ut
1297 3892 1503 3957 sper0,
1542 3866 1836 3933 civitatis.
1926 3863 2006 3927 de
2040 3883 2208 3926 mer-

198 3968 471 4033 cennariis
519 3969 790 4037 testibus
843 3992 883 4034 a
929 3968 1060 4034 suis
1116 3964 1483 4033 civitatibus
1533 3959 1859 4036 notandis,
1911 3955 2035 4021 nisi
2078 3956 2210 4019 iam

198 4053 408 4126 factum
432 4064 667 4150 aliquid
689 4075 786 4133 est
811 4087 927 4151 per
955 4063 1285 4139 Flaccum,
1320 4059 1432 4125 fiet
1458 4082 1497 4124 a
1520 4078 1645 4134 me,
1674 4076 1836 4209 cun:3
1848 4074 1964 4138 per
1982 4050 2213 4115 Asiam

284 4159 480 4208 Ciceronis
496 4168 572 4211 vol.
589 4166 660 4212 11.
1656 4181 1661 4189 “
