2675 4559
414 230 457 298 6
1021 241 1097 295 M.
1137 237 1411 295 TULLII
1447 213 1849 294 cicmzoms

411 368 656 436 absenti
721 366 974 450 tuisque
1036 361 1478 450 praesentibus
1533 360 1855 424 cumulate
1910 358 2063 423 satis
2116 358 2493 440 facturum;

410 463 526 530 sed
560 483 810 539 vereor,
854 483 937 525 ne
980 469 1094 525 aut
1135 458 1441 544 eripiatur
1480 454 1703 543 [causa
1743 451 1949 540 regia]
1989 454 2176 519 nobis
2210 468 2323 521 aut
2365 458 2494 523 de-

410 568 685 633 seratur,
729 576 1001 639 quorum
1047 563 1262 617 utrum
1305 551 1516 615 minus
1552 548 1774 625 velim,
1818 570 1948 613 non
1982 548 2171 615 facile
2205 571 2490 635 possum

413 651 794 715 existimare.
861 648 994 724 sed,
1032 647 1085 711 si
1121 668 1223 710 res
1260 656 1469 730 coget,
1505 654 1602 709 est
1637 642 1943 727 quiddam
1978 643 2257 719 tertium,
2294 641 2489 728 quod

417 767 619 827 mque
657 742 893 811 Selicio
936 763 1058 807 nec
1092 740 1250 807 mihi
1286 738 1692 824 displicebat:
1735 749 1809 802 ut
1840 759 2053 822 neque
2087 738 2295 804 iacere
2334 761 2488 803 rem

417 859 775 923 [animemur
818 860 938 903 nec
981 835 1168 901 nobis
1211 833 1719 920 repugnant-ibus
1756 832 1839 896 ad
1883 845 2041 898 eum
2069 832 2335 911 deferri,
2399 835 2490 897 ad

417 959 605 1015 [luem
657 954 857 1019 prope
908 932 1039 995 iam
1090 930 1303 995 delata
1356 927 1772 993 existimatur.
1870 950 1909 991 a
1958 927 2144 992 nobis
2198 937 2493 1013 agentur

417 1027 628 1091 munia
665 1027 1030 1113 diligenter,
1066 1034 1138 1088 ut
1170 1045 1412 1107 neque,
1457 1022 1511 1085 si
1547 1021 1703 1106 quid
1738 1020 2011 1086 obtineri
2045 1021 2307 1107 poterit,
2346 1043 2487 1085 non

417 1121 895 1197 contendamus,
930 1140 1070 1194 nec,
1105 1117 1162 1182 si
1197 1116 1355 1200 quid
1382 1138 1512 1181 non
1540 1115 2022 1191 obtinuerimus,
2058 1116 2297 1201 repulsi
2336 1137 2489 1180 esse

361 1243 381 1279 ,ι
425 1219 769 1280 videamur.
878 1226 1027 1279 tuae
1082 1211 1431 1297 sapientiae
1484 1210 2071 1296 magnitudinisque
2126 1209 2325 1275 animi
2384 1221 2488 1275 est

417 1331 669 1371 munem
704 1306 1188 1393 amplitudinem
1213 1317 1278 1370 et
1307 1304 1685 1391 dignitatem
1711 1316 1889 1370 tuam
1922 1304 1989 1368 in
2016 1304 2248 1369 virtute
2278 1316 2488 1387 atque

417 1403 481 1463 in
517 1403 708 1467 rcbus
743 1403 941 1487 gestis
979 1400 1103 1465 tuis
1133 1410 1325 1483 atque
1360 1400 1427 1463 in
1455 1410 1568 1464 tua
1600 1399 1914 1485 gravitate
1948 1397 2223 1484 positam
2253 1398 2488 1463 existi-

417 1519 618 1559 mare:
668 1495 721 1558 si
757 1495 914 1579 quid
949 1518 1029 1560 ex
1062 1494 1141 1558 iis
1175 1490 1400 1570 rebus,
1447 1515 1606 1577 quas
1641 1494 1759 1558 tibi
1789 1493 2052 1567 fortuna
2085 1491 2322 1578 largita
2361 1503 2483 1566 est,

417 1615 537 1651 nnn
565 1589 878 1652 nullorum
899 1587 1231 1653 hominum
1266 1587 1535 1674 perfidia
1570 1588 1942 1664 detraxerit,
1985 1586 2051 1651 id
2087 1586 2317 1651 maiori
2354 1586 2482 1650 illis

425 1683 628 1747 fraudi
671 1674 865 1767 quam
909 1683 1026 1748 tibi
1069 1682 1379 1748 futurum.
1470 1706 1508 1747 a
1550 1705 1654 1747 me
1697 1683 1945 1747 nullum
1987 1692 2243 1766 tempus
2287 1703 2486 1766 prae-

417 1778 784 1843 termittitur
820 1778 899 1843 de
936 1779 1061 1843 tuis
1097 1777 1290 1843 rebus
1327 1788 1390 1842 et
1426 1777 1659 1863 agendi
1697 1787 1759 1841 et
1795 1776 2135 1863 cogitandi.
2207 1786 2360 1840 utor
2398 1774 2478 1838 ad

417 1871 629 1935 sunnia
667 1871 749 1953 Q.
790 1870 1054 1948 Selici03
1099 1892 1308 1955 neque
1355 1871 1525 1936 enim
1568 1870 2041 1956 prudentiorem
2079 1890 2479 1953 quemquam

417 1991 493 2031 [Ἢ
553 1965 674 2029 tuis
730 1987 938 2049 neque
991 1964 1118 2031 fide
1161 1964 1403 2029 maiore
1447 1987 1586 2029 esse
1630 1963 1845 2030 iudico
1897 1986 2105 2049 neque
2160 1964 2480 2029 amantio-

421 2083 549 2123 1'[³1‘1‘1
589 2075 698 2123 tul.

1366 2294 1437 2349 V.
1456 2294 1512 2348 b.

821 2394 936 2449 Scr.
955 2395 1169 2451 Romae
1187 2412 1376 2451 mense
1394 2372 1703 2451 Februario
1724 2412 1773 2450 a.
1794 2414 1848 2449 u.
1870 2414 1917 2450 c.
1938 2395 2057 2450 698.

724 2500 802 2552 Μ
843 2500 1116 2554 CICERO
1150 2502 1208 2553 S.
1246 2500 1318 2551 D.
1360 2501 1421 2553 P.
1458 2500 1826 2554 LENTULO
1859 2497 2194 2554 PROCOS..

549 2618 675 2684 Hic
709 2642 874 2704 quae
919 2633 1193 2707 agantur
1226 2643 1521 2706 quaeque
1558 2633 1701 2687 acta
1737 2620 1891 2698 sint,
1938 2643 2015 2686 ea
2048 2632 2111 2686 te
2148 2632 2211 2686 et
2246 2621 2474 2689 litteris

417 2715 758 2779 multorum
786 2726 850 2781 et
875 2717 1114 2781 nuntiis
1145 2737 1455 2802 cognosse
1491 2715 1760 2781 arbitror
1770 2740 1788 2793 ;
1826 2736 1993 2799 quae
2020 2726 2233 2782 autem
2261 2717 2473 2801 posita

417 2826 561 2871 mut.
597 2811 660 2872 in
706 2809 1068 2894 coniectura
1103 2831 1395 2894 quaeque
1430 2810 1726 2876 videntur
1760 2809 1925 2886 fore,
1972 2832 2049 2875 ea
2082 2820 2239 2895 puto
2277 2810 2400 2875 tibi
2436 2833 2472 2873 a

417 2927 513 2963 me.-
553 2901 740 2965 scribi
778 2913 1086 2986 oportere.
1165 2912 1389 2988 postea
1423 2924 1618 2986 quam
1653 2903 2005 2990 Pompeius
2041 2914 2106 2969 et
2141 2903 2316 2990 apud
2353 2927 2471 2990 po-

417 2995 636 3075 [mlum
689 3017 746 3057 a.
801 2994 862 3058 d.
917 2996 1108 3062 VIII.
1163 2995 1321 3060 Idus
1374 2996 1788 3075 Februarias,
1852 3020 1999 3063 cum
2051 3020 2168 3083 pro
2221 2998 2469 3063 Milone

417 3087 681 3164 diceret,
726 3086 1002 3153 clamore
1039 3088 1445 3174 convitioque
1478 3090 1752 3156 iactatus
1788 3101 1885 3157 est
1926 3092 1994 3155 in
2038 3102 2396 3175 senatuque
2432 3114 2468 3153 a

417 3179 662 3245 Catone
698 3202 919 3268 aspere
955 3194 1021 3248 et
1045 3182 1274 3250 acerbe
1308 3184 1577 3248 nimium
1606 3206 1843 3271 magno
1879 3184 2126 3251 silentio
2155 3195 2250 3249 est
2277 3207 2467 3250 accu-

413 3287 605 3351 satus,
642 3276 817 3343 visus
845 3285 941 3342 est
974 3278 1132 3343 mihi
1167 3278 1576 3345 vehementer
1605 3302 1743 3345 esse
1778 3279 2213 3365 perturbatus3
2250 3280 2468 3363 itaque

413 3371 853 3436 ..alexandrina
888 3394 1103 3451 causa,
1140 3396 1306 3458 quae
1340 3374 1527 3439 nobis
1562 3373 1774 3439 adhuc
1807 3373 2058 3460 integra
2093 3385 2294 3439 est—
2310 3372 2465 3438 nihil

413 3463 581 3523 enim
617 3464 732 3528 tibi
769 3464 1044 3531 detraxit
1081 3478 1340 3532 senatus
1376 3467 1497 3532 nisi
1533 3468 1621 3546 id,
1658 3468 1833 3552 quod
1866 3490 1981 3554 per
2016 3466 2287 3534 eandem
2323 3465 2466 3532 reli-

413 3555 666 3639 gionem
714 3555 851 3621 dari
897 3560 1078 3624 alteri
1120 3582 1251 3625 non
1296 3570 1509 3646 potest
1540 3598 1656 3640 ——,
1710 3562 1963 3628 videtur
2006 3562 2089 3627 ab
2131 3562 2241 3626 illo
2276 3562 2465 3647 plane

353 3671 377 3707 ,εν
417 3671 549 3711 esse
589 3648 893 3734 deposita.
966 3675 1139 3718 nunc
1172 3653 1241 3717 id
1277 3677 1605 3739 speramus
1640 3656 1835 3740 idque
1870 3655 2187 3733 molimur,
2222 3668 2297 3720 ut
2332 3678 2463 3729 rex,

413 3767 557 3807 cum
597 3743 924 3830 intellegat
958 3769 1117 3824 sese,
1154 3747 1328 3831 quod
1365 3749 1710 3835 cogitabat,
1746 3761 1817 3814 ut
1855 3774 1895 3813 a
1926 3749 2240 3835 Pompeio
2276 3750 2465 3815 redu-

413 3851 617 3915 catur,
674 3839 940 3925 adsequi
986 3864 1114 3907 non
1154 3863 1347 3928 posse
1394 3855 1485 3921 et,
1537 3845 1659 3909 nisi
1711 3868 1825 3930 per
1878 3857 1941 3909 te
1988 3843 2069 3909 sit
2112 3844 2459 3918 restitutus,

413 3931 732 3997 desertum
786 3958 855 4001 se
909 3948 1101 4021 atque
1155 3937 1474 4004 abiectum
1529 3938 1696 4015 fore,
1747 3937 2183 4024 proficiscatur
2236 3937 2317 4002 ad
2371 3947 2458 4011 tc;

413 4027 581 4107 qumi
629 4026 762 4092 sine
805 4032 936 4096 ulla
982 4031 1404 4110 dubitatione,
1460 4032 1511 4097 si
1553 4032 1903 4117 Pompeius
1955 4032 2220 4119 paulum
2270 4030 2461 4095 modo
