2675 4559
733 261 1288 320 EPISTOLARUM
1320 263 1482 320 XVI.
1520 265 1674 320 3-7.
2101 256 2229 324 401

166 385 540 455 Leucadem
576 385 961 472 deportaret,
995 397 1068 452 ut
1102 386 1194 452 ibi
1228 397 1291 453 te
1325 387 1517 473 plane
1551 387 1979 458 confirmares.
2049 391 2229 460 vide-

167 482 289 561 bis,
326 479 483 567 quid
500 477 723 556 CuriO,
760 479 918 564 quid
942 479 1213 565 Lysoni,
1249 479 1408 566 quid
1443 481 1692 548 medico
1727 484 1999 570 placeat.
2054 489 2231 554 vole·-

167 578 319 644 'baem
355 574 437 643 ad
469 588 537 643 te
570 574 935 640 Marionem
978 575 1331 654 remittere,
1381 598 1609 661 quem,
1661 599 1812 645 cum
1855 579 2230 648 meliuscule

163 671 283 737 tibi
337 681 535 748 esset,
581 669 682 734 ‚ad
730 691 837 734 me
884 668 1173 735 mitteres
1182 702 1207 747 ,-
1264 670 1381 735 sed
1434 669 1713 757 cogitavi
1771 695 1936 741 unas
1971 673 2228 744 litteras
2327 729 2330 732 .

163 766 533 832 Marionem
573 763 826 830 adferre
872 785 1089 848 posse,
1140 787 1245 830 me
1282 776 1498 831 autem
1545 766 1800 834 crebras
1838 781 2227 878 exspectare.

162 861 405 948 poteris
438 859 636 946 igitur
670 869 733 924 et
768 857 998 936 facies,
1046 857 1100 923 si
1134 881 1237 924 me
1274 858 1516 944 diligis,
1563 869 1636 927 ut
1669 861 1901 928 cotidie
1931 863 2020 928 sit
2052 864 2226 932 Aca·
2261 881 2288 920 2

164 967 305 1021 stus
348 954 419 1020 in
461 963 672 1039 portu.
760 951 946 1018 multi
991 964 1211 1030 erunt,
1264 953 1500 1037 quibus
1552 965 1725 1021 recte
1777 955 2020 1022 litteras
2076 957 2228 1023 dare

164 1049 403 1136 possis,
458 1047 571 1132 qui
623 1046 706 1110 ad
756 1069 861 1111 me
912 1035 1188 1112 libenter
1236 1046 1590 1134 perferant.
1645 1049 1943 1132 equidem
1995 1049 2228 1116 Patras

165 1153 426 1210 euntem
470 1139 789 1206 neminem
832 1141 1354 1226 praetermittam.
1445 1164 1566 1228 ego
1613 1164 1868 1226 omnem
1913 1166 2093 1228 spem
2135 1145 2230 1208 tui

165 1238 508 1322 diligenter
552 1232 882 1300 curandi
863 1257 932 1298 111
968 1230 1168 1299 Curio
1203 1234 1440 1300 habeo:
1494 1235 1652 1300 nihil
1695 1248 1908 1322 potest
1947 1237 2057 1303 illo
2092 1237 2231 1304 fieri

162 1330 531 1406 humanius,
567 1327 726 1394 nihil
762 1329 965 1394 nostri
1000 1329 1347 1407 amantius3
1386 1329 1448 1395 ei
1475 1342 1530 1396 ts
1555 1341 1762 1396 totum
1799 1331 2000 1398 trade.
2057 1332 2229 1398 malo

166 1439 231 1492 te
272 1424 471 1512 paulo
514 1435 661 1510 post
702 1411 1023 1491 valentem
1068 1445 1263 1508 quam
1308 1424 1523 1490 statim
1571 1424 1944 1492 inbecillum
1989 1425 2226 1493 videre.

166 1543 324 1586 eura
356 1519 555 1605 igitur
588 1517 747 1584 nihil
790 1517 971 1584 aliud
1000 1517 1125 1584 nisi
1158 1528 1233 1584 ut
1265 1518 1482 1584 valeas
1493 1542 1512 1595 ;
1551 1529 1773 1587 eetera
1808 1541 1929 1606 ego
1962 1520 2225 1586 curabo.

166 1616 361 1682 etiam
407 1623 603 1698 atque
644 1613 838 1679 etiam
883 1613 1046 1680 vale.
1136 1612 1444 1680 Leucade
1497 1613 1936 1700 proficiscens,
1981 1637 2090 1680 vn.
2125 1614 2228 1681 Id.

164 1711 337 1775 Nov.

1150 1867 1255 1924 VI.

538 1969 655 2028 Ser.
676 1969 830 2027 Actii
848 1969 979 2026 VH.
997 1969 1131 2024 Idus
1150 1969 1494 2026 Novembres
1513 1986 1564 2024 a.
1584 1987 1640 2024 ιι
1661 1987 1707 2024 0.
1732 1970 1850 2024 704.

236 2072 581 2132 TULLIUS
614 2073 723 2130 ΕΤ,
756 2071 1033 2130 CICERO
1043 2071 1179 2212 ἐξ
1181 2071 1291 2214 [31
1293 2071 1385 2211 '19
1425 2070 1696 2129 TIRONI
1733 2071 1896 2128 SAL.
1933 2071 2160 2158 PLUR-

296 2273 585 2340 Tertiam
620 2275 705 2339 ad
739 2285 803 2339 te
835 2272 1004 2339 hanc
1040 2272 1374 2358 epistolam
1409 2271 1633 2357 scripsi
1668 2272 1896 2338 eodem
1932 2231 2054 2350 die,
2089 2295 2226 2338 ma-
2263 2297 2284 2334 1

164 2369 265 2454 gis
319 2366 592 2432 instituti
642 2367 772 2432 mei
825 2366 1083 2433 tenendi
1136 2386 1363 2444 causa,
1418 2366 1572 2450 quia
1621 2377 1850 2432 nactus
1899 2389 2076 2432 eram
2122 2367 2228 2432 cui

164 2462 420 2539 darem,
466 2482 659 2544 quam
696 2483 825 2545 quo
861 2461 1165 2526 haberem
1198 2460 1375 2544 quod
1411 2460 1773 2528 scriberem.
1858 2455 2056 2548 igitur
2088 2460 2230 2526 illa:

148 2561 481 2640 'quantum
514 2577 619 2621 me
656 2555 899 2642 diligis,
937 2566 1185 2620 tantum
1222 2553 1456 2621 adhibe
1489 2555 1558 2620 in
1595 2567 1659 2621 te
1697 2555 2096 2640 diligentiae3
2149 2555 2233 2620 ad

164 2664 277 2716 tua
311 2650 803 2716 innumerabilia
837 2649 911 2715 in·
940 2671 1043 2715 me
1082 2649 1295 2716 officia
1332 2649 1498 2714 adde
1534 2648 1674 2726 hoc,
1712 2649 1886 2738 quod
1917 2648 2077 2714 mihi
2112 2647 2234 2714 erit

162 2744 601 2831 gratissimum
620 2743 923 2810 omnium.
984 2765 1133 2808 cum
1152 2743 1537 2808 valetudinis
1553 2741 1886 2819 rationem,
1922 2754 1996 2807 ut
2023 2763 2230 2828 spero,

164 2839 487 2916 habueris,
522 2839 757 2904 habeto
795 2839 987 2906 etiam
1019 2837 1466 2924 navigationis.
1539 2837 1606 2901 in
1641 2837 1896 2902 Italiam
1931 2836 2228 2904 euntibus
2265 2857 2292 2897 2

165 2934 464 2998 omnibus
502 2933 585 2998 ad
620 2955 723 2999 me
758 2933 1002 2998 litteras
1041 2932 1253 3009 dabis,
1290 2943 1364 2996 ut
1399 2951 1521 3018 ego
1557 2941 1816 2996 euntem
1849 2931 2082 2997 Patras
2118 2954 2232 2996 ne·-

165 3028 405 3093 minem
440 3028 897 3112 praetermitto.
987 3049 1168 3103 cura,
1225 3049 1380 3092 cura
1423 3037 1514 3102 te,
1568 3025 1657 3088 mi
1693 3024 1875 3090 Tiro:
1930 3025 2232 3109 quoniam

163 3145 294 3186 non
334 3121 632 3208 contigit,
668 3131 741 3186 ut
776 3121 963 3186 simul
998 3121 1369 3206 navigares,
1413 3119 1572 3184 nihil
1608 3129 1705 3184 est
1738 3120 1912 3203 quod
1947 3119 2230 3197 festineS,

164 3238 284 3282 nec
321 3215 667 3299 quicquam
712 3237 928 3293 cures,
971 3214 1096 3280 nisi
1134 3225 1206 3280 ut
1250 3217 1487 3280 valeas.
1579 3213 1772 3280 etiam
1808 3223 2001 3296 atque
2038 3212 2231 3278 etiam

162 3311 330 3375 vale.
383 3333 489 3374 vn.
528 3309 686 3375 Idus
722 3309 787 3374 N
788 3332 889 3374 ov.
927 3310 1141 3385 Actio,
1177 3308 1450 3393 vesperi.

1130 3458 1262 3516 VII.

420 3522 426 3526 ι
478 3561 599 3626 Ser.
620 3521 902 3633 Corcyrae
918 3561 1047 3620 XV.
1068 3561 1200 3616 Kal.
1219 3561 1565 3616 Decembres
1585 3577 1634 3618 a.
1655 3577 1711 3614 ιι.
1731 3577 1780 3615 0.
1804 3560 1922 3615 704.

434 3664 777 3730 TULLIUS
810 3662 915 3722 ΕΤ
955 3661 1232 3721 CICERO
1272 3661 1328 3718 S,
1365 3662 1438 3717 D.
1477 3660 1754 3719 TIRONI
1791 3659 1958 3720 SUO.

294 3779 663 3867 Septimum
710 3779 842 3844 iam
898 3778 1067 3844 diem
1112 3775 1438 3864 Corcyrae
1483 3776 1888 3854 tenebamur3
1943 3773 2226 3858 Quintus

166 3884 382 3942 autem
433 3885 617 3961 pater
660 3885 725 3940 et
776 3873 945 3938 filius
988 3872 1312 3938 Buthroti.
1402 3870 1654 3937 solliciti
1695 3892 1948 3936 eramus
1993 3868 2072 3936 de
2117 3879 2230 3933 tua

164 3966 535 4034 valetudine
578 3969 813 4033 mirum
846 3968 915 4032 in
956 3968 1253 4042 modum,
1298 3988 1419 4032 nec
1461 3964 1854 4032 mirabamur
1897 3963 2056 4028 nihil
2091 3986 2130 4027 a
2163 3972 2230 4028 te

163 4062 552 4140 litterarum3
588 4062 667 4128 iis
704 4062 874 4130 enim
910 4063 1117 4129 ventis
1153 4061 1325 4126 istim
1361 4059 1721 4147 navigatur,
1759 4060 1872 4144 qui
1907 4057 1964 4125 si
1997 4067 2232 4134 essent,

274 4162 491 4208 Ciceronis
509 4164 589 4207 vol.
608 4163 679 4208 IX.
932 4201 937 4205 .
1076 4210 1083 4216 „
1785 4159 1856 4213 26
