2675 4559
555 256 684 323 172
1165 268 1242 323 Μ.
1281 266 1557 325 TULLII
1590 264 1990 325 CICERONIS

551 394 908 469 caluerunt3
955 390 1232 459 Romam
1275 413 1424 457 cum
1466 389 1811 467 venissem,
1864 410 1947 455 ne
1990 389 2431 456 tenuissimam
2460 394 2571 475 qui-

551 489 698 553 dem
743 486 1133 553 auditionem
1179 486 1259 552 de
1301 509 1381 551 ea
1422 508 1494 552 re
1536 484 1775 571 accepi.
1862 495 2203 571 praeterea
2235 484 2567 562 Marcellus,

547 581 724 665 quod
775 581 987 647 adhuc
1035 579 1196 646 nihil
1255 580 1497 646 rettulit
1548 578 1629 644 de
1680 578 2085 645 successione
2136 578 2571 665 provinciarum

549 673 912 741 Galliarum
946 685 1011 741 et
1043 674 1113 739 in
1138 674 1469 739 Kalendas
1498 672 1739 751 Iunias,
1774 684 1847 737 ut
1880 671 2037 738 mihi
2070 672 2217 759 ipse
2254 670 2427 750 dixit,
2457 696 2567 739 eam

548 769 794 835 distulit
826 768 1229 846 relationem,
1273 790 1429 833 sane
1473 788 1667 853 quam
1702 788 1815 833 eos
1846 788 2179 835 sermones
2218 762 2568 854 [ex]pressit‚

487 882 514 923 8
549 863 661 947 qui
695 863 778 930 de
813 884 890 933 eo
926 874 1066 929 tum
1099 862 1389 939 filet-ant,
1435 883 1582 927 cum
1616 858 1863 926 Romae
1896 882 2013 927 nos
2048 882 2361 927 essemus.
2442 872 2501 925 tu
2528 860 2566 923 si

545 957 960 1045 Pompeium,
1013 968 1086 1023 ut
1129 957 1391 1025 volebas
1406 1002 1425 1033 ,
1478 954 1828 1032 offendisti,
1881 955 1994 1039 qui
2038 954 2160 1022 tibi
2208 955 2381 1021 visus
2420 953 2489 1019 sit
2522 964 2567 1017 et

547 1074 744 1136 quam
778 1052 1128 1119 orationem
1171 1048 1467 1116 habuerit
1508 1061 1723 1115 tecum
1756 1064 2081 1134 quamque
2118 1048 2455 1115 ostenderit
2482 1068 2564 1112 vo-

547 1146 858 1213 luntatem
889 1180 980 1193 -—
1010 1145 1172 1210 solet
1215 1143 1387 1209 enim
1422 1141 1595 1207 aliud
1630 1143 1863 1207 sentire
1898 1153 1963 1207 et
2004 1142 2191 1227 loqui
2227 1163 2429 1226 neque
2458 1151 2563 1204 tan·
2610 1132 2612 1141 '

547 1250 685 1303 tum
721 1238 932 1303 valere
963 1236 1245 1323 ingenio,
1281 1248 1356 1301 ut
1386 1257 1518 1301 non
1552 1236 1878 1322 adpareat,
1912 1235 2072 1320 quid
2112 1235 2333 1323 cupiat
2364 1270 2458 1311 —,
2486 1232 2563 1297 fac

483 1354 515 1394 4
549 1331 706 1398 mihi
739 1330 1115 1418 perscribas.
1204 1331 1380 1415 quod
1412 1330 1497 1395 ad
1533 1327 1909 1409 Caesarem,
1947 1330 2161 1397 crebri
2197 1342 2265 1397 et
2296 1352 2420 1395 non
2447 1326 2564 1393 belli
2612 1310 2614 1427 ff

547 1425 628 1489 de
681 1444 758 1490 eo
809 1446 1126 1502 rumores,
1189 1424 1304 1491 sed
1356 1435 1785 1491 susurratores
1839 1424 1997 1490 dum
2048 1436 2265 1503 taxat,
2318 1422 2561 1493 venians
2612 1432 2614 1499 ἕ

545 1516 709 1595 alius
745 1518 1026 1602 equitem
1059 1518 1413 1605 perdidisse
1426 1565 1446 1595 ,
1480 1519 1684 1603 quod,
1720 1518 1975 1605 opinor,
2012 1530 2190 1585 certe
2226 1518 2437 1585 fictum
2466 1524 2561 1587 est3

545 1611 710 1677 alius
751 1612 1089 1699 septimam
1131 1612 1455 1700 legionem
1496 1613 1866 1698 vapulasse,
1908 1608 2129 1699 ipsum
2175 1610 2351 1699 apud
2389 1608 2560 1675 Bello-

521 1726 738 1771 -vacos
767 1705 1215 1773 circumsederi
1239 1706 1653 1773 interclusum
1680 1706 1765 1771 ab
1788 1705 2037 1790 reliquo
2056 1704 2371 1773 exercitu:
2394 1720 2559 1784 neque
2614 1754 2616 1771 2

547 1799 760 1866 adhuc
813 1800 971 1865 certi
1022 1800 1372 1886 quicquam
1424 1812 1550 1876 est,
1612 1820 1821 1885 neque
1882 1799 2045 1867 haec
2098 1800 2345 1869 incerta
2392 1809 2557 1861 tamen

547 1893 738 1979 volgo
771 1892 1115 1972 iactantur,
1167 1894 1284 1959 sed
1318 1894 1484 1961 inter
1517 1915 1787 1980 paucos,
1832 1900 1993 1979 q'uos
2038 1906 2114 1959 tu
2147 1892 2343 1969 nosti,
2390 1889 2557 1975 palam

547 1996 791 2052 secreto
826 1997 1194 2065 narrantur;
1241 1999 1308 2052 at
1342 1986 1697 2064 Domitius,
1732 2008 1881 2053 cum
1915 2010 2148 2053 manus
2186 1986 2271 2053 ad
2305 2007 2373 2050 os
2403 1982 2557 2065 adpo·
2616 2008 2618 2039 ι

546 2080 692 2145 suit.
781 2092 846 2145 te
880 2104 940 2145 a.
976 2079 1039 2145 d.
1073 2102 1227 2146 vnn.
1263 2078 1418 2146 Kal.
1455 2080 1675 2145 Iunias
1708 2080 2105 2147 subrostrani
2140 2116 2230 2129 ·-—
2262 2076 2427 2165 quod
2452 2074 2555 2139 illo·
2616 2120 2618 2133 2

545 2196 690 2239 rum
723 2174 920 2260 capiti
955 2174 1066 2240 sitl
1101 2210 1190 2222 —-
1223 2174 1607 2261 dissiparant
1647 2174 1919 2261 perisse:
1965 2176 2131 2241 urbe
2176 2196 2257 2240 ac
2296 2173 2427 2242 foro
2456 2176 2555 2232 toto
2616 2192 2618 2195 ⁴

541 2266 862 2333 maximus
895 2288 1114 2335 rumor
1146 2268 1271 2334 fuit
1303 2281 1368 2335 te
1405 2292 1445 2333 a
1478 2268 1563 2351 Q.
1586 2268 1899 2355 Pompeio
1930 2269 2000 2335 in
2035 2270 2269 2337 itinere
2304 2263 2550 2331 occisum·

545 2382 698 2447 ego,
749 2363 864 2447 qui
915 2363 1144 2428 scirem
1187 2360 1273 2444 Q.
1319 2361 1707 2449 Pompeium
1748 2362 1973 2428 Baulis
2018 2366 2056 2444 †
2101 2356 2553 2429 embaeneticam
2615 2350 2621 2416 ,Ι

542 2455 756 2523 facere
791 2468 858 2522 et
889 2476 1096 2539 usque
1129 2478 1238 2535 eo,
1292 2468 1365 2521 ut
1400 2478 1521 2543 ego
1558 2458 1893 2524 misererer
1925 2458 2063 2524 eius
2076 2506 2095 2537 ,
2150 2455 2409 2529 esurire,
2452 2466 2550 2513 non
2617 2500 2620 2545 Ξ

543 2578 688 2619 sum
723 2566 1077 2621 commotus
1114 2569 1178 2620 et
1213 2554 1335 2621 hoc
1370 2553 1730 2630 mendacio,
1777 2554 1831 2619 si
1867 2576 1997 2638 qua
2027 2553 2319 2641 ’pericula
2350 2544 2453 2614 tibi
2480 2542 2549 2605 in-
2617 2560 2620 2593 ¹

541 2650 923 2735 penderent,
988 2661 1061 2715 ut
1111 2649 1611 2736 defungeremur
1660 2648 1897 2735 optavi.
2002 2648 2291 2715 Plancus
2336 2636 2548 2727 quidem
2611 2596 2619 2735 l

541 2756 690 2809 tuus
726 2743 1077 2811 Ravennae
1119 2753 1246 2821 est,
1294 2755 1360 2809 et
1401 2765 1639 2830 magno
1672 2743 1997 2831 congiario
2032 2742 2309 2809 donatus
2353 2758 2390 2800 a
2421 2729 2548 2796 Cae·

541 2858 684 2902 sare
716 2859 837 2902 nec
871 2838 1098 2903 beatus
1133 2858 1255 2904 nec
1288 2838 1455 2904 bene
1488 2838 1836 2903 instructus
1872 2848 1988 2904 est.
2045 2836 2142 2903 tui
2176 2828 2408 2922 politici
2436 2822 2544 2889 hbn
2617 2830 2620 2875 ἰ

539 2929 838 2994 omnibus
873 2934 908 3012 †
941 2930 1185 3017 vigens.

1530 3082 1609 3137 H.

1015 3182 1135 3241 Ser.
1151 3183 1368 3241 Romae
1386 3200 1577 3241 mense
1592 3182 1755 3239 Iunio
1776 3201 1829 3239 a.
1846 3201 1904 3239 u.
1922 3200 1969 3239 c.
1993 3184 2111 3239 703.

1101 3285 1435 3344 CAELIUS
1470 3284 1832 3345 CICERONI
1868 3285 2031 3343 SAL.

477 3422 504 3463 ι
667 3399 891 3480 Certe,
943 3402 1237 3486 inquam,
1289 3402 1621 3467 absolutus
1662 3412 1762 3466 est
1798 3406 1899 3447 -“
1914 3422 2021 3465 me
2063 3401 2387 3486 praesente
2425 3396 2538 3467 pro-

536 3496 898 3561 nuntiatum
950 3506 1048 3561 est
1087 3530 1202 3575 —-,
1251 3506 1320 3561 et
1368 3494 1628 3579 quidem
1685 3496 1765 3559 ab
1809 3494 2105 3559 omnibus
2148 3482 2452 3557 ordinibus
2490 3478 2539 3585 e}

535 3588 806 3675 singulis
849 3588 918 3652 in
960 3610 1091 3653 uno
1135 3604 1396 3674 quoque
1448 3588 1669 3655 ordine
1722 3587 2069 3654 sententiis.
2156 3581 2318 3648 ‘ride
2358 3564 2515 3639 m⁰d⁰

534 3682 769 3768 inquis.
855 3702 1007 3759 non,
1038 3681 1466 3749 mehercules:
1502 3682 1659 3747 nihil
1694 3702 2000 3766 umquam
2036 3680 2204 3747 enim
2238 3686 2361 3739 tam
2390 3676 2539 3751 prae·

534 3787 633 3843 ter
675 3776 1038 3863 opinionem
1051 3825 1070 3855 ,
1124 3788 1258 3842 tam
1300 3776 1485 3861 -quod
1528 3776 1851 3843 videretur
1894 3775 2187 3841 omnibus
2220 3764 2534 3847 ffifflgnum,
2617 3800 2620 3805 ·

536 3871 784 3937 accidit.
871 3872 1030 3955 quin
1064 3893 1207 3959 eg0,
1243 3894 1391 3938 cum
1426 3892 1543 3957 pro
1578 3871 1857 3937 amicitia
1890 3868 2272 3937 validissime
2296 3858 2535 3924 faverem
2618 3914 2620 3917 Α

537 3963 598 4029 ei
631 3976 696 4029 et
727 3988 831 4031 me
873 3966 1003 4031 iam
1039 3966 1123 4033 ad
1168 3966 1514 4033 dolendum
1549 3986 2060 4053 praeparassem,
2112 3968 2427 4049 postquam
2451 3936 2533 4045 fP‘

535 4065 712 4122 ctum
747 4070 872 4139 est,
917 4061 1197 4149 obstipui
1231 4074 1298 4129 et
1342 4061 1499 4127 mihi
1532 4061 1706 4129 visus
1742 4084 1886 4128 sum
1920 4070 2143 4155 captus
2178 4072 2324 4121 esse.
2400 4023 2529 4120 (lmd
