2675 4559
551 212 681 277 242
1164 218 1240 272 Μ.
1280 217 1553 275 TULLII
1589 215 1986 274 CICERONIS

552 348 733 426 mihi,
778 371 819 413 a
852 343 1345 431 reprehensione
1390 340 1766 407 temeritatis
1813 341 2036 406 absim.
2121 341 2412 409 confiterer
2445 343 2513 406 in·
2603 399 2605 410 Α

552 441 885 528 prudentia
920 463 1023 506 me
1057 440 1343 525 lapsum,
1379 437 1435 502 si
1468 457 1778 521 umquam
1814 436 2064 523 Lepido
2098 461 2174 503 ex
2207 437 2390 503 animo
2420 459 2514 502 cre-
2603 483 2606 519 ἶ

552 536 880 614 clidissem3
934 534 1277 600 credulitas
1323 532 1496 599 enim
1537 553 1713 596 error
1756 541 1852 596 est
1894 532 2097 618 magis
2142 553 2318 615 quam
2362 532 2515 618 culpa,
2603 603 2606 615 ,

552 644 608 696 et
648 629 907 716 quidem
950 629 1021 694 in
1056 628 1278 714 optimi
1323 625 1636 709 cuiusque
1679 635 1961 692 mentem
2004 625 2290 691 facillime
2319 626 2515 712 inrepit:
2603 670 2606 705 ἶ

552 728 660 788 aad
710 727 839 811 ‘ego
884 745 1016 789 non
1059 722 1183 797 hoc
1228 721 1383 787 vitio
1435 742 1641 806 paene
1692 743 1838 786 sum
1890 721 2216 807 deceptus3
2266 720 2518 806 Lepidum
2603 766 2606 802 ÷

552 820 720 884 enim
764 818 1031 907 pulchre
1076 839 1321 884 noram.
1410 814 1568 899 quid
1605 836 1760 901 ergo
1797 814 1933 881 est?
1978 813 2184 900 pudor
2215 837 2334 892 me,
2363 814 2517 899 quiin
2603 872 2606 896 ὲ

552 916 715 976 hello
750 913 1031 978 maxime
1066 923 1162 978 est
1197 910 1614 999 periculosus,
1652 908 1824 974 hunc
1860 931 2082 975 casum
2116 909 2311 996 coegit
2339 907 2517 982 subita
2603 964 2606 971 .

552 1032 696 1072 mim
709 1055 729 1086 ‚
764 1009 888 1074 nisi
921 1030 1051 1074 uno
1084 1005 1227 1073 loco
1265 1027 1500 1082 essem,
1546 1004 1817 1070 verebar
1849 1026 1932 1070 ne
1969 1005 2075 1070 cui
2108 1004 2518 1071 obtrectatorum
2603 1048 2606 1084 i

555 1104 799 1169 viderer
841 1114 905 1169 et
955 1101 1223 1167 nimium
1278 1098 1685 1186 pertinaciter
1727 1096 1983 1184 Lepido
2029 1097 2300 1164 offensus
2337 1107 2390 1162 et
2422 1117 2520 1160 mea
2604 1140 2605 1177 3

490 1227 512 1252 ¹·-·
552 1198 853 1284 patientia
881 1197 1075 1263 etiam
1110 1196 1278 1261 alere
1315 1195 1574 1260 bellum.
1627 1193 1846 1277 itaque
1874 1193 2092 1280 copias
2127 1215 2313 1280 prope
2342 1192 2398 1257 in
2417 1212 2521 1256 con·
2604 1236 2605 1271 3

548 1303 837 1376 ,spectum
882 1289 1119 1377 Lepidi
1161 1289 1562 1373 Antoniique
1607 1288 1850 1354 adduxi
1891 1291 2410 1377 quadragintaque
2441 1287 2520 1350 mi-
2603 1360 2606 1365 Δ

548 1388 700 1448 lium
747 1407 1056 1472 passuum
1098 1383 1305 1470 spatio
1349 1383 1571 1448 relicto
1618 1383 1879 1449 consedi
1923 1407 2002 1450 eo
2039 1385 2319 1462 consili0,
2364 1393 2421 1448 ut
2452 1380 2520 1444 vel
2603 1427 2606 1462 3

548 1478 832 1545 εῖ·ε·-.1Ει·ἰῐθι·
883 1479 1189 1545 accedere
1250 1479 1357 1544 vel
1418 1478 1781 1544 salutariter
1829 1479 2114 1565 recipere
2166 1501 2263 1545 me
2316 1498 2520 1566 possem.
2604 1519 2605 1555 3

548 1573 810 1638 adiunxi
845 1573 1006 1639 haec
1030 1574 1099 1638 in
1131 1571 1275 1638 loco
1304 1570 1623 1659 eligendO,
1650 1573 1890 1639 flumen
1914 1566 2274 1660 oppositum
2297 1583 2360 1638 ut
2382 1569 2520 1635 habe-
2603 1614 2606 1650 2

548 1692 709 1744 rem,
753 1668 822 1732 in
855 1689 983 1752 quo
1017 1689 1201 1732 mora
1234 1667 1537 1732 transitus
1574 1677 1770 1744 esset,
1806 1667 2114 1734 Vocontii
2147 1668 2262 1733 sub
2293 1686 2452 1731 manu
2477 1672 2521 1725 ut

548 1773 775 1840 assent,
813 1784 929 1848 per
956 1757 1231 1848 quorum
1254 1762 1400 1840 loca
1432 1760 1705 1826 fideliter
1739 1760 1896 1840 mihi
1931 1773 2180 1848 pateret
2211 1763 2337 1828 iter.
2383 1756 2523 1843 Lepi·
2603 1828 2606 1839 ,

548 1860 668 1920 dus
696 1857 1026 1944 desperato
1055 1857 1336 1923 adventu
1365 1879 1528 1934 mec,
1569 1877 1761 1940 quem
1794 1879 1926 1922 non
1961 1857 2350 1925 mediocriter
2369 1865 2522 1938 capta·
2603 1875 2606 1932 j

548 1954 688 2028 linit,
742 1973 812 2016 se
866 1973 1015 2017 cum
1055 1951 1345 2017 Antonio
1399 1950 1726 2016 coniunxit
1771 1973 1827 2014 a.
1884 1951 1947 2015 d.
2002 1975 2115 2017 1111.
2160 1953 2302 2016 Kal.
2347 1948 2521 2019 Iunias,
2603 2002 2606 2025 ι

548 2048 896 2130 [eademque
933 2045 1037 2110 die
1074 2045 1157 2109 ad
1192 2067 1296 2110 me
1332 2053 1541 2116 castra
1574 2055 1940 2123 moverunt3
1988 2046 2214 2132 viginti
2245 2044 2397 2110 milia
2423 2063 2522 2128 pas·
2603 2086 2606 2121 2

484 2156 504 2192 ,τε
544 2162 731 2204 snum
766 2161 915 2204 cum
950 2138 1278 2215 abessent,
1316 2160 1418 2203 res
1455 2137 1616 2203 mihi
1647 2138 1939 2210 nuntiata
1974 2152 2093 2206 est.
2163 2139 2302 2205 dedi
2332 2155 2521 2223 operam
2603 2178 2605 2214 ἶ

544 2232 736 2296 {laum
787 2231 1213 2316 benignitate,
1264 2243 1339 2296 ut
1385 2242 1449 2297 et
1493 2232 1782 2299 celeriter
1839 2256 1946 2299 me
1999 2234 2338 2321 reciperem
2375 2240 2426 2296 et
2456 2226 2522 2290 hic
2603 2273 2606 2308 3

544 2328 857 2389 discessus
891 2324 1051 2389 nihil
1085 2323 1282 2410 fugae
1309 2324 1515 2391 simile
1550 2325 1836 2406 haberet,
1877 2349 2014 2393 non
2038 2328 2217 2394 miles
2243 2327 2409 2401 ullus,
2435 2342 2523 2385 n011

540 2440 755 2500 titiane,
790 2438 921 2483 non
947 2418 1293 2504 quicquam
1326 2418 1907 2505 inpedimentorum
1939 2423 2328 2489 amitteretur
2357 2427 2445 2484 aut
2469 2412 2524 2477 ab
2590 2430 2597 2495 ἡ

540 2516 660 2576 illis
708 2511 1101 2578 ferventibus
1146 2512 1504 2579 latronibus
1548 2514 2056 2602 interciperetur.
2142 2518 2345 2600 itaque
2372 2506 2522 2600 pridie
2595 2503 2598 2536 ²

542 2608 757 2673 Nonas
776 2607 998 2673 Iunias
1025 2606 1232 2672 omnis
1265 2609 1485 2694 copias
1503 2609 1750 2675 Isaram
1786 2611 2010 2678 traieci
2043 2611 2382 2699 pontisque,
2411 2623 2524 2689 quos

540 2708 844 2782 teneram,
889 2703 1229 2790 interrupi,
1276 2721 1351 2769 ut
1387 2705 1666 2791 spatium
1701 2706 1785 2771 ad
1821 2707 2253 2794 colligendum
2285 2727 2351 2772 se
2377 2697 2525 2767 homi·

540 2824 648 2860 nes
688 2797 995 2864 haberent
1018 2795 1083 2864 et
1111 2820 1233 2885 ego
1260 2822 1368 2865 me
1393 2799 1640 2866 interea
1664 2822 1814 2866 cum
1844 2795 2094 2890 collega
2121 2803 2522 2886 coniungerem,

480 2927 484 2931 -
540 2914 730 2972 quem
764 2892 997 2971 triduo,
1035 2913 1185 2959 cum
1219 2892 1335 2959 has
1374 2893 1608 2959 dabam
1642 2894 1905 2975 litteras,
1942 2896 2394 2985 exspectabam.
2431 2890 2524 2954 La·
2603 2935 2605 2971 a

540 2984 802 3049 terensis
857 2985 1057 3051 nostri
1109 2998 1175 3052 et
1225 2987 1422 3054 fidem
1464 2999 1528 3054 et
1578 2988 1863 3056 animum
1907 2992 2290 3079 singularem
2337 2988 2394 3054 in
2429 3001 2523 3048 rem
2603 3000 2605 3016 ⁴

540 3080 862 3163 publicam
910 3097 1162 3166 semper
1212 3080 1465 3148 fatebor
1473 3106 1494 3160 ;
1554 3079 1670 3149 sed
1723 3095 1892 3151 certe
1943 3085 2143 3152 nimia
2193 3085 2321 3151 eius
2365 3074 2522 3147 indul-

536 3172 751 3256 gentia
794 3173 862 3238 in
904 3171 1229 3260 Lepidum
1278 3175 1363 3240 ad
1405 3175 1566 3241 haec
1610 3177 1900 3262 pericula
1943 3177 2370 3266 perspicienda
2411 3168 2519 3237 fecit

536 3292 684 3328 nutu
728 3265 939 3332 minus
984 3289 1304 3354 sagacem.
1394 3269 1506 3354 qui
1556 3271 1821 3354 quidem
1863 3290 2011 3339 cum
2063 3275 2132 3340 in
2182 3271 2440 3339 fraudem
2474 3281 2520 3325 Se

536 3360 878 3426 deductum
913 3361 1185 3440 videret,
1231 3386 1492 3440 manus,
1537 3385 1696 3448 quas
1731 3364 1960 3434 iustius
2003 3368 2072 3434 in
2106 3365 2332 3455 Lepidi
2361 3356 2523 3450 perni-

536 3456 696 3520 cicm
730 3465 1065 3532 armasset,
1113 3456 1235 3521 sibi
1270 3458 1524 3523 adferre
1561 3470 1827 3527 conatus
1865 3473 1990 3541 est3
2035 3463 2104 3528 in
2140 3484 2263 3547 quo
2297 3477 2428 3525 casu
2453 3463 2522 3515 ta-

534 3572 681 3612 men
713 3549 1152 3636 interpellatus
1188 3561 1253 3616 et
1288 3550 1501 3617 adhuc
1536 3553 1696 3619 vivit
1730 3565 1794 3620 et
1832 3555 2064 3622 dicitur
2096 3557 2383 3622 victurus.
2440 3541 2522 3610 sed

472 3660 496 3696 3}
536 3660 748 3708 tamen
784 3643 864 3709 de
899 3642 1021 3710 hoc
1055 3666 1286 3730 parum
1320 3643 1479 3710 mihi
1525 3657 1770 3713 certum
1806 3661 1921 3716 est.
2009 3671 2131 3737 ego
2165 3667 2382 3735 magno
2413 3657 2522 3706 cum

532 3740 747 3802 {inlate
780 3737 1239 3824 parricidarum
1275 3739 1530 3827 elapsus
1567 3763 1708 3817 sum
1744 3742 1854 3822 iis3
1897 3743 2234 3810 veniebant
2267 3739 2415 3807 enirn
2444 3752 2522 3797 eo·

532 3832 676 3896 dnm
710 3830 925 3898 furore
966 3833 1034 3897 in
1079 3855 1213 3912 me,
1259 3856 1390 3919 quo
1425 3835 1493 3900 in
1526 3836 1828 3922 patriam,
1873 3838 2134 3905 incitati.
2218 3825 2519 3901 iracundias

532 3940 742 3992 :uatem
784 3926 1014 3993 harum
1059 3951 1273 3995 rerum
1314 3931 1590 3997 recentis
1635 3931 1988 4000 habebant:
2039 3931 2210 4016 quod
2252 3922 2519 4013 Lepidum

532 4020 839 4102 εειεὲῒίςειτε
874 4042 1002 4087 non
1022 4022 1445 4103 destiteram,
1498 4037 1573 4090 ut
1609 4028 2042 4115 exstingueret
2076 4026 2335 4099 bellum3
2381 4007 2520 4101 quod
