2675 4559
743 220 1301 279 EPISTOLARUM
1331 223 1439 278 XI.
1477 225 1662 280 7—10.
2099 217 2230 284 265

184 350 354 417 nobis
390 347 827 430 redintegrare
861 345 1060 431 possit
1079 346 1366 412 Antonio
1401 348 1525 414 sibi
1559 350 1926 418 coniuncto:
1960 376 2112 418 nam
2147 355 2230 422 de

184 444 463 511 Pollione
514 440 747 506 Asinio
799 450 959 526 puto
1012 451 1075 507 te
1126 441 1516 528 perspicere,
1583 445 1738 527 qui-d
1788 445 2073 512 facturus
2127 449 2228 514 sit.

182 540 409 604 multae
445 547 513 605 et
545 536 753 600 bonae
790 545 853 600 et
888 535 1111 602 firmae
1147 547 1299 602 sunt
1328 537 1614 624 legiones
1640 539 1881 624 Lepidi
1915 551 1979 608 et
1997 540 2228 608 Asinii.

176 653 378 718 neque
413 631 577 697 haec
604 629 841 696 idcirco
869 629 988 696 tibi
1022 628 1253 708 scribo,
1282 652 1412 716 quo
1437 642 1502 700 te
1531 654 1661 698 non
1687 634 1916 700 eadem
1941 635 2232 702 animad-
2267 655 2291 696 2

179 737 416 794 vertere
458 724 691 800 sciam,
736 724 851 790 sed
894 724 1069 808 quod
1110 724 1267 790 mihi
1307 725 1866 811 persuasissimum
1901 739 1999 796 est
2031 729 2234 816 Lepi-

178 822 325 886 dum
358 830 533 886 recte
569 818 891 884 factunm
935 840 1283 903 numquam
1296 863 1317 894 ,
1371 819 1426 885 si
1457 819 1624 889 forte
1663 821 1846 887 vobis
1879 821 1948 890 id
1991 823 2072 890 de
2108 823 2232 890 hoc

178 915 441 980 dubium
492 924 610 980 est.
715 911 1033 978 Plancum
1085 934 1342 998 quoque
1394 915 1780 985 confirmetis
1833 938 1976 995 oro,
2039 939 2234 1003 quem

176 1032 354 1097 spero
388 1009 583 1096 pulso
618 1006 907 1072 Antonio
940 1008 1035 1074 rei
1078 1009 1374 1094 publicae
1399 1031 1548 1091 ⁶non
1594 1010 1982 1078 defuturum.
2073 1014 2128 1078 si
2163 1036 2232 1079 se

174 1104 355 1190 Alpis
371 1101 701 1169 Antonius
737 1102 1072 1179 traiecerit,
1108 1103 1410 1171 constitui
1445 1103 1834 1189 praesidium
1865 1105 1933 1171 in
1950 1107 2230 1193 Alpibus

176 1198 504 1264 conlocare
556 1207 623 1262 et
672 1209 737 1262 te
789 1196 871 1261 de
924 1197 1097 1264 omni
1138 1219 1208 1264 re
1252 1197 1467 1264 facere
1512 1198 1868 1267 certiorem.
1951 1224 2040 1268 111.
2077 1202 2229 1266 Kal.

174 1292 402 1372 Maias,
443 1312 525 1358 ex
560 1291 783 1356 castris
819 1290 1030 1376 Regii.

1163 1441 1239 1497 X.

416 1544 538 1601 Ser.
557 1545 617 1598 in
635 1545 831 1600 eastris
849 1542 1137 1600 Dertonae
1154 1543 1261 1598 m.
1282 1545 1426 1602 Non.
1448 1545 1629 1600 Maias
1649 1563 1698 1600 a.
1718 1565 1771 1602 ιι.
1793 1565 1841 1602 c.
1864 1549 1981 1603 711.

626 1645 701 1701 D.
736 1645 1048 1704 BRUTUS
1086 1645 1141 1702 S.
1176 1647 1251 1702 D.
1286 1644 1364 1702 Μ.
1401 1645 1778 1706 CICERONI.

294 1763 449 1828 Non
494 1761 654 1826 mihi
698 1783 835 1826 rem
876 1761 1203 1848 publicam
1243 1762 1390 1871 plus
1437 1761 1672 1829 debere
1715 1762 1988 1830 arbitror
2035 1785 2232 1846 quam
2266 1785 2290 1822 1

169 1881 269 1924 me
312 1857 454 1922 tibi.
530 1855 889 1942 gratiorem
928 1877 1034 1922 me
1080 1879 1219 1924 esse
1252 1855 1321 1920 in
1357 1867 1420 1922 te
1455 1878 1674 1942 posse,
1719 1879 1916 1941 quam
1949 1857 2058 1922 isti
2088 1878 2232 1945 per-

170 1952 336 2018 versi
370 1952 501 2016 sint
534 1951 603 2016 in
638 1973 770 2026 me,
816 1951 1217 2045 exploratum
1252 1950 1480 2026 habe83
1527 1951 1584 2016 si
1629 1962 1842 2016 tamen
1877 1951 2038 2025 haec
2071 1963 2234 2018 tem-

168 2047 341 2134 poris
367 2045 711 2112 videantur
736 2044 865 2110 dici
890 2065 1106 2122 causa,
1140 2045 1331 2112 malle
1359 2065 1463 2110 me
1489 2055 1673 2110 tuum
1701 2045 2010 2112 iudicium
2035 2067 2233 2131 quam

171 2164 250 2207 ex
283 2141 486 2206 altera
530 2150 713 2228 parte
756 2139 1042 2203 omnium
1074 2139 1372 2203 istorum:
1428 2149 1499 2202 tu
1544 2138 1712 2204 enim
1749 2163 1789 2204 a
1823 2151 1995 2206 certo
2041 2163 2234 2206 sensu

170 2245 236 2300 et
273 2257 429 2302 vero
473 2233 721 2298 iudicas
767 2233 847 2298 de
890 2233 1105 2310 nobis;
1157 2230 1335 2316 quod
1379 2233 1486 2298 isti
1528 2256 1611 2298 ne
1659 2233 1929 2312 faciant,
1982 2257 2234 2300 summa

170 2328 617 2394 malevolentia
650 2335 716 2392 'et
746 2326 949 2392 livore
981 2326 1415 2412 inpediuntur.
1503 2327 1908 2414 interpellent
1941 2351 2066 2406 me,
2103 2349 2232 2414 quo

166 2423 377 2488 minus
413 2422 763 2487 honoratus
792 2420 932 2496 sim,
968 2420 1124 2485 dum
1152 2444 1234 2487 ne
1268 2421 1695 2506 interpellent,
1733 2444 1862 2508 quo
1891 2422 2100 2488 minus
2129 2447 2231 2490 res

162 2517 427 2604 publiea
458 2539 501 2580 a
532 2537 639 2580 me
672 2514 1007 2581 commode
1043 2513 1469 2580 administrari
1506 2515 1737 2603 possit;
1787 2539 1954 2601 quae
1989 2529 2229 2602 quanto

163 2615 246 2678 sit
277 2613 351 2678 in
392 2611 710 2699 periculo,
752 2631 948 2694 quam
993 2621 1215 2698 potero
1259 2610 1634 2679 brevissime
1671 2634 2008 2696 exponam.
2089 2613 2230 2698 'pri-
2263 2631 2288 2672 2

162 2731 343 2772 mum
362 2704 669 2780 omnium,
689 2716 995 2788 quantam
1020 2705 1566 2791 perturbationem
1591 2727 1808 2772 rerum
1836 2705 2233 2772 urbanarum

162 2800 416 2866 adferat
451 2799 666 2864 obitus
690 2799 1028 2870 consulum
1052 2810 1488 2884 quantamque
1519 2800 1930 2886 cupiditatem
1956 2799 2229 2864 homini-

160 2896 283 2960 bus
310 2893 532 2961 iniciat
549 2893 859 2971 vacuitas,
878 2915 1006 2959 non·
1034 2903 1099 2960 te
1124 2893 1322 2981 fugit:
1347 2893 1504 2960 satis
1521 2917 1624 2960 me
1651 2895 1853 2960 multa
1879 2892 2228 2980 scripsisse,

162 3012 330 3075 quae
365 2988 591 3054 litteris
628 2987 1057 3059 commendari
1090 2989 1356 3074 possint,
1393 2989 1692 3066 arbitror3
1729 2988 1860 3056 scio
1898 2990 2088 3069 enim,
2125 2989 2232 3055 cui

162 3084 463 3150 scribam.
550 3093 843 3148 revertor
867 3105 1039 3149 nunc
1074 3082 1161 3148 ad
1192 3083 1578 3160 Antonium,
1623 3083 1735 3168 qui
1770 3107 1852 3150 ex
1886 3087 2046 3171 tuga
2080 3107 2228 3150 cum
2262 3101 2288 3142 3

162 3177 503 3264 parvulam
547 3200 811 3244 manum
854 3176 1143 3263 peditum
1184 3175 1454 3244 haberet
1495 3177 1868 3253 inermium,
1906 3179 2230 3264 ergastula

164 3272 471 3337 solvendo
507 3293 823 3355 omneque
868 3293 1077 3357 genus
1116 3271 1448 3354 hominum
1494 3270 1866 3356 adripiendo
1901 3271 2056 3336 satis
2091 3295 2228 3340 ma·-

162 3389 369 3452 gnum
417 3387 759 3432 numerum
810 3364 1065 3430 videtur
1116 3365 1404 3432 effecisse
1416 3391 1434 3443 ;
1497 3365 1626 3430 huc
1677 3365 1948 3436 accessit
1997 3387 2226 3432 manus

161 3459 455 3526 Ventidii
468 3508 487 3538 ,
541 3483 709 3544 quae
760 3470 935 3526 trans
980 3461 1446 3547 Appenninum
1489 3459 1716 3526 itinere
1759 3459 1940 3526 facto·
1977 3460 2228 3526 difficil-

163 3555 315 3620 limo
362 3553 449 3619 ad
490 3554 683 3620 Vada
725 3555 1019 3640 pervenit
1062 3565 1257 3639 atque
1300 3551 1393 3621 ibi
1437 3578 1506 3622 se
1549 3576 1698 3622 cum
1744 3555 2032 3622 Antonio
2077 3578 2228 3620 con·
2309 3591 2313 3593 ·

162 3647 386 3714 iunxit.
495 3657 615 3718 est¹
644 3671 949 3716 numer-us
1008 3659 1458 3716 veteranorum
1509 3660 1574 3715 et
1623 3659 2012 3717 armatorum
2073 3649 2232 3716 satis

162 3741 468 3828 frequens
515 3762 665 3806 cum
705 3741 1035 3810 Ventidio.
1124 3743 1388 3810 consilia
1429 3743 1702 3811 Antonii
1744 3743 1903 3810 haec
1947 3743 2073 3810 sint
2115 3767 2228 3810 ne.-
2262 3760 2289 3800 4

162 3858 341 3902 cesse
378 3845 508 3902 est:
564 3846 677 3902 aut
720 3836 804 3901 ad
840 3835 1167 3924 Lepidum
1210 3848 1285 3903 ιιι
1326 3860 1398 3905 se
1433 3838 1749 3915 conferat,
1795 3838 1850 3902 si
1892 3838 2224 3926 recipitur3

164 3940 275 3995 aut
301 3931 700 4018 Appennino
719 3931 1127 4019 Alpibusque
1162 3957 1231 4000 se
1268 3945 1483 4002 teneat
1509 3945 1573 4002 et
1595 3934 2077 4002 decursionibus
2113 3956 2228 4020 per

164 4025 433 4110 equites,
470 4047 633 4114 quos
668 4026 863 4094 habet
896 4029 1153 4109 multoe,
1188 4041 1398 4096 vastet
1423 4052 1500 4096 ea
1535 4030 1696 4108 loca,
1732 4029 1798 4094 in
1825 4051 1990 4116 quae
2017 4029 2229 4098 incur-

2077 4130 2114 4178 ἰ
