2675 4559
645 252 1198 342 EPISTOLARUM
1232 254 1393 311 V111.
1431 254 1654 310 14-16.
2055 240 2180 307 191

1063 374 1121 427 X
1205 412 1218 427 .

707 468 824 524 Ser.
844 485 1035 542 mense
1053 374 1237 539 Ainli
1258 484 1309 522 a.
1328 485 1386 523 u.
1405 486 1454 523 e.
1475 470 1594 525 705.

680 562 1011 622 CAELIUS
1047 562 1411 620 CICERONI
1446 561 1613 619 SAL.

259 660 675 727 Exanimatus
703 660 830 727 tuis
862 661 1108 737 litteris,
1145 660 1383 747 quibus
1416 671 1483 727 te
1509 660 1669 726 nihil
1702 661 1828 727 nisi
1853 662 2033 729 triste
2070 685 2174 729 cn-
2218 689 2238 725 1

155 755 328 841 gitare
360 754 698 822 ostendisti
738 776 950 841 neque
984 755 1054 820 id
1094 755 1253 839 quid
1298 764 1469 821 esset
1509 755 1934 841 perscripsisti
1966 777 2174 841 neque

156 872 260 915 non
291 859 524 927 tamen,
563 850 750 935 quale
785 859 956 916 esset
990 849 1166 933 quod
1201 849 1553 940 cogitares,
1580 849 1908 936 aperuisti,
1945 848 2058 917 has
2098 853 2178 913 sd

155 957 205 1009 te
244 944 380 1011 ilico
423 945 676 1011 litteras
719 944 963 1031 scripsi.
1052 967 1170 1032 per
1211 945 1503 1011 fortunas
1538 954 1713 1023 tuae,
1760 942 2022 1023 Cicero,
2066 969 2178 1031 per

156 1038 352 1104 liberos
383 1050 460 1105 *te
510 1060 625 1104 oro
669 1051 735 1104 et
776 1038 1073 1116 obsecro,
1125 1061 1208 1107 ne
1251 1038 1409 1123 quid
1441 1039 1705 1125 gravius
1751 1038 1833 1105 de
1877 1039 2082 1105 salute
2118 1058 2178 1105 st

68 1188 69 1232 3
156 1131 556 1199 incolumitate
589 1143 705 1198 tua
738 1134 1054 1200 consulas.
1133 1155 1287 1198 nam
1321 1133 1477 1199 deos
1510 1133 1930 1220 hominesque
1964 1133 2182 1197 amisi-

158 1227 402 1311 fiamque
463 1238 753 1294 nostram
816 1228 1121 1294 testificor
1171 1251 1275 1295 me
1336 1228 1455 1294 tibi
1517 1228 1912 1316 praedixisse
1970 1249 2094 1313 neq
2106 1253 2178 1293 us

157 1331 356 1387 temere
407 1321 767 1400 monuisse,
823 1322 943 1388 sed*
981 1333 1322 1409 postquam
1371 1320 1719 1391 Caesarem
1774 1325 2178 1390 convenerim

157 1415 631 1501 sententiamque
684 1416 851 1493 eius,
904 1417 1111 1501 qualis
1163 1417 1383 1483 futura
1436 1428 1604 1484 esset
1655 1429 1842 1505 parta
1893 1417 2178 1493 victoria,

155 1511 567 1594 cognoverim,
621 1522 686 1577 te
730 1510 1065 1577 certiorem
1108 1510 1359 1578 fecisse.
1450 1512 1505 1577 si
1549 1512 1875 1578 existimas
1911 1513 2178 1579 eandem

154 1602 426 1672 rationem
459 1604 610 1671 fore
648 1600 947 1671 Caesaris
981 1605 1051 1671 in
1087 1604 1479 1671 dimittendis
1515 1605 1895 1671 adversariis
1931 1616 1996 1671 et
2031 1629 2178 1673 cmv

155 1696 470 1765 dicionibus
526 1698 814 1765 ferendis
826 1747 846 1778 ,
901 1700 1104 1765 erras:
1165 1698 1326 1765 nihil
1385 1698 1511 1763 nisi
1563 1709 1749 1763 atrox
1801 1709 1867 1763 et
1918 1721 2182 1763 saevum„

155 1792 356 1878 cogitat
387 1805 595 1879 atque
628 1794 823 1860 etiam
854 1794 1164 1880 loquitur:
1209 1794 1410 1859 iratus
1438 1792 1687 1859 senatui
1722 1792 1907 1882 exiit3
1952 1791 2053 1857 his.
2086 1793 2185 1853 in-

155 1887 617 1956 tercessionibus
666 1890 860 1976 plane
910 1889 1209 1955 incitatus
1262 1899 1388 1967 est;
1442 1910 1573 1954 non
1624 1887 2024 1954 mehercules·
2066 1889 2182 1953 erit

156 1979 557 2067 deprecationi
591 1985 791 2051 locus.
882 2006 1014 2071 qua
1047 2008 1118 2052 re
1152 1986 1209 2052 si
1243 1984 1362 2051 tibi
1397 1996 1499 2063 tu,
1544 1985 1600 2051 si
1632 1984 1802 2050 filius
1836 1983 2090 2061 unicus,
2130 1985 2178 2046 si

155 2072 375 2159 domus,
429 2080 486 2145 si
533 2100 687 2166 spes
730 2092 881 2146 tuae
916 2079 1200 2163 reliquae
1245 2078 1364 2145 tibi
1398 2101 1586 2145 carae
1620 2089 1798 2157 sunt,
1855 2078 1909 2143 si
1945 2077 2182 2165 aliquid

68 2216 72 2267 ,ι
155 2171 296 2253 apud
320 2183 381 2239 te
407 2196 557 2251 nos,
595 2172 652 2239 si
679 2174 778 2239 vir
803 2172 1102 2260 optimus,
1138 2193 1338 2260 gener
1365 2184 1538 2252 tuus,
1575 2173 1883 2251 valemus,
1910 2194 2182 2257 quorum

68 2279 71 2329 ὲ
156 2262 437 2341 fortunam
469 2290 613 2335 non
648 2268 846 2335 debes
879 2269 1045 2335 velle
1081 2270 1484 2347 conturbare,
1519 2279 1596 2334 ut
1628 2292 1773 2335 eam
1800 2290 2078 2345 causam,
2118 2269 2182 2333 in

153 2358 303 2425 cuius
335 2362 610 2430 victoria
646 2364 820 2428 salus
853 2375 1073 2429 nostra
1107 2375 1234 2441 est,
1280 2363 1493 2429 odisse
1528 2374 1639 2429 aut
1681 2363 2038 2447 relinquere
2078 2385 2182 2425 nn-

157 2472 350 2533 gamur
378 2468 491 2522 aut
538 2456 786 2543 inpiam
822 2457 1238 2543 cupiditatem
1273 2468 1498 2523 contra
1539 2457 1813 2523 salutem
1857 2468 2033 2523 tuam
2070 2457 2182 2521 ha-

158 2543 401 2624 beamus.
500 2550 786 2635 denique
829 2551 991 2616 illud
1034 2550 1274 2639 cogita:
1330 2552 1507 2637 quod
1551 2551 1836 2617 offensae
1879 2549 2074 2617 fuerit
2118 2549 2182 2613 in

156 2639 253 2706 ista
282 2645 719 2723 cunctatione,
756 2657 819 2712 te
856 2646 1132 2724 subisse3
1177 2669 1352 2712 nunc
1387 2657 1452 2712 te
1487 2656 1709 2712 contra
1744 2645 2050 2710 victorem
2086 2645 2122 2705 f
2118 2669 2182 2705 a·

159 2754 292 2815 cere,
315 2760 506 2824 quem
528 2740 744 2805 dubiis
769 2741 962 2805 rebus
987 2742 1244 2807 laedere
1271 2739 1554 2817 noluisti,
1582 2751 1647 2805 et
1674 2738 1758 2803 ad
1789 2759 1897 2804 eos
1924 2738 2182 2824 fugatos

160 2832 444 2913 accedere,
461 2856 632 2921 quos
659 2834 1011 2901 resistentis
1039 2835 1222 2919 sequi
1247 2833 1549 2912 nolueris,
1568 2856 1856 2900 summae
1882 2832 2182 2898 stultitias

160 2933 248 2987 est.
295 2927 436 2995 vide
461 2952 574 3006 ne,
604 2928 759 2993 dum
785 2929 988 3015 pudet
1014 2939 1081 2994 te
1107 2951 1336 3014 parum
1365 2928 1739 3015 optimatem
1767 2950 1929 3006 esse,
1956 2950 2182 3015 parum

161 3014 489 3104 diligenter,
530 3021 691 3107 quid
727 3022 1042 3109 optimum
1079 3022 1180 3099 sit,
1217 3022 1439 3109 eligas.
1527 3022 1702 3107 quod
1738 3021 1793 3087 si
1826 3032 2033 3087 totum
2070 3021 2182 3085 tihi
2222 3045 2242 3081 ει

160 3116 509 3191 persuadere
548 3137 679 3181 non
712 3138 994 3203 possum,
1031 3117 1287 3193 saltem,
1322 3116 1478 3181 dum
1489 3161 1509 3193 ,
1544 3116 1702 3200 quid
1738 3114 1818 3181 de
1852 3116 2182 3205 Hispaniis

160 3223 413 3288 agamus,
438 3209 681 3288 -scitur,
719 3222 1022 3297 exspecta
1034 3236 1052 3289 3
1088 3232 1250 3294 quas
1287 3208 1407 3275 tibi
1440 3208 1663 3275 nuntio
1700 3210 1982 3276 adventu
2018 3209 2182 3273 Cas-

162 3298 291 3365 saris
312 3302 447 3372 fore
473 3316 751 3371 nostras.
805 3327 1002 3392 quam
1030 3306 1137 3372 isti
1163 3327 1345 3392 spem
1369 3304 1651 3370 habeant
1679 3301 1929 3368 amissis
1945 3301 2186 3385 Hispa*

160 3390 279 3471 niiS,
307 3399 554 3477 nesci03
590 3400 766 3484 quod
800 3422 992 3486 porro
1022 3411 1206 3466 tuum
1233 3397 1571 3465 consilium
1596 3398 1681 3463 sit
1707 3396 1791 3461 ad
1818 3396 2186 3482 desperatus

162 3489 460 3571 accedere,
484 3515 639 3566 ‚non
672 3494 922 3560 medius
957 3495 1147 3561 fidius
1183 3495 1453 3582 reperio.
1540 3492 1693 3572 hoc,
1739 3491 1917 3578 quod
1951 3502 2023 3556 tu
2058 3513 2182 3553 nnn
2226 3513 2246 3549 -ι

164 3576 400 3651 dicendo
434 3588 594 3652 mihi
629 3587 1031 3675 significasti,
1069 3586 1314 3655 Caesar
1349 3588 1640 3655 audierat
1674 3609 1770 3664 ac,
1806 3585 2186 3669 simulatque

167 3671 356 3743 ‘have'
398 3680 560 3747 mihi
595 3682 784 3759 dixit,
829 3684 1074 3770 statim,
1109 3684 1266 3769 quid
1302 3683 1384 3749 de
1418 3694 1483 3749 te
1519 3683 1830 3758 audisset,
1866 3681 2186 3766 exposuit:

165 3773 368 3854 negavi
399 3797 505 3842 me
539 3777 730 3855 scire3
777 3778 894 3843 sed
936 3788 1154 3845 tamen
1190 3778 1274 3844 ab
1310 3798 1387 3843 eo
1431 3777 1588 3864 petii
1623 3787 1697 3842 ut
1729 3776 1815 3841 ad
1848 3786 1913 3840 te
1945 3774 2186 3838 litteras

167 3859 432 3947 mitteret,
468 3870 700 3954 quibus
728 3869 1007 3939 maxime
1035 3872 1118 3937 ad
1144 3870 1605 3937 remanendum
1630 3866 2017 3934 commoveri
2045 3889 2190 3953 spos-

171 3973 271 4021 ⁸0⁸·
316 3982 417 4029 me
452 3986 670 4031 secum
703 3965 768 4030 in
789 3965 1173 4051 Hispaniam
1200 3964 1379 4030 ducit
1387 3988 1407 4041 3
1443 3986 1613 4044 nam,
1648 3962 1774 4029 nisi
1804 3962 1895 4027 ita
1929 3961 2186 4037 faceret,

68 4057 69 4066 ’
172 4068 272 4132 ego
300 4056 492 4143 prius,
525 4082 721 4145 quam
755 4059 839 4126 ad
873 4061 1098 4127 urbem
1137 4057 1537 4138 accederem,
1573 4057 1962 4144 ubicumque
1997 4080 2190 4130 esses,
