2675 4559
2036 0 2143 15 ’””’“Ι
2401 0 2418 13 ἵ

492 205 649 274 342·
1101 218 1177 272 M.
1217 215 1496 275 TULLII
1529 211 1930 272 CICERONIS

484 343 678 410 etiam
729 343 848 410 tibi
889 341 973 408 L.
1022 339 1312 428 Oppium
1364 349 1770 427 praesentem
1820 348 1885 403 et
1935 335 2016 400 L.
2063 333 2335 422 Egnatii,
2377 333 2477 398 mei

482 436 992 515 familiarissimi,
1044 435 1325 502 absentis
1369 435 1632 522 negotia
1675 430 2320 499 commendatarum.
2355 426 2479 492 mihi

482 553 632 596 cnm
676 553 753 598 eo
796 530 1198 598 necessitudo
1244 540 1344 598 est
1387 527 1938 611 familiaritasque,
1988 534 2092 602 ut,
2147 523 2201 588 si
2237 544 2367 588 mea
2402 543 2481 585 res

484 635 673 703 esset,
698 647 830 690 non
858 625 1065 711 magis
1092 624 1479 692 laborarem:
1513 631 1904 708 quapropter
1929 615 2346 706 gratissimum
2357 613 2480 680 mihi

482 719 731 798 feceris,
768 719 823 785 si
856 719 1123 797 curaris,
1158 729 1229 784 ut
1260 719 1315 784 is
1351 717 1684 803 intellegat
1716 737 1822 782 me
1855 738 1898 780 a
1930 725 1992 780 te
2029 723 2272 780 tantum
2303 707 2480 783 amari,

484 825 799 899 quantum
850 814 989 901 ipse
1046 813 1357 880 existimo.
1445 811 1570 878 hoc
1617 809 1776 876 mihi
1829 808 2073 896 gratius
2126 807 2326 875 facere
2363 802 2482 872 nihil
2591 844 2593 856 ·

481 920 665 994 potes
698 909 895 994 idque
928 918 1013 974 ut
1032 907 1235 973 facias
1269 906 1680 973 vehementer
1713 914 1778 970 te
1809 924 1989 989 rogo.

1427 1055 1611 1113 XLV.

1160 1157 1277 1214 Scr.
1296 1157 1513 1212 Romae
1533 1175 1583 1212 a.
1603 1175 1658 1212 ιι.
1679 1174 1728 1212 c.
1748 1157 1866 1211 699.

835 1259 1110 1317 CICERO
1146 1258 1542 1316 APPULEIO
1578 1256 2196 1325 PROQUAESTORI.

611 1375 693 1440 L.
739 1373 1049 1460 Egnatio
1084 1395 1215 1440 uno
1268 1374 1484 1458 equite
1535 1374 1830 1442 Romano
1884 1372 1990 1438 vel
2053 1365 2484 1437 familiarissime
2586 1413 2589 1446 Ξ

480 1479 645 1534 utor.
736 1468 873 1534 eius
918 1468 1313 1535 Anchialum
1357 1490 1615 1534 servum
1655 1467 2076 1554 negotiaque,
2129 1486 2289 1550 quae
2334 1461 2486 1528 habet
2582 1471 2589 1524 2?

478 1563 549 1628 in
581 1562 767 1642 Asia,
802 1561 921 1628 tibi
958 1562 1334 1630 commendo
1369 1583 1500 1628 non
1533 1561 1779 1628 minore
1813 1560 2054 1639 studio,
2089 1581 2277 1646 quam
2307 1556 2357 1623 si
2383 1577 2485 1622 rem
2533 1623 2562 1652 0

481 1680 692 1726 meam
718 1658 1262 1736 commendarem3
1298 1656 1392 1724 sic
1419 1656 1590 1723 enim
1615 1656 1938 1722 existimes
1966 1655 2183 1734 velim,
2209 1651 2354 1719 mihi
2375 1671 2488 1716 cum
2586 1697 2588 1730 ÷

482 1773 561 1819 eo
595 1773 727 1818 non
760 1751 952 1819 modo
990 1752 1376 1818 cotidianam
1419 1750 1950 1817 consuetudinem
1983 1771 2298 1816 summam
2335 1746 2488 1812 inter-
2586 1741 2588 1816 ἶ

481 1846 739 1925 cedere,
794 1847 909 1914 sed
952 1847 1149 1914 etiam
1191 1847 1406 1912 officia
1447 1867 1686 1934 magna
1729 1855 1796 1911 et
1835 1854 2070 1910 mutua
2119 1853 2324 1910 nostra
2359 1840 2488 1905 inter

480 1961 599 2006 nos
634 1963 794 2007 esse.
882 1961 1078 2026 quam
1112 1941 1197 2006 ob
1229 1963 1370 2006 rem
1403 1940 1595 2006 etiam
1629 1951 1824 2025 atque
1857 1939 2059 2006 etiam
2092 1963 2134 2004 a
2166 1951 2228 2005 te
2257 1946 2406 2024 peto,
2433 1941 2486 1996 ut

482 2055 667 2100 cures
678 2081 699 2112 ,
744 2045 816 2101 ut
860 2034 1195 2121 intellegat
1236 2057 1343 2102 me
1379 2033 1462 2100 ad
1507 2046 1571 2100 te
1607 2035 1760 2102 satis
1805 2033 2153 2120 diligenter
2185 2029 2483 2118 eclipsim&
2584 2057 2587 2122 ζ

480 2150 634 2191 nam
686 2127 768 2192 de
820 2138 935 2194 tua
984 2151 1143 2216 erga
1200 2149 1307 2194 me
1359 2123 1689 2197 voluntate
1749 2149 1890 2194 non-
1931 2127 2292 2194 dubitabat:
2337 2121 2396 2188 id
2433 2129 2484 2183 ut

481 2220 705 2297 facias,
741 2231 807 2289 te
842 2221 1037 2286 etiam
1071 2233 1266 2308 atque
1300 2223 1496 2290 etiam
1529 2243 1709 2309 rog0.
1797 2223 1961 2288 vale.

1402 2371 1615 2429 XLVI.

1151 2473 1269 2530 Ser.
1289 2475 1504 2532 Romae
1525 2493 1575 2532 a..
1596 2493 1650 2531 u.
1672 2493 1720 2531 c.
1741 2477 1863 2532 699.

1050 2576 1326 2634 CICERO
1363 2576 1760 2636 APPULEIO
1797 2577 1964 2635 SAL.

606 2689 691 2756 L.
718 2690 987 2758 Nostius
1022 2691 1243 2758 Zoilus
1279 2703 1380 2762 est
1413 2694 1678 2761 coheres
1710 2715 1915 2770 meus,
1954 2692 2142 2762 heres
2177 2700 2376 2759 autem
2403 2707 2488 2771 pa·
2591 2703 2593 2760 ξ

380 2845 385 2850 .
477 2783 645 2849 troni
690 2785 809 2850 sui.
898 2809 977 2854 ea
1016 2810 1087 2853 re
1129 2798 1476 2873 utrumque
1517 2787 1772 2874 scripsi,
1824 2798 1898 2854 ut
1942 2797 2008 2854 et
2052 2785 2213 2852 mihi
2243 2805 2376 2852 cum
2403 2778 2486 2844 illo
2588 2835 2590 2840 .

480 2899 741 2944 causam
776 2879 1093 2946 amicitiae
1126 2881 1323 2948 scires
1365 2905 1504 2958 esse
1539 2893 1605 2948 et
1645 2881 1973 2948 hominem
2007 2881 2280 2968 probum
2311 2869 2489 2942 existi·

476 2993 715 3048 mares,
759 2971 871 3056 qui
904 2975 1158 3060 patroni
1191 2974 1429 3042 iudicio
1467 2986 1726 3042 ornatus
1761 2986 1958 3043 esset.
2005 2998 2159 3042 eum
2191 2972 2302 3038 tibi
2331 2965 2488 3068 igitur

476 3064 569 3132 sic
621 3068 1026 3147 commende,
1079 3080 1153 3134 ut
1203 3092 1410 3134 unum
1461 3093 1542 3136 ex
1583 3081 1804 3139 nostra
1847 3069 2059 3136 domo.
2149 3067 2328 3134 valde
2365 3054 2485 3126 mihi

478 3171 736 3248 gratum
774 3161 926 3239 erit,
960 3162 1014 3226 si
1048 3163 1318 3242 curaris,
1355 3175 1429 3230 ιιι
1461 3163 1794 3250 intellegat
1833 3162 2003 3230 hanc
2037 3152 2488 3230 commendatio·

476 3277 624 3321 nem
658 3255 781 3321 sibi
816 3255 995 3341 apud
1027 3267 1093 3322 te
1126 3279 1364 3344 magno
1400 3255 1770 3324 adiumento
1805 3257 2027 3324 fuisse.

1383 3406 1628 3464 XLVII.

1236 3507 1358 3565 Ser.
1377 3526 1528 3565 anno
1545 3510 1779 3566 incerto.

1140 3610 1418 3671 CICERO
1455 3611 1659 3668 SILIO
1697 3611 1862 3669 SAL.
1907 3630 1914 3636 ·

604 3719 782 3802 Quid
818 3744 941 3808 ego
968 3723 1085 3788 tibi
1114 3724 1558 3792 commendem
1585 3748 1754 3803 eum,
1791 3748 2008 3811 quem
1999 3737 2085 3794 ιιι
2117 3727 2250 3813 ipse
2273 3709 2482 3801 (ΕΙίεἰθ9

472 3813 588 3878 sed
622 3825 867 3894 tamen,
901 3828 975 3883 ut
1008 3817 1205 3884 scires
1240 3841 1392 3886 eum
1425 3844 1468 3886 a
1500 3843 1606 3886 me
1639 3842 1772 3887 non
1805 3821 1990 3908 diligi
2025 3821 2256 3896 solum,
2295 3826 2477 3880 verum

472 3906 668 3970 etiam
702 3907 923 3988 amari,
958 3905 1044 3976 ob
1078 3935 1225 3980 eam
1258 3935 1396 3980 rem
1431 3914 1550 3982 tibi
1581 3915 1746 3982 haec
1781 3917 2022 3984 scribo.
2070 3913 2337 3983 omnium
2363 3915 2476 3968 tu0·

472 4018 617 4061 rum
651 3999 1031 4082 officiorum,
1066 4028 1233 4091 quae
1268 4019 1334 4076 et
1367 4009 1574 4076 multa
1607 4021 1670 4076 et
1704 4033 1946 4098 magna
1977 4023 2154 4088 sunt,
2186 4003 2331 4073 mihi
2357 4015 2476 4084 8¹⁸⁸·
