2675 4559
443 233 573 298 416
1058 245 1135 300 Μ.
1174 243 1453 302 TULLII
1485 242 1894 301 CICERONIS

380 393 406 436 s
442 371 604 436 alter
646 392 851 436 annus
894 367 1090 436 etiam
1134 369 1395 434 tertium
1439 377 1655 454 posset
1697 365 2040 434 adducere.
2130 368 2310 454 quod
2359 391 2517 454 quo-

438 465 611 530 niam
645 474 984 550 peccatum
1019 485 1234 528 meum
1263 485 1406 528 esse
1435 462 1757 538 confiteor,
1795 472 1894 528 est
1929 462 2284 548 sapientiae
2321 475 2518 549 atque

439 558 854 624 humanitatis
900 569 1049 624 tuae
1064 605 1085 635 ,
1140 579 1366 624 curare
1401 567 1466 622 et
1497 556 1837 642 perficere,
1883 568 1958 620 ιιι
2003 556 2127 622 hoc
2159 558 2382 624 minus
2419 583 2519 626 sa-

437 653 688 740 pienter
723 676 764 719 a
796 675 911 728 ,me
956 652 1285 738 provisum
1332 651 1665 737 diligentia
1709 659 1824 717 tua
1867 651 2248 738 corrigatur.
2343 675 2426 719 ac
2467 655 2519 719 si

439 759 501 813 te
537 747 677 833 ipse
713 747 1157 816 vehementius
1195 745 1279 812 ad
1315 747 1524 812 omnis
1556 746 1762 832 partis
1797 747 1964 812 bene
1999 747 2312 812 audiendi
2351 749 2518 814 exci-

440 841 614 920 taris,
650 862 782 907 non
814 853 891 907 ut
926 864 1077 908 cum
1112 839 1281 918 aliis,
1330 842 1446 906 sed
1481 852 1553 906 ut
1586 852 1802 906 tecum
1836 841 1969 906 iam
2000 840 2138 926 ipse
2177 851 2422 920 certes3
2469 843 2517 907 si

440 959 698 1004 omnem
728 949 909 1003 tuam
934 947 1236 1014 mentem,
1274 954 1516 1014 curam,
1547 935 2002 1022 cogitationem
2031 936 2113 1002 ad
2141 937 2517 1005 excellentis

439 1032 508 1098 in
536 1031 833 1098 omnibus
860 1031 1056 1098 rebus
1084 1031 1293 1096 laudis
1322 1029 1740 1117 cupiditatem
1767 1030 2079 1098 incitaris:
2115 1032 2278 1096 mibi
2307 1035 2517 1111 crede,

440 1149 608 1192 unus
654 1149 861 1192 annus
908 1126 1163 1191 additus
1206 1125 1415 1191 labori
1459 1136 1570 1190 tuo
1623 1125 1968 1190 multorum
2023 1147 2346 1190 annorum
2391 1127 2518 1194 lae·

438 1221 647 1288 titiam
696 1221 911 1298 nobis,
973 1220 1169 1284 immo
1216 1241 1370 1286 vero
1407 1219 1600 1285 etiam
1643 1219 1917 1304 posteris
1961 1219 2195 1285 nostris
2245 1221 2512 1288 adferet.

377 1340 405 1380 4
440 1325 831 1400 quapropter
862 1313 988 1379 hoc
1020 1323 1085 1380 te
1120 1312 1402 1400 primum
1443 1335 1602 1400 rogo
1612 1360 1632 1390 ,
1677 1337 1758 1378 ne
1795 1313 2131 1378 contrahas
2169 1337 2250 1380 ac
2289 1315 2512 1380 demit·

438 1420 536 1474 tas
572 1408 858 1472 animum
891 1430 1053 1476 neve
1088 1419 1153 1473 te
1187 1408 1396 1486 obrui,
1433 1419 1762 1518 tamquam
1797 1407 2018 1485 fluctu,
2053 1407 2149 1473 sie
2183 1411 2509 1496 magnitu-

436 1502 588 1568 dine
623 1503 864 1589 negotii
901 1503 1095 1580 sinas,
1132 1514 1482 1588 contraque
1511 1503 1720 1588 erigas
1749 1523 1825 1568 ac
1851 1503 2109 1568 resistas
2149 1503 2290 1570 sive
2321 1504 2508 1570 etiam

436 1598 605 1663 ultro
642 1619 939 1664 occurras
983 1597 1259 1683 negotiis
1271 1621 1289 1674 3
1338 1618 1548 1681 neque
1605 1597 1775 1661 enim
1829 1594 1968 1662 eius
2023 1597 2200 1663 modi
2265 1609 2512 1683 partem

436 1693 531 1758 rei
564 1691 863 1778 publicae
898 1692 1091 1780 geris,
1127 1691 1195 1756 in
1229 1712 1361 1776 qua
1396 1691 1655 1755 fortuna
1689 1690 2084 1768 dominetur,
2122 1689 2240 1756 sed
2280 1693 2352 1756 in
2389 1715 2514 1776 qua

437 1787 789 1874 plurimum
823 1787 985 1851 ratio
1023 1786 1226 1873 possit
1260 1797 1326 1850 et
1371 1785 1722 1870 diligentia.
1811 1784 1985 1868 quod
2019 1783 2076 1848 si
2111 1784 2230 1850 tibi
2269 1785 2513 1851 bellum

438 1881 698 1966 aliquod
742 1903 1053 1968 magnum
1096 1891 1163 1946 et
1207 1879 1640 1965 periculosum
1685 1878 2154 1944 administranti
2197 1903 2513 1966 proroga-

436 1987 577 2041 tum
620 1974 961 2062 ιιιιροι-ιιιιιι
1005 1974 1321 2050 viderem,
1376 1985 1716 2040 tremerem
1761 1973 2004 2050 animo,
2055 1973 2238 2058 quod
2281 1975 2510 2040 eodem

436 2081 723 2157 tempore
764 2091 908 2135 esse
954 2068 1393 2155 intellegerem
1439 2069 1635 2134 etiam
1679 2067 1974 2134 fortunae
2016 2077 2410 2152 potestatem
2442 2069 2509 2133 in

376 2188 402 2227 5
435 2185 553 2229 nos
605 2175 1045 2249 prorogatam:
1080 2241 1087 2248 ι
1119 2185 1291 2228 nunc
1342 2184 1496 2228 vero
1551 2185 1629 2228 ea
1679 2183 1830 2247 pars
1892 2162 2008 2227 tibi
2059 2161 2508 2249 reipublicae

434 2257 776 2322 commissa
810 2267 927 2332 est,
964 2258 1031 2321 in
1067 2278 1197 2340 qua
1232 2266 1345 2322 aut
1385 2257 1630 2322 nullam
1657 2267 1768 2321 aut
1802 2255 2220 2342 perexiguam
2257 2269 2507 2342 partem

432 2351 694 2414 fortuna
730 2360 945 2414 teneat
980 2360 1044 2415 et
1078 2367 1244 2434 quae
1278 2351 1439 2414 mihi
1473 2361 1609 2416 tota
1641 2351 1710 2416 in
1747 2361 1862 2417 tua-
1885 2351 2130 2417 virtute
2167 2373 2248 2418 ac
2285 2354 2508 2420 mode·

430 2444 676 2509 ratione
731 2443 925 2510 animi
974 2445 1187 2529 posita
1238 2466 1380 2511 esse
1433 2445 1746 2510 videatur.
1833 2445 2042 2510 nullas
2056 2492 2075 2522 ,
2129 2456 2206 2524 ιιι
2259 2447 2508 2533 opinor,

431 2538 695 2604 insidias
749 2537 1027 2604 hostium
1040 2583 1059 2614 ,
1112 2537 1358 2604 nullam
1411 2539 1640 2626 proelii
1689 2539 2192 2616 dimicationem,
2257 2541 2508 2606 nullam

434 2633 857 2702 defectionem
893 2633 1242 2709 sociorum,
1286 2635 1532 2700 nullam
1575 2633 1860 2721 inopiam
1905 2633 2208 2720 stipendii
2254 2646 2369 2700 aut
2413 2636 2506 2701 rei

430 2728 907 2804 frumentariae,
934 2728 1179 2793 nullam
1206 2729 1586 2794 seditionem
1614 2729 1932 2797 exercitus
1959 2729 2507 2814 pertimescimus,
2487 2754 2504 2768 ·

433 2844 598 2907 quae
633 2845 945 2908 persaepe
980 2822 1464 2908 sapientissimis
1501 2823 1654 2888 viris
1700 2822 2097 2899 acciderunt,
2151 2834 2256 2899 ιιι,
2309 2845 2510 2908 quem

432 2917 517 2980 ad
550 2917 813 2982 modum
860 2917 1321 3002 gubernatores
1359 2918 1585 3003 optimi
1633 2918 1765 2982 vim
1799 2917 2226 3007 tempestatis,
2275 2919 2369 2984 sic
2413 2918 2508 2982 illi

431 3009 729 3078 fortunae
782 3011 1097 3096 impetum
1146 3033 1450 3098 superare
1493 3034 1624 3077 non
1670 3023 1953 3096 possent.
2043 3007 2160 3078 tibi
2204 3011 2360 3078 data
2409 3022 2504 3077 est

432 3127 682 3171 summa
716 3128 875 3192 pax,
928 3127 1181 3171 summa
1216 3107 1672 3190 tranquillitas,
1713 3106 1804 3170 ita
1837 3118 2084 3182 tamen,
2130 3117 2203 3170 ιιι
2240 3129 2320 3172 ea
2355 3107 2506 3172 dor-

428 3201 736 3266 mientem
788 3199 1286 3286 gubernatorem
1340 3201 1444 3266 vel
1507 3200 1810 3278 obruere,
1874 3199 2253 3286 vigilantem
2308 3201 2504 3266 etiam

370 3317 395 3358 6
430 3291 747 3360 delectare
782 3293 1015 3379 possit,
1051 3304 1300 3361 constat
1327 3295 1500 3360 enim
1529 3316 1606 3362 ea
1639 3293 1971 3379 provincia
1999 3293 2287 3380 primum
2315 3315 2402 3360 ex
2427 3315 2502 3360 eo

428 3411 666 3475 genere
699 3387 1041 3466 sociorum,
1078 3387 1253 3472 quod
1288 3401 1388 3454 est
1421 3412 1503 3456 ex
1529 3388 1862 3453 hominum
1893 3387 2072 3454 omni
2105 3410 2346 3474 genere
2379 3387 2504 3453 hu-

427 3483 893 3560 manissimum,
930 3483 1162 3550 deinde
1196 3506 1281 3549 ex
1314 3505 1394 3550 eo
1429 3506 1666 3570 genere
1712 3483 1969 3561 civium,
2005 3483 2119 3568 qui
2154 3495 2289 3560 aut,
2326 3484 2508 3568 quod

425 3577 753 3662 publicani
788 3589 936 3643 sunt
948 3625 967 3656 ,
1011 3600 1129 3644 nos
1164 3601 1419 3644 summa
1450 3577 1924 3644 necessitudine
1961 3578 2319 3662 attingunt,
2368 3591 2508 3656 aut,

426 3671 603 3755 quod
635 3672 728 3736 ita
760 3673 1189 3758 negotiantur,
1224 3684 1299 3738 ut
1330 3673 1683 3760 locupletes
1716 3673 1862 3750 sint,
1897 3671 2100 3739 nostri
2127 3673 2508 3738 consulatus

357 3757 393 3810 2
426 3764 737 3831 beneficio
784 3789 853 3832 se
900 3767 1237 3834 incolumis
1276 3767 1570 3834 fortunas
1605 3766 1842 3834 habere
1901 3766 2312 3833 arbitrantur.
2406 3773 2507 3834 ‘at

364 3827 599 3924 ⁷enim
632 3859 798 3925 inter
830 3860 1003 3926 hos·
960 3883 1159 3974 ipsos
1196 3861 1513 3928 exsistunt
1546 3883 1778 3947 graves
1807 3860 2296 3938 controversiae,
2323 3861 2508 3926 mul-

426 3963 533 4017 tae
558 3967 922 4022 nascuntur
957 3957 1259 4035 iniuriae,
1306 3979 1586 4043 magnae
1621 3958 2061 4039 contentiones.
2092 3975 2505 4038 consequun-

428 4045 575 4108 tur!
626 4049 811 4130 quasi
844 4073 999 4117 vero
1036 4073 1159 4138 ego
1193 4052 1261 4117 id
1296 4063 1539 4138 putem,
1575 4073 1704 4119 non
1739 4063 1804 4118 te
1833 4051 2225 4138 aliquantum
2249 4049 2504 4136 negotii
