2675 4559
507 246 637 314 290
1125 259 1201 312 M.
1240 257 1533 328 TULLII,
1551 255 1951 314 CICERONIS

1480 430 1583 486 XI.

781 533 900 590 Scr.
918 534 978 588 in
997 500 1195 589 castris
1214 531 1509 588 Taricheis
1526 531 1705 590 Nonis
1722 531 1941 586 Martiis
1960 547 2011 588 a.
2029 546 2083 585 u.
2103 546 2149 586 c.
2170 531 2284 585 711.
2310 487 2317 494 ἱ

778 635 838 692 C.
874 633 1188 693 CASSIUS
1223 632 1538 691 PROCOS.
1578 632 1634 691 S.
1670 633 1745 689 D.
1780 633 1858 688 M.
1895 631 2267 692 CICERONI.

444 779 469 818 1
635 757 706 826 S.
733 779 796 822 v,
825 757 888 822 b.
917 780 974 823 e.
1003 781 1059 823 e.
1089 778 1154 842 q.
1180 777 1243 822 v.
1295 757 1365 822 in
1400 754 1659 843 Syriam
1691 779 1795 822 me
1830 756 2191 843 profectum
2224 777 2357 823 esse
2384 753 2511 818 scito

505 851 587 918 ad
634 852 716 918 L.
753 850 1060 918 Murcum
1105 861 1170 917 et
1213 848 1298 932 Q.
1349 848 1653 938 Crispum
1698 850 2140 936 imperatores:
2195 850 2313 916 viri
2354 847 2511 913 fortes

505 946 854 1032 optimique
890 947 1091 1026 cives,
1135 953 1557 1032 posteaquam
1593 942 1931 1011 audierunt
1966 965 2131 1030 quae
2167 945 2398 1010 Romae
2426 965 2512 1027 ge-

503 1051 822 1117 rerentur,
870 1041 1187 1107 exercitus
1233 1040 1393 1104 mihi
1428 1039 1827 1105 tradiderunt
1859 1040 2111 1126 ipsique
2146 1061 2386 1106 mecum
2414 1057 2514 1100 una

503 1134 848 1201 fortissimo
883 1135 1096 1200 animo
1132 1156 1270 1199 rem
1303 1134 1631 1219 publicam
1658 1133 2120 1200 administrant.
2173 1134 2320 1199 item
2351 1129 2513 1216 legio-

501 1252 672 1306 nem,
693 1251 886 1314 quam
904 1226 990 1310 Q.
1011 1225 1332 1294 Caecilius
1352 1229 1597 1293 Bassus
1616 1226 1859 1307 habuit,
1880 1227 1963 1292 ad
1986 1249 2094 1293 me
2114 1226 2355 1293 venisse
2370 1223 2511 1298 scite,

503 1333 930 1409 quattuorque
956 1322 1262 1407 legiones,
1283 1343 1443 1406 quas
1462 1321 1548 1385 A.
1568 1321 1864 1387 Allienus
1891 1342 1973 1387 ex
1992 1321 2298 1408 Aegypto
2314 1315 2511 1389 eduxit,
2604 1397 2606 1400 .

439 1435 466 1475 2
500 1415 763 1480 traditas
799 1415 882 1479 ab
918 1436 995 1480 eo
1032 1414 1189 1482 mihi
1223 1437 1365 1480 esse
1401 1415 1579 1480 scito.
1649 1437 1824 1480 nunc
1858 1425 1923 1481 te
1959 1414 2383 1481 cohortatione
2413 1431 2511 1475 non

499 1519 655 1594 puto
681 1508 993 1596 indigere,
1021 1520 1094 1574 ut
1120 1531 1237 1574 nos
1268 1509 1547 1574 absentis
1577 1531 1840 1594 remque
1868 1509 2214 1595 publicam,
2250 1516 2511 1592 quantum
2604 1571 2606 1574 .

499 1614 598 1668 est
631 1606 700 1668 in
737 1617 818 1678 te,
866 1603 1194 1669 defendas.
1286 1603 1449 1668 scire
1483 1615 1547 1668 te
1583 1603 1758 1678 volo,
1804 1603 1988 1668 firma
2021 1601 2339 1689 praesidia
2367 1595 2512 1664 vobis

501 1697 877 1782 senatuique
914 1697 1169 1774 adesse,
1214 1709 1290 1763 ut
1323 1698 1565 1784 optima
1610 1718 1723 1783 spe
1759 1709 1825 1762 et
1856 1698 2142 1764 maximo
2178 1697 2379 1763 animo
2407 1714 2511 1757 rem

498 1790 824 1876 publicam
856 1791 1184 1859 defendas.
1237 1792 1485 1876 reliqua
1511 1803 1723 1857 tecum
1752 1802 1900 1877 aget
1919 1791 2001 1857 L.
2025 1789 2338 1868 Carteiae,
2364 1784 2511 1853 fami-

497 1885 671 1951 liaris
707 1908 909 1952 meus.
972 1886 1135 1952 vale.
1201 1885 1262 1950 d.
1299 1884 1505 1950 Nonis
1538 1883 1795 1950 Martiis
1831 1907 1912 1950 ex
1948 1886 2177 1951 castris
2210 1880 2508 1950 Taricheis.

1460 2035 1595 2090 XII.

953 2135 1072 2192 Ser.
1093 2137 1150 2192 in
1169 2139 1368 2192 castris
1388 2137 1565 2194 Nonis
1582 2117 1747 2192 Maiis
1767 2155 1817 2192 a.
1837 2155 1891 2191 u.
1914 2154 1961 2193 c.
1984 2138 2105 2192 711.
2601 2043 2607 2250 ,

689 2239 746 2296 0.
785 2236 1100 2295 CASSIUS
1135 2237 1450 2295 PROOOS.
1490 2239 1545 2296 S.
1582 2240 1658 2294 D.
1695 2240 1771 2294 Μ.
1810 2239 2179 2298 CICERONI
2214 2237 2365 2296 SUO.

436 2372 460 2410 ι
627 2346 698 2414 S.
727 2371 789 2413 v.
827 2349 891 2414 b.
929 2373 986 2414 e.
1024 2373 1081 2416 e.
1109 2371 1172 2434 q.
1201 2374 1265 2415 v.
1318 2351 1451 2438 legi
1486 2363 1629 2419 tuas
1664 2352 1927 2429 litteras,
1962 2353 2029 2418 in
2064 2355 2299 2438 quibus
2332 2346 2506 2416 mirifi-

495 2463 642 2508 cum
685 2455 871 2508 tuum
917 2464 1074 2529 erga
1116 2467 1220 2510 me
1266 2467 1549 2512 amorem
1590 2448 1964 2533 recognovi3
2019 2447 2334 2526 videbaris
2376 2442 2508 2510 enim

493 2557 624 2600 non
660 2536 866 2601 solum
909 2536 1129 2602 favere
1173 2538 1361 2604 nobis
1395 2575 1483 2588 —-
1515 2539 1583 2605 id
1625 2541 1801 2626 quod
1845 2551 1909 2608 et
1940 2551 2165 2608 nostra
2200 2552 2264 2607 et
2302 2538 2387 2605 rei
2414 2557 2507 2621 pu·

493 2631 698 2697 blicae
735 2653 930 2697 causa
964 2653 1216 2718 semper
1251 2633 1460 2699 fecisti
1492 2671 1608 2712 -,
1656 2635 1769 2700 sed
1806 2635 1997 2702 etiam
2033 2657 2299 2722 gravem
2332 2649 2507 2699 curam

493 2726 850 2812 suscepisse
877 2724 1413 2811 vehementerque
1440 2751 1579 2794 esse
1607 2728 1689 2794 de
1713 2729 1899 2795 nobis
1936 2729 2260 2796 sollicitus.
2310 2728 2505 2809 itaque,
2600 2815 2602 2818 .

491 2820 666 2903 quod
718 2831 784 2885 te
825 2821 1106 2904 primum
1153 2821 1515 2888 existimare
1570 2823 1910 2910 putabam,
1962 2846 2079 2890 nos
2131 2843 2416 2911 oppressa
2453 2838 2505 2881 re
2600 2843 2602 2906 ᾗ

488 2912 750 2996 publica
778 2913 1106 2995 quiescere
1133 2936 1262 2979 non
1297 2938 1506 3002 posse,
1544 2917 1795 2995 deinde,
1833 2939 1981 2983 cum
2008 2919 2392 3007 suspicarere
2414 2932 2504 2977 nos
2600 2907 2603 3113 ἱ

489 3003 726 3082 moliri,
773 3006 947 3090 quod
991 3017 1054 3072 te
1105 3009 1449 3075 sollicitum
1482 3033 1623 3076 esse
1658 3021 1722 3076 et
1767 3010 1849 3077 de
1882 3012 2086 3078 salute
2122 3023 2333 3078 nostra
2362 3018 2417 3075 et
2444 3003 2503 3068 de

489 3119 704 3163 rerum
748 3109 982 3165 eventu
1024 3101 1364 3186 putabam,
1418 3103 1609 3168 simul
1644 3125 1721 3170 ac
1766 3105 2053 3192 legiones
2090 3105 2332 3192 accepi,
2377 3117 2501 3185 quas

493 3192 575 3256 A.
612 3191 906 3259 Allienus
951 3194 1262 3262 eduxerat
1296 3221 1381 3263 ex
1414 3197 1719 3284 Aegypto
1730 3245 1751 3276 ,
1795 3199 2020 3286 scripsi
2054 3200 2139 3265 ad
2184 3212 2249 3266 te
2280 3193 2500 3263 tabella-

486 3286 743 3370 riosque
778 3288 1101 3373 conpluris
1131 3291 1407 3356 Romam
1432 3292 1609 3370 misi3
1645 3293 1871 3379 scripsi
1910 3294 2103 3361 etiam
2138 3294 2222 3360 ad
2256 3300 2499 3359 senatum
2598 3329 2600 3338 ,

485 3379 750 3458 litteras,
786 3400 946 3465 quas
975 3383 1156 3449 reddi
1182 3386 1359 3451 vetui
1385 3386 1583 3471 prius,
1620 3408 1815 3471 quam
1840 3387 1957 3454 tibi
1988 3389 2287 3455 recitatae
2311 3387 2499 3454 essent,
2596 3341 2601 3544 Ι

487 3473 543 3536 si
575 3471 742 3540 forte
776 3474 902 3540 mei
930 3476 1374 3565 obtemperare
1398 3480 1557 3545 mihi
1580 3483 1949 3548 voluerunt.
2003 3482 2180 3567 quod
2214 3483 2266 3548 si
2296 3480 2498 3546 litterae
2596 3545 2598 3560 ζ

484 3565 765 3650 perlatae
800 3589 931 3632 non
965 3582 1134 3649 sunt,
1170 3593 1301 3637 non
1327 3573 1550 3638 dubito
1582 3575 1739 3659 quin
1754 3574 2119 3655 Dolabella,
2156 3575 2264 3662 qui
2296 3567 2497 3638 nefarie
2596 3569 2598 3582 '

483 3657 808 3725 Trebonio
853 3663 1061 3728 occiso
1105 3663 1334 3731 Asiam
1380 3668 1749 3753 occupavit,
1802 3669 2167 3736 tabellarios
2208 3689 2373 3734 meos
2410 3661 2496 3726 de·

420 3771 448 3812 ε
482 3752 890 3838 prehenderit
920 3756 1290 3842 litterasque
1323 3760 1752 3850 interceperit.
1816 3764 2131 3831 exercitus
2165 3761 2378 3838 omnis,
2408 3752 2494 3840 qui

479 3847 548 3910 in
569 3845 760 3932 Syria
795 3849 1073 3930 fuerunt,
1107 3863 1294 3920 teneo
1304 3879 1322 3933 3
1360 3854 1559 3922 habui
1591 3857 1909 3945 pollulum
1936 3880 2172 3937 morae,
2208 3857 2351 3924 dum
2374 3869 2491 3938 pro·

479 3938 675 4005 missa
707 3942 1014 4010 militibus
1049 3941 1395 4033 persolvo(
1430 3973 1603 4018 nunc
1636 3953 1767 4019 iam
1804 3977 1947 4020 sum
1983 3953 2327 4041 expeditus.
2382 3969 2415 4009 a
2443 3951 2489 4044 t?

477 4039 657 4113 peto,
701 4045 776 4098 ut
821 4037 1195 4123 dignitatem
1229 4067 1441 4111 meam
1475 4047 1985 4115 commendatam
2018 4047 2136 4114 tibi
2168 4045 2411 4115 habeas,
2442 4053 2487 4096 ⁸²
