2675 4559
820 159 1378 218 EPISTOLARUM
1412 162 1516 218 xi.
1553 163 1707 219 5-7,
2167 122 2301 222 263

227 286 474 352 divinis
510 284 580 349 in
614 306 752 350 rem
784 284 1111 369 publicam
1145 285 1389 350 meritis
1408 285 1716 353 sileretur
1739 288 2017 373 —quod
2052 291 2294 358 factum

228 390 419 456 esset,
456 379 583 443 nisi
619 400 742 464 ego
777 378 1096 444 venissem
1127 412 1248 457 —-,
1286 389 1420 456 aut,
1457 380 1648 446 etiam
1685 382 1738 446 si
1773 382 1930 466 quid
1963 385 2044 448 de
2081 397 2143 452 te
2179 387 2295 452 ho-

223 473 491 539 norifice
547 472 893 550 diceretur,
948 495 1053 537 me
1098 493 1229 538 non
1270 472 1517 539 adesse.
1614 475 1830 560 itaque
1881 476 1950 542 in
2003 494 2287 544 senatum
2332 504 2352 540 5

222 567 380 633 veni
405 588 629 644 maue3
666 566 842 650 quod
869 589 1017 632 cum
1036 578 1204 632 esset
1232 568 1769 648 animadversum,
1797 569 2291 656 frequentissimi

222 673 560 728 senatores
616 671 1070 726 convenerunt.
1168 682 1335 745 quae
1382 661 1462 728 de
1513 673 1577 728 te
1629 663 1698 729 in
1751 676 1975 732 senatu
2031 672 2288 752 egerim,

220 777 397 841 quae
452 756 522 820 in
579 754 873 821 contione
934 755 1216 821 maxima
1270 755 1569 834 dixerim,
1633 757 1904 823 aliorum
1954 772 2015 824 te
2071 764 2287 824 litteris

218 851 399 939 malo
436 869 856 939 cognoscere:
901 848 1059 914 illud
1094 849 1209 913 tibi
1243 851 1633 935 persuadeas
1668 850 1883 930 velim,
1919 876 2023 920 me
2059 856 2287 928 omnis,

221 967 395 1029 quae
442 944 529 1008 ad
572 938 751 1009 tuam
797 944 1172 1030 dignitatem
1226 944 1590 1030 augendam
1632 947 2071 1032 pertinebunt,
2127 972 2287 1032 quas.

217 1051 323 1104 est
356 1060 479 1124 per
523 1061 593 1102 se
640 1037 1061 1123 amplissima,
1115 1035 1369 1103 summo
1413 1060 1665 1125 semper
1701 1039 1915 1104 studio
1959 1060 2291 1128 περι-[Ῥω-

216 1155 372 1197 rum
409 1144 477 1198 et
522 1132 966 1208 defensurum;
1022 1133 1195 1216 quod
1232 1153 1624 1217 quamquam
1665 1133 1967 1222 intellego
2003 1160 2104 1200 ms
2147 1160 2287 1200 sum

218 1226 445 1290 multis
490 1247 635 1290 esse
678 1224 1029 1301 facturum,
1081 1236 1296 1292 tamen
1342 1226 1640 1312 adpetam
1677 1226 1869 1292 huius
1899 1223 2003 1293 =rei
2055 1232 2287 1312 plinsi-

216 1333 469 1405 patum.

1187 1556 1316 1612 Vn.

514 1656 633 1712 Scr.
651 1657 868 1712 Romae
888 1663 1122 1712 exeunte
1138 1674 1329 1712 mense
1348 1657 1652 1712 Decembri
1670 1675 1704 1712 a
1742 1675 1795 1712 u.
1817 1675 1866 1713 c.
1886 1660 2003 1713 710,

405 1760 485 1814 M.
526 1758 802 1816 CICERO
841 1759 896 1816 S.
933 1760 1009 1815 D.
1044 1759 1119 1814 D.
1155 1759 1418 1816 BRUTO
1456 1759 1615 1814 IMP.
1653 1758 1811 1816 COS.
1847 1759 2099 1847 DESIG.

352 1880 530 1948 Cum
576 1882 971 1948 adhibuisset
1017 1883 1189 1948 domi
1233 1903 1414 1948 meae
1449 1881 1682 1968 Lupus
1726 1904 1831 1948 me
1867 1893 1930 1948 et
1962 1884 2279 1948 Libonem
2324 1912 2340 1946 τ

218 1989 285 2042 et
320 1974 648 2055 Servium,
687 1977 1138 2042 consobrinum
1174 1988 1387 2053 tuum,
1424 1999 1591 2061 quae
1627 1999 1772 2042 mea
1805 1976 1995 2042 suerit
2035 2000 2281 2040 sunt-sn-

215 2070 339 2148 tia,
379 2092 693 2156 cognosse
729 2083 792 2136 te
829 2093 910 2136 ex
944 2071 1043 2135 M.
1084 2069 1233 2136 Seio
1272 2071 1571 2146 arbitror,
1607 2070 1720 2154 qui
1753 2081 1971 2135 nostro
2007 2076 2279 2136 serrnsni

216 2165 540 2232 interfuit:
577 2165 843 2250 reliqua,
880 2187 1270 2250 quamquam
1307 2165 1521 2230 statim
1551 2164 1772 2231 Seium
1799 2163 2151 2243 Graeceius
2191 2188 2279 2232 est

219 2261 629 2337 subsecutus,
662 2272 878 2326 tamen
904 2282 985 2325 ex
1006 2257 1321 2326 Graeceio
1356 2261 1596 2346 poteris
1623 2281 2023 2347 cognoscere.
2091 2276 2280 2348 caput
2324 2288 2344 2324 ε

217 2366 437 2420 autem
475 2366 575 2421 est
606 2356 751 2432 hoc,
788 2354 961 2439 quod
996 2365 1059 2421 te
1087 2355 1569 2440 diligentissime
1603 2356 1932 2442 percipere
1962 2368 2023 2420 st
2065 2360 2283 2420 :cumj-

215 2450 396 2515 nisse
430 2449 678 2527 volam,
721 2461 797 2514 ut
837 2471 920 2514 ne
963 2449 1033 2514 in
1074 2450 1371 2522 libertate
1407 2460 1471 2516 et
1506 2451 1714 2516 salute
1745 2452 1971 2537 populi
2007 2452 2280 2516 Humani

219 2543 673 2608 conservanda
741 2542 1185 2608 auctoritatem
1255 2555 1515 2609 senatus
1586 2556 1917 2629 exspectes
1999 2548 2279 2608 nfintlffln

216 2637 439 2715 liberi,
485 2661 571 2703 ne
606 2648 671 2702 et
705 2648 888 2702 tuum
923 2637 1168 2702 factum
1203 2639 1588 2704 condemnes
1623 2673 1708 2684 —
1744 2638 1920 2702 nullo
1957 2640 2127 2700 enim
2165 2664 2281 2724 pu-

216 2733 394 2799 blico
428 2733 693 2799 consilio
729 2756 864 2799 rem
898 2732 1224 2820 publicam
1256 2734 1636 2812 liberavisti3
1675 2753 1802 2818 quo
1831 2732 2019 2798 etiam
2061 2752 2155 2796 est
2183 2760 2279 2796 res

216 2827 332 2893 illa
377 2827 582 2893 maior
616 2839 679 2893 et
713 2828 941 2892 clarior
977 2863 1080 2905 —,
1117 2838 1180 2892 et
1215 2826 1688 2894 adulescentem
1722 2827 1826 2892 vel
1861 2850 2131 2913 puerum
2171 2852 2283 2912 pu-

220 2923 350 2989 tius
381 2921 731 2988 Caesarem
763 2923 1008 2987 iudices
1044 2933 1283 2988 temere
1310 2921 1561 2999 fecisse,
1598 2923 1710 3006 qui
1744 2932 1987 2987 tantam
2023 2944 2283 2984 musam

221 3017 553 3103 publicam
604 3017 852 3103 privato
904 3016 1168 3081 consilio
1223 3016 1603 3101 susceperit,
1666 3016 1941 3105 denique
1995 3016 2279 3080 hmnimffi

221 3111 515 3191 rusticos,
553 3110 666 3176 sed
701 3110 1078 3176 fortissimos
1114 3110 1283 3175 viros
1320 3110 1604 3194 civisque
1640 3111 1936 3195 optimos,
1975 3112 2283 3176 damantis

221 3207 424 3273 fuisse
468 3205 742 3283 iudices,
785 3207 1063 3292 primum
1120 3206 1353 3273 milites
1406 3217 1770 3282 veteranos,
1824 3208 2283 3269 commilitones

219 3313 391 3378 tuos,
428 3299 661 3366 deinde
696 3301 1013 3387 legionem
1048 3299 1376 3376 Martiam,
1412 3297 1728 3384 legionem
1766 3310 2079 3381 quartam,
2119 3320 2283 3380 quas

221 3418 416 3460 suum
469 3395 796 3460 consulem
848 3394 1097 3460 hostem
1147 3393 1593 3459 iudicaverunt
1637 3413 1834 3476 seque
1877 3392 1960 3456 ad
2015 3396 2279 3456 salutem

218 3489 314 3554 rei
352 3489 652 3576 publicae
686 3487 1154 3554 defendendam
1190 3488 1613 3553 contulerunt.
1696 3487 1987 3552 voluntas
2027 3503 2283 3552 senatus

222 3605 343 3670 pro
397 3584 774 3650 auctoritate
828 3584 1049 3649 haberi
1096 3583 1314 3661 debet,
1369 3605 1514 3648 cum
1571 3583 1912 3648 auctoritas
1962 3584 2283 3668 inpeditur

221 3691 423 3744 metu.
510 3689 835 3764 postremo
871 3689 1168 3764 suscepta
1210 3677 1328 3742 tibi
1363 3697 1558 3742 causa
1589 3676 1716 3742 iam
1747 3672 1853 3742 'bis
1889 3692 2011 3752 est,
2051 3700 2115 3736 m
2159 3696 2283 3739 nun

225 3773 308 3837 sit
359 3775 712 3861 integrum:
758 3773 1037 3859 primum
1080 3773 1303 3838 Idibus
1350 3772 1639 3850 Martiis,
1694 3772 1924 3839 deinde
1975 3776 2279 3856 proxime,

227 3869 513 3937 exercitu
564 3889 735 3932 novo
783 3879 847 3932 et
880 3867 1101 3954 'copiis
1154 3867 1561 3953 comparatis.
1651 3889 1846 3951 quam
1891 3867 1975 3932 ob
2019 3888 2151 3928 mm
2207 3868 2283 3928 ml

227 3963 443 4028 omnia
475 3963 568 4028 ita
598 3973 889 4047 paratus,
936 3962 1026 4028 ita
1060 3963 1378 4028 animatus
1416 3960 1610 4029 debes
1649 3985 1818 4041 esse,
1855 3985 1983 4028 non
2023 3976 2087 4024 ut
2127 3964 2279 4024 nihil
