2675 4559
473 243 517 303 4
1087 247 1165 301 M.
1202 243 1478 303 TULLII
1512 240 1918 298 CICERONIS

477 387 730 439 senatus
775 372 1118 439 auctoritas
1162 368 1545 456 gravissima
1586 350 1972 441 intercessit3
2019 364 2125 429 cui
2169 385 2317 428 cum
2366 360 2534 429 Cato

477 487 533 535 et
569 467 878 535 Caninius
912 464 1433 539 intercessissent,
1470 472 1685 525 tamen
1720 469 1817 524 est
1851 457 2230 543 perscripta:
2265 481 2414 524 eam
2448 459 2535 524 ad

477 587 533 627 te
573 565 831 627 missam
863 582 1006 626 esse
1042 558 1333 625 arbitror.
1421 556 1505 622 de
1540 554 1764 620 ceteris
1799 554 2022 630 rebus,
2070 554 2380 638 quicquid
2415 556 2536 620 erit

477 671 685 719 artum
701 703 717 731 ,
766 654 1046 721 scribam
1097 652 1181 717 ad
1231 663 1295 717 te
1348 660 1439 727 et,
1501 658 1576 713 ut
1625 670 1822 732 quam
1881 646 2234 713 rectissime
2283 659 2539 734 agatur,

477 751 645 811 *camni
685 770 826 814 mea
858 770 1034 825 cura,
1071 767 1286 832 opera,
1321 742 1672 829 diligentia,
1709 742 1917 826 gratia
1950 741 2325 826 providebo.

1449 978 1554 1033 III.

904 1083 1021 1139 Ser.
1042 1083 1256 1137 Romae
1276 1098 1466 1136 mense
1484 1080 1746 1135 Ianuario
1767 1097 1817 1133 a.
1839 1097 1892 1135 u.
1916 1097 1963 1133 c.
1984 1080 2101 1134 698.

781 1190 862 1244 M.
903 1186 1174 1244 CICERO
1207 1187 1266 1239 S.
1303 1186 1378 1239 D.
1415 1186 1478 1239 P.
1515 1182 1881 1237 LENTULO
1915 1183 2220 1237 PROCOS.

419 1339 437 1371 ι
609 1315 693 1375 Α.
729 1308 1081 1383 Ττοδοιιὶο,
1126 1306 1238 1390 qui
1279 1306 1350 1369 in
1382 1316 1497 1369 tua
1539 1304 1869 1390 provincia
1901 1325 2139 1389 magna
2171 1304 2442 1390 negotia
2477 1319 2538 1371 et

479 1403 689 1487 ampla
726 1412 790 1466 et
821 1399 1120 1487 expedita
1151 1400 1377 1476 habet,
1421 1398 1655 1463 multos
1701 1418 1904 1462 annos
1938 1409 2083 1461 utor
2117 1398 2304 1462 valde
2348 1398 2541 1463 fami·
2660 1400 2663 1409 ⁴

477 1499 730 1560 liariter.
810 1496 867 1560 is
901 1517 1048 1561 cum
1085 1504 1273 1559 antea
1307 1515 1558 1580 semper
1592 1502 1657 1558 et
1692 1513 1806 1557 suo
1842 1492 2180 1577 splendore
2218 1502 2284 1557 et
2317 1507 2545 1559 nostra
2660 1498 2663 1570 ζ

477 1607 613 1655 cete
621 1610 960 1673 rerumque
1022 1588 1375 1653 amicorum
1427 1585 1973 1652 commendatione
2037 1586 2542 1671 gratiosissimus
2660 1583 2663 1664 Ῐ

477 1687 541 1747 in
578 1684 904 1767 provincia
947 1683 1100 1761 fuit,
1154 1693 1292 1747 tum
1325 1682 1451 1747 hoc
1493 1692 1778 1766 tempore
1812 1689 2073 1766 propter
2106 1691 2292 1744 tuum
2326 1680 2396 1744 in
2437 1701 2541 1746 me
2660 1689 2662 1763 ]

477 1803 621 1843 eme]
629 1802 759 1843 rem
805 1789 1214 1861 nostramque
1257 1774 1793 1841 necessitudinem
1828 1773 2235 1839 vehementer
2271 1769 2539 1840 confidit

418 1904 437 1939 μ·
477 1875 573 1935 1115*-
613 1874 770 1939 meis
803 1873 1027 1937 litteris
1063 1894 1132 1937 se
1168 1872 1343 1957 apud
1376 1881 1440 1935 te
1472 1870 1828 1955 gratiosum
1860 1867 2026 1933 fore:
2065 1890 2232 1952 quae
2266 1891 2350 1934 ne
2388 1892 2542 1956 spes

481 1995 625 2035 eum
669 1967 878 2043 fallat,
930 1966 1340 2031 vehementer
1380 1984 1539 2050 rogo
1583 1974 1646 2027 te
1683 1962 2187 2047 commendoque
2231 1963 2350 2027 tibi
2399 1966 2542 2030 eius

478 2063 693 2127 omnia
721 2061 998 2145 negotia,
1023 2060 1304 2136 libertos,
1338 2068 1803 2144 procuratores,
1829 2056 2158 2135 familiam,
2184 2056 2253 2121 in
2280 2058 2543 2142 primis-
2660 2070 2663 2142 j

477 2179 601 2235 que
641 2167 730 2231 ut,
767 2174 932 2237 quae
967 2154 1046 2218 Τ.
1083 2153 1361 2238 Ampius
1397 2152 1479 2218 de
1524 2152 1661 2216 eius
1695 2174 1767 2216 re
1802 2150 2118 2227 decrevit,
2157 2173 2233 2217 ea
2268 2172 2544 2238 conpro-
2649 2163 2663 2239 J

481 2251 589 2311 bes.
617 2248 1038 2330 omnibusque
1073 2247 1263 2313 rebus
1292 2269 1442 2311 eum
1466 2246 1558 2310 ita
1581 2255 1834 2323 tractes,
1869 2257 1943 2309 ut
1967 2244 2297 2331 intellegat
2323 2268 2540 2311 meam

481 2341 1096 2419 commendationem
1130 2363 1261 2405 non
1296 2342 1624 2427 volgarem
1660 2339 1879 2405 fuisse.

1454 2576 1556 2631 IV.

908 2678 1024 2735 Ser.
1043 2678 1258 2742 Romae
1276 2696 1467 2734 mense
1483 2677 1748 2732 Ianuario
1769 2694 1820 2731 a.
1840 2695 1895 2733 u.
1917 2694 1963 2731 c.
1984 2676 2103 2731 698.

783 2785 863 2839 M.
905 2783 1177 2837 CICERO
1210 2785 1269 2837 S.
1304 2784 1379 2837 D.
1414 2784 1479 2836 P.
1516 2780 1881 2835 LENTULO
1915 2780 2221 2835 PROCOS.

422 2931 437 2967 1
609 2907 689 2967 A.
737 2903 800 2967 d.
843 2901 1038 2970 XVI.
1084 2903 1237 2968 Kal.
1283 2903 1477 2967 Febr.
1524 2923 1672 2966 cum
1715 2902 1783 2966 in
1829 2912 2055 2967 senatu
2106 2900 2544 2988 pulcherrime

481 3011 816 3073 staremus,
871 2997 1047 3080 quod
1096 2998 1225 3061 iam
1276 2996 1454 3061 illam
1498 2996 1877 3062 sententiam
1920 2996 2141 3061 Bibuli
2194 2997 2276 3061 de
2328 2998 2541 3063 tribus

477 3091 705 3175 legatis
743 3091 950 3176 pridie
996 3092 1132 3156 eius
1176 3091 1303 3156 diei
1347 3091 1775 3177 fregeramus‚
1830 3112 2160 3174 unumque
2207 3104 2539 3158 certamen

477 3203 641 3251 esset
677 3185 996 3263 relictum,
1043 3185 1355 3251 sententia
1388 3184 1697 3262 Volcatii,
1743 3207 1845 3250 res
1880 3185 1964 3249 ab
2000 3184 2383 3251 adversariis
2420 3208 2542 3250 no·
2660 3190 2662 3209 ¹

477 3281 621 3343 stris
653 3291 933 3347 extracta
962 3292 1058 3345 est
1092 3279 1284 3345 variis
1320 3277 1652 3345 calumniis
1664 3303 1683 3357 3
1720 3301 1981 3344 causam
2009 3278 2179 3344 enim
2212 3278 2541 3363 frequenti

477 3396 701 3439 senatu
752 3397 883 3441 non
934 3396 1172 3462 magna
1224 3375 1531 3440 varietate
1582 3396 1944 3459 magnaque
1994 3372 2236 3438 invidia
2288 3395 2543 3452 eorum,

477 3471 585 3551 qui
633 3495 673 3531 a
721 3480 779 3534 te
824 3492 1085 3535 eausam
1129 3470 1376 3554 regiam
1421 3469 1546 3533 alio
1592 3468 2009 3544 traferebant,
2062 3467 2542 3546 obtinebamus.

477 3583 553 3623 eo
609 3563 709 3623 die
761 3564 1064 3628 acerbum
1126 3564 1468 3627 habuimus
1523 3560 1901 3640 Curionem,
1954 3562 2263 3627 Bibulum
2329 3564 2543 3629 multo

474 3655 826 3732 iustiorem,
861 3678 1066 3742 paene
1103 3656 1290 3724 etiam
1331 3656 1636 3733 amioum3
1684 3654 1995 3721 Caninius
2030 3667 2096 3721 et
2131 3654 2299 3721 Cato
2334 3679 2547 3743 nega-

473 3763 621 3815 runt
657 3775 723 3815 se
768 3751 979 3836 legem
1014 3750 1212 3815 ullam
1248 3761 1396 3816 ante
1432 3751 1701 3822 ,comitia
1734 3773 1876 3817 esse
1917 3751 2180 3815 laturos.
2270 3762 2546 3816 senatus

473 3843 693 3907 hahet-i
737 3855 884 3913 ante
917 3844 1254 3910 Kalendas
1288 3844 1677 3909 Februarias
1711 3866 1829 3929 per
1859 3846 2072 3930 legem
2105 3843 2418 3928 Pupiam,
2470 3845 2544 3908 id

473 3939 645 4015 qued
693 3937 840 4014 scis,
885 3960 1017 4003 non
1057 3948 1298 4023 potest,
1340 3959 1551 4020 neque
1584 3960 1803 4003 mense
1839 3936 2191 4003 Februario
2237 3947 2375 4001 toto
2407 3937 2543 4002 nisi

417 4047 437 4083 ε
477 4029 769 4111 persentis
805 4045 916 4097 aut
950 4031 1201 4099 reiectis
1235 4031 1683 4117 legationibus.
1745 4031 1905 4099 haec
1939 4043 2154 4098 tamen
2188 4030 2404 4117 opinio
2435 4041 2540 4097 est
