2675 4559
495 189 625 257 350
1107 202 1184 256 M.
1223 199 1498 258 TULLII
1532 196 1932 256 CICERONIS

1416 369 1632 426 LXIII.

852 474 972 533 Ser.
988 475 1311 530 Laodiceae
1329 490 1522 529 mense
1539 472 1852 528 Februario
1872 489 1922 526 a.
1940 489 2000 526 ιι.
2021 472 2212 527 0:104.

891 578 969 633 Μ.
1007 576 1282 634 CICERO
1320 576 1379 633 S.
1414 575 1488 631 D.
1524 575 1592 630 P.
1632 572 1836 630 SILIO
1872 572 2153 631 PROPR.

430 725 454 764 1
618 701 685 766 N
685 723 770 767 on
803 701 1028 787 putavi
1071 699 1211 767 fieri
1252 721 1472 786 posse,
1525 709 1601 764 ut
1633 696 1792 763 mihi
1825 697 2030 765 verba
2066 696 2382 773 deessent,
2429 695 2516 761 sed

488 808 704 864 tamen
736 796 806 861 in
839 795 939 862 M.
975 793 1226 861 Laenio
1262 792 1770 861 commendando
1806 792 2116 869 deerunt3
2160 792 2372 877 itaque
2410 813 2516 856 rem
2606 817 2607 820 ¹

488 889 606 956 tibi
641 911 960 977 exponam
996 889 1221 976 paucis
1257 889 1502 966 verbis,
1539 887 1655 954 sed
1689 876 1935 962 tamen,
1971 898 2051 952 ut
2087 887 2281 973 plane
2313 884 2517 972 perspi-

491 1006 635 1051 cere
687 983 893 1072 possis
945 983 1340 1050 voluntatem
1391 1003 1622 1048 meam.
1708 980 2093 1047 incredibile
2149 993 2277 1058 est,
2336 979 2518 1064 quanti

490 1078 803 1145 faciamus
837 1087 903 1143 et
936 1098 1059 1164 ego
1094 1088 1158 1144 et
1192 1077 1394 1144 frater
1423 1099 1637 1153 meus,
1683 1075 1794 1160 qui
1829 1074 1987 1139 mihi
2025 1074 2390 1141 carissimus
2428 1084 2516 1149 est,

489 1174 589 1239 M.
608 1172 957 1239 Laenium:
993 1172 1061 1237 id
1089 1172 1164 1237 fit
1188 1193 1339 1239 eum
1367 1171 1658 1260 plurimis
1687 1170 1823 1238 eius
1851 1169 2110 1248 officiis,
2147 1181 2286 1236 tum
2311 1191 2518 1234 summa

489 1267 805 1355 probitate
840 1276 905 1332 et
938 1265 1247 1354 singulari
1288 1265 1622 1332 modestia.
1694 1288 1843 1333 eum
1878 1286 2006 1352 ego
2044 1288 2087 1330 a
2121 1287 2230 1330 me
2261 1261 2517 1329 invitissi-

488 1383 633 1426 mus
667 1359 910 1439 dimisi,
951 1382 1099 1427 cum
1142 1371 1406 1448 propter
1441 1359 1938 1426 familiaritatem
1972 1370 2046 1426 et
2082 1356 2514 1426 consuetudinis

490 1453 901 1534 suavitatem,
936 1465 1075 1520 tum
1110 1456 1287 1540 quod
1320 1454 1586 1522 consilio
1622 1454 1760 1521 eius
1795 1452 1971 1520 fideli
2007 1477 2092 1520 ac
2127 1453 2298 1518 bono
2329 1451 2515 1520 luben-

427 1572 455 1616 s
488 1559 585 1615 ter
618 1548 867 1616 utebar.
935 1550 1052 1617 sed
1095 1571 1321 1617 vereor
1354 1573 1438 1618 ne
1472 1550 1602 1615 iam
1637 1571 1972 1636 superesse
2009 1548 2176 1614 mihi
2210 1546 2397 1614 verba
2424 1567 2512 1630 pu-

488 1656 616 1720 tes,
669 1664 837 1728 quae
890 1642 1179 1710 dixeram
1230 1643 1560 1711 destituta:
1624 1643 2004 1709 commendo
2063 1643 2186 1708 tibi
2236 1639 2514 1708 hominem
2547 1696 2551 1700 ,

489 1737 603 1814 sic,
637 1748 714 1804 ut
744 1736 1063 1826 intellegis
1097 1760 1233 1816 me,
1270 1742 1344 1804 de
1379 1759 1509 1823 quo
1543 1760 1621 1804 ea
1655 1759 1854 1824 supra
1887 1736 2288 1824 scripserim,
2320 1732 2511 1800 debere

490 1831 957 1908 commendare,
993 1856 1034 1898 a
1058 1843 1250 1918 teque
1278 1831 1689 1900 vehementer
1714 1831 1909 1898 etiam
1936 1842 2142 1916 atque
2171 1829 2356 1896 etiam
2378 1837 2512 1913 peto,

487 1937 590 2004 ut,
634 1926 813 2010 quod
845 1924 1043 1993 habet
1076 1926 1143 1992 in
1177 1937 1292 1992 tua
1324 1926 1658 2038 provincia
1687 1924 1960 2013 negotii,
2006 1923 2341 2012 expedias,
2373 1917 2508 2004 quod

489 2020 606 2086 tihi
624 2020 945 2087 videbitur
966 2031 1213 2088 rectum
1239 2044 1400 2099 esse,
1419 2020 1543 2108 ipsi
1569 2020 1764 2086 dicas.
1827 2018 2161 2087 hominem
2185 2015 2508 2083 facillimum

488 2115 1132 2200 liberalissimumque
1168 2137 1551 2202 cognosces,
1591 2115 1809 2200 itaque
1843 2114 1909 2181 te
1943 2135 2131 2202 rogo,
2166 2124 2238 2178 ιιι
2271 2131 2404 2177 eum
2431 2127 2504 2171 so-

486 2209 723 2284 lutum,
759 2208 1054 2286 liberum,
1088 2209 1399 2275 confectis
1436 2209 1574 2275 eius
1615 2207 1890 2296 negotiis
1924 2231 2044 2296 per
2079 2220 2165 2286 te,
2199 2225 2382 2292 quam
2409 2198 2506 2286 pri·

486 2325 666 2367 mum
702 2301 786 2368 ad
818 2323 924 2369 me
948 2303 1262 2369 remittas.
1299 2303 1369 2367 id
1403 2303 1560 2368 mihi
1596 2302 1907 2388 fratrique
1935 2325 2084 2369 meo
2121 2297 2505 2389 gratissimum

488 2398 735 2464 feceris.

1415 2548 1628 2605 LXIV.

962 2650 1080 2708 Ser.
1097 2650 1157 2705 in
1175 2649 1377 2707 Cilicia
1395 2656 1630 2708 exeunte
1650 2669 1796 2708 anno
1814 2669 1870 2707 ιι.
1887 2669 1938 2707 c.
1957 2652 2077 2706 Ι103.

887 2754 965 2809 Μ.
1003 2752 1280 2812 CICERO
1319 2753 1376 2810 8.
1412 2754 1486 2809 D.
1526 2755 1591 2810 Ρ.
1629 2753 1836 2811 SILIO
1870 2752 2148 2810 PROPR.

428 2892 454 2932 1
614 2869 788 2934 Nero
822 2890 1004 2934 meus
1038 2867 1337 2934 mirificas
1373 2867 1548 2954 apud
1583 2891 1686 2934 me
1722 2868 1841 2935 tibi
1885 2867 2126 2955 gratias
2163 2863 2316 2953 egit,
2356 2877 2500 2946 pror·

488 2986 597 3030 sus
641 2963 1060 3042 incredibilis,
1105 2975 1179 3030 ut
1212 2965 1461 3031 nullum
1507 2964 1812 3033 honorem
1849 2965 1972 3032 sibi
2007 2964 2228 3031 haberi
2260 2956 2497 3048 potuisse

488 3058 757 3136 diceret,
809 3057 939 3169 qui·
957 3081 997 3124 a
1029 3070 1092 3125 te
1126 3059 1612 3145 praetermissus
1648 3071 1834 3127 esset.
1923 3081 2230 3146 magnum
2261 3055 2495 3120 fructum

487 3176 569 3220 ex
611 3152 753 3239 ipso
799 3152 1044 3239 capies3
1098 3152 1258 3218 nihil
1304 3163 1404 3219 est
1448 3153 1619 3219 enim
1662 3153 1773 3219 illo
1817 3154 2222 3220 adulescente
2270 3143 2490 3247 grafiuss·

490 3246 603 3314 ssd
643 3246 1007 3314 mehercule
1061 3245 1220 3311 mihi
1265 3265 1525 3332 quoque
1569 3247 2008 3335 gratissimum
2050 3244 2282 3314 fecisti·
2264 3291 2282 3322 ,
2329 3232 2492 3346 [1111118
2610 3295 2611 3302 1

490 3342 659 3407 enim
702 3364 784 3408 ex
830 3341 1003 3407 omni
1046 3341 1381 3408 nobilitate
1423 3342 1745 3408 neminem
1786 3341 1975 3408 facio.
2076 3343 2310 3424 itaque,
2359 3329 2406 3396 si
2433 3347 2491 3391 ea

490 3435 742 3513 feceris,
796 3456 962 3519 quae
994 3435 1103 3500 ille
1135 3457 1254 3521 per
1285 3458 1392 3502 me
1437 3447 1652 3502 tecum
1687 3436 1796 3523 agi
1830 3436 2060 3514 voluit,
2110 3426 2490 3523 gratissimum

490 3530 644 3595 mihi
676 3528 934 3606 feceris,
987 3530 1267 3616 primum
1309 3530 1392 3596 de
1442 3529 1770 3597 Pausania
1803 3527 2262 3596 Alabandensi‘
2283 3529 2487 3589 susten-

490 3642 586 3690 ιιι.
618 3645 775 3700 rem,
810 3623 967 3689 dum
998 3623 1174 3691 Nero
1212 3625 1430 3691 veniat
1461 3661 1552 3673 -—
1584 3624 1996 3692 vehementer
2029 3625 2164 3692 eius
2197 3637 2372 3688 causa
2399 3629 2487 3675 011·

490 3741 637 3806 pere
674 3742 821 3785 eum
854 3718 1166 3798 intellexi,
1210 3719 1430 3805 itaque
1472 3718 1595 3785 hoc
1629 3719 1819 3786 valde
1860 3731 1924 3786 te
1959 3742 2115 3806 rogo
2147 3753 2254 3792 --‚
2296 3700 2480 3776 demde

490 3814 810 3898 Nysaeos,
846 3834 1010 3899 quos
1043 3813 1221 3880 Nero
1256 3813 1326 3879 in
1360 3813 1582 3901 primis
1618 3812 1814 3880 habet
1845 3814 2228 3881 necessarios
2262 3803 2481 3903 ᾶὶΙίἕο11·

490 3905 857 3990 tissimeque
900 3916 1116 3973 tuetur
1163 3930 1240 3975 ac
1275 3907 1591 3985 defendit,
1628 3906 1868 3974 habeas
1903 3908 2022 3973 tibi
2054 3888 2474 3973 commendfltlfl‘

490 3998 709 4072 simos,
744 4009 819 4063 ut
852 4000 1183 4087 intellegat
1215 4001 1329 4068 illa
1362 4002 1588 4068 civitas
1624 4001 1800 4068 sibi'
1779 4025 1846 4067 ιιι
1881 4001 2155 4069 Neronis
2185 3986 2470 4087 patr0⁰¹ffl⁰
