2675 4559
7 0 435 285 ᾗ

11 2194 13 2219 Λ
7 1178 19 2187 mmffi-—m-—vss—
8 1150 10 1171 —
8 1130 10 1133 ψ
8 1112 10 1117 -
8 1042 10 1049 -

491 272 1044 331 EPISTOLARUM
1077 274 1188 329 AD
1226 274 1292 339 Q.
1330 274 1708 331 FRATREM
1743 276 1848 331 ΙΙΙ.
1888 278 1938 332 1.
2118 266 2249 333 465

175 395 440 475 fecisse,
495 408 568 462 ut
611 396 748 463 sine
791 397 952 463 meis
996 397 1222 463 litteris
1259 398 1343 464 ad
1386 408 1450 464 te
1476 394 2033 485 ‘proficiscereturt
2084 401 2247 466 illud

177 493 411 571 sci-ihc,
447 492 604 577 mihi
638 492 978 558 molestum
1011 492 1241 569 fuisse3
1286 492 1417 558 iam
1452 494 1625 559 enim
1660 494 1773 559 diu
1811 495 2247 581 cogitaveram

178 610 256 653 ex
293 608 392 663 eo,
431 585 606 670 quod
641 595 712 651 tu
747 585 831 651 ad
864 608 968 651 me
1003 586 1380 671 scripseras,
1416 596 1519 663 ut,
1556 587 1611 651 si
1646 587 1804 671 quid
1840 599 2037 665 esset,
2072 588 2248 673 quod

177 680 260 747 ad
300 690 368 747 te
405 678 778 765 diligentius
821 679 1092 765 perferri
1134 679 1397 754 vellem,
1450 679 1543 745 illi
1588 680 1842 759 darem,
1896 683 2069 767 quod
2113 704 2249 748 me-

174 775 440 842 hercule
477 774 652 840 hisce
685 774 938 852 litteris,
987 796 1148 859 quas
1191 774 1386 860 volgo
1422 775 1508 839 ad
1550 785 1614 840 te
1648 776 1863 853 mitte,
1906 777 2065 841 nihil
2112 778 2247 844 fere

177 868 418 946 scribo,
467 868 670 979 quod,
706 869 762 934 si
803 868 872 933 in
907 868 1177 936 alicuius
1215 890 1446 933 manus
1480 868 1803 946 inciderit,
1849 871 2115 957 moleste
2152 871 2249 936 fe-

173 964 450 1031 rendum
497 964 598 1029 sit.
683 961 979 1029 Minucio
1032 986 1137 1031 me
1189 973 1254 1029 et
1305 960 1529 1029 Salvio
1581 975 1647 1029 et
1696 963 1993 1029 Labeoni
2042 986 2248 1029 reser-

175 1060 443 1125 vabam.
491 1057 719 1125 Labeo
765 1068 878 1123 aut
921 1056 1102 1123 tarde
1144 1054 1583 1143 proficiscetur
1626 1069 1739 1124 aut
1787 1058 1896 1123 hic
1941 1057 2244 1139 manebit.

173 1154 636 1241 Hippodamus
669 1174 752 1219 ne
785 1152 1102 1237 numquid
1137 1152 1371 1218 vellem
1408 1152 1669 1236 quidem
1702 1154 1975 1239 rogavit.
2024 1152 2113 1217 T.
2132 1150 2246 1219 Pi·
2273 1174 2325 1215 ιι

173 1248 392 1313 narius
440 1245 742 1313 amabilis
783 1246 866 1311 ad
909 1266 1014 1313 me
1055 1246 1150 1313 de·
1183 1257 1248 1312 tc
1294 1246 1535 1313 litteras
1580 1245 1801 1312 mittit·
1856 1269 1924 1313 se
1967 1246 2248 1312 maxime
2345 1318 2347 1321 y

175 1342 432 1419 litteris,
498 1334 928 1418 sermonibus,
991 1340 1198 1407 cenis
1229 1340 1509 1425 denique
1571 1341 1698 1407 tuis
1763 1340 2123 1409 delectari.
2190 1342 2246 1405 is

174 1436 394 1501 homo
414 1453 674 1526 semper
721 1456 858 1501 me
881 1434 1225 1529 delectavit
1280 1435 1607 1521 fraterque
1662 1436 1799 1502 eius
1852 1458 2106 1502 mecum
2150 1445 2249 1501 est

173 1530 492 1595 multum.
529 1548 660 1612 qua
685 1551 774 1605 re,
802 1522 900 1594 uti
931 1518 1282 1605 instituisti,
1301 1529 1719 1614 conplectere
1744 1530 2272 1595 adulescentem.

301 1622 508 1707 Quod
531 1622 770 1688 multos
799 1622 936 1688 dies
965 1622 1346 1710 epistolam
1323 1646 1393 1688 ιιι
1419 1623 1716 1688 manibus
1752 1623 1951 1692 habui
1986 1615 2313 1709 propter⁷

175 1711 750 1783 commorationem
792 1717 1298 1795 tabellariorum,
1344 1717 1493 1783 ideo
1526 1718 1729 1782 multa
1773 1717 2063 1783 coniecta
2095 1726 2247 1782 sunt

175 1811 350 1877 aliud
386 1812 518 1879 alio
545 1821 851 1897 tempore,
887 1812 1063 1876 velut
1097 1809 1250 1875 hoc·
1285 1810 1367 1875 Τ.
1386 1810 1661 1876 Anicius
1697 1806 1855 1875 mihi
1887 1832 2081 1895 saepe
2115 1810 2247 1875 iam

173 1902 335 1975 dixit
369 1926 518 1973 sese
551 1905 686 1983 tibi,
725 1905 1166 1970 suburbanum
1202 1906 1256 1969 si
1282 1906 1459 1989 quod
1487 1906 1857 1983 invenisset,
1894 1927 2025 1969 non
2058 1903 2247 1971 dubi-

170 1997 464 2065 taturum
517 2020 658 2065 esse
711 2020 942 2065 emere.
1045 1999 1115 2063 in
1169 1998 1305 2063 eius
1373 2022 1666 2065 sermone
1717 2022 1840 2086 ego
1900 2008 2246 2083 utrumque

177 2094 352 2161 soleo
404 2093 744 2169 admirari,
804 2105 869 2158 et
921 2103 986 2159 te
1039 2091 1121 2159 de
1173 2093 1543 2179 suburbano
1597 2093 1896 2171 emendo,
1960 2114 2109 2158 cum
2162 2092 2247 2157 ad

175 2188 357 2253 illum
393 2187 669 2265 scribas,
713 2208 844 2251 non
887 2187 1078 2251 modo
1115 2186 1200 2252 ad
1235 2209 1339 2253 me
1373 2208 1505 2253 non
1540 2187 1844 2264 scribere,
1892 2187 2006 2253 sed
2050 2187 2245 2253 etiam

179 2280 370 2347 aliam
403 2282 477 2346 in
511 2280 910 2347 sententiam,
925 2276 1232 2358 scribere,
1288 2291 1381 2359 et,
1434 2304 1584 2347 cum
1628 2282 1712 2348 ad
1753 2282 1937 2347 illum
1982 2282 2255 2369 scribas,

178 2370 335 2441 nihil
369 2386 438 2441 te
471 2375 792 2444 recordari
815 2373 924 2463 [de
951 2372 1074 2463 se,]
1095 2374 1176 2442 de
1209 2374 1494 2467 epistolis
1529 2375 1675 2455 illis,
1712 2397 1872 2461 quas
1906 2377 1977 2441 in
1992 2376 2245 2442 Tuscu-

178 2468 324 2535 lano
381 2469 522 2536 eius
573 2481 646 2535 tu
697 2470 859 2537 mihi
910 2470 1273 2546 ostendisti,
1326 2470 1487 2535 nihil
1539 2469 1619 2537 de
1656 2472 2032 2557 ‘praeceptis
2085 2470 2246 2557 Epi-

176 2563 455 2639 charmi,
491 2568 734 2646 γνῶθι,
773 2570 924 2641 πῶς
961 2562 1138 2651 ἄλλῳ
1174 2568 1505 2650 κέχρηται,
1552 2575 1759 2629 totum
1794 2565 2073 2647 denique
2108 2564 2246 2627 vol-

180 2656 338 2735 tum,
377 2672 757 2733 sermonem,
793 2656 1077 2724 animum
1113 2658 1280 2722 eius:
1326 2679 1521 2741 quem
1557 2657 1640 2722 ad
1675 2657 1941 2721 modum
1977 2654 2243 2733 conicio,

181 2751 368 2835 quasi
403 2784 512 2813 —-.
599 2749 722 2819 sed
762 2748 926 2815 haec
973 2761 1046 2814 tu
1087 2750 1343 2815 videris.
1433 2749 1515 2815 de
1559 2750 1929 2815 suburbano
1974 2770 2129 2814 cura
2174 2759 2245 2813 ut
2269 2770 2322 2811 24

183 2844 384 2909 sciam
420 2841 577 2927 quid
612 2843 794 2921 velis,
829 2852 895 2908 et
929 2843 1120 2907 simul
1155 2865 1238 2909 ne
1273 2842 1433 2928 quid
1465 2843 1573 2910 ille
1606 2843 1822 2909 turbet
1855 2843 2024 2908 vide.
2087 2842 2245 2928 quid

183 2936 553 3022 praeterea?
587 2936 782 3021 quid?
816 2936 1028 3002 etiam.
1083 2934 1405 3003 Gabinius
1441 2960 1498 3002 a.
1536 2937 1599 3001 d.
1632 2957 1746 3003 1111.
1781 2937 1935 3003 Kal.
1975 2934 2243 3003 Octobr.

183 3042 382 3097 noctu
411 3032 483 3095 -in
510 3030 738 3098 urbem
771 3030 1120 3107 introierat,
1157 3041 1222 3096 et
1254 3030 1447 3097 hodie
1480 3030 1639 3096 hora
1662 3054 1816 3107 vm„
1853 3054 2004 3097 cum
2038 3032 2245 3097 edicto

187 3120 266 3189 O.
312 3126 474 3191 Alfii
505 3126 610 3191 ‘de
660 3126 993 3191 maiestate
1045 3144 1194 3191 eum
1249 3118 1475 3191 adesse
1526 3134 1879 3211 oporteret,
1932 3146 2247 3190 concursu

185 3240 424 3305 magno
459 3230 526 3285 et
559 3219 706 3285 odio
741 3218 1020 3285 universi
1053 3219 1279 3305 populi
1313 3239 1519 3305 paene
1552 3219 1847 3285 adflictus
1886 3231 2002 3285 est.
2088 3217 2247 3283 nihil

184 3310 296 3377 illo
330 3313 600 3399 turpius.
687 3314 1018 3400 proximus
1054 3323 1268 3379 tamen
1303 3322 1401 3405 est
1434 3312 1619 3377 Piso:
1655 3314 1874 3397 itaque
1906 3312 2248 3377 mirificum

189 3406 538 3473 embolium
579 3410 792 3495 cogito
835 3404 904 3475 in
945 3405 1301 3475 secundum
1347 3400 1639 3473 meorum
1690 3408 2000 3473 librorum
2042 3406 2247 3471 inclu-

191 3499 339 3567 dere
350 3547 369 3578 ,
404 3502 722 3569 dicentem
757 3501 1181 3594 Apollinem
1161 3524 1230 3567 ιιι
1266 3500 1535 3567 concilio
1570 3500 1865 3579 deorum,
1902 3499 2109 3583 qualis
2146 3521 2249 3564 re-

189 3591 361 3659 ditus
404 3594 678 3661 duorum
719 3596 1178 3683 imperatorum
1221 3594 1479 3661 futurus
1524 3606 1720 3673 esset,
1768 3616 2043 3679 quorum
2087 3593 2248 3658 alter

192 3688 540 3755 exercitum
591 3691 1002 3776 perdidisset,
1053 3690 1218 3758 alter
1267 3688 1679 3755 vendidisset.
1777 3709 1859 3753 ex
1910 3686 2247 3753 Britannia
2272 3706 2324 3747 85

195 3777 437 3849 Caesar
478 3783 565 3850 ad
605 3800 711 3853 me·
751 3784 906 3850 Kal.
953 3782 1316 3870 Septembr.
1363 3782 1549 3849 dedit·
1588 3783 1863 3862 litteras,
1916 3801 2079 3867 quas
2124 3802 2245 3869 ego

193 3876 412 3963 accepi
444 3900 502 3943 a.
539 3876 602 3942 d.
630 3900 742 3944 1111.
769 3878 924 3944 Kal.
953 3872 1243 3957 Octobr„
1278 3877 1435 3957 satis
1471 3872 1839 3943 commodas
1874 3875 1957 3942 de
1988 3874 2249 3941 Britan-

193 3967 354 4035 nicis
383 3971 608 4049 rebus,
661 3973 923 4059 quibus,
970 3994 1053 4039 ne
1089 3972 1393 4051 admirer,
1438 3969 1614 4057 quod
1646 3994 1689 4035 a
1722 3981 1789 4037 te
1820 3969 2030 4036 nullas
2067 3990 2249 4035 acce-

195 4062 423 4145 perim,
467 4066 688 4133 scribit
731 4068 806 4134 se'
837 4068 972 4134 sine
1006 4078 1070 4133 te
1103 4067 1332 4147 fuisse,
1381 4086 1529 4135 cum
1564 4065 1648 4133 ad
1682 4088 1861 4131 mare
1894 4064 2248 4133 accesserit.
2276 4143 2280 4147 ¹

299 4162 513 4213 amonis
533 4169 612 4212 vot.
631 4168 700 4214 IX.
1824 4166 1895 4222 30

2270 1686 2323 1727 23
