2675 4559
1378 175 1385 197 ι

295 236 352 283 X
1083 230 1420 273 ADNOTATIO
1460 228 1705 269 omneis.

289 379 360 390 --
384 348 434 401 si
452 348 529 401 his
553 360 691 399 corr..
718 342 777 397 in
804 344 853 395 si
871 344 926 395 hi
945 340 1022 397 Μ.
1049 372 1119 381 -
1133 358 1381 410 puqnare
1412 340 1638 392 rioribus
1662 338 1771 393 del.
1800 336 1980 393 Cobet
2009 336 2299 408 (Mnemon.
2326 338 2490 395 VIII.

292 425 518 478 licuisset
540 420 848 477 Victorius:
863 417 1066 487 'puyna
1087 418 1377 487 reliquisset
1410 433 1467 485 p.
1502 416 1672 487 455.):
1713 430 1888 469 uncos
1931 430 2037 468 om.
2081 414 2137 467 k.
2176 441 2247 455 --
2286 417 2493 471 hodium

291 499 394 569 Ml,
413 516 598 569 pugna
614 494 1047 567 reliquissentM2.
1077 497 1096 562 ΙΙ
1126 501 1206 547 14.
1217 510 1377 563 quam
1412 492 1599 563 (litun
1622 492 1806 563 erasa)
1824 491 1901 545 M.
1920 493 2061 545 —in
2092 492 2102 561 Ι
2130 494 2199 545 In
2219 510 2302 545 >me
2324 492 2401 546 M.
2420 522 2497 533 -—-

291 575 404 629 M2:
439 593 555 629 cum
584 573 784 627 M1.·—
816 574 872 625 in
909 566 1174 626 retinendo
1197 570 1375 624 Erne—
1410 587 1493 623 me
1513 568 1729 639 fuqisset
1752 568 1829 623 M.
1857 598 1927 609 —-—
1950 570 2108 623 eidem
2132 568 2220 621 M:
2255 570 2407 621 iidem
2430 568 2491 621 k.

293 652 446 705 stine.
471 682 538 692 -
571 652 797 704 recreati
826 651 958 703 enim
995 650 1117 701 boni
1145 649 1254 701 uiri
1272 646 1375 699 Ml.
1410 676 1479 687 --
1504 662 1757 717 quosaepe
1780 644 1880 697 Ml.
1906 676 1977 686 —-
2000 655 2129 699 nutu
2152 645 2490 716 siqnificatio-

291 760 362 770 -
387 731 657 782 consolatu
689 726 764 779 M.
789 757 860 766 —
883 726 1152 795 exercitati
1179 723 1279 777 Ml.
1305 754 1377 763 —
1409 740 1573 793 neque
1589 721 1701 775 M2:
1718 723 2195 795 significationeque
2212 720 2313 787 Ml,
2332 720 2494 789 siqni-

295 806 554 859 adiunctio
588 802 718 873 (litt.
750 804 772 857 i
801 801 986 873 erasa)
1027 800 1102 854 Μ.
1140 803 1158 869 ΙΙ
1195 802 1382 853 15.·sit
1406 801 1651 871 ficatione
1670 814 1795 852 cum
1814 796 2025 853 Orellio
2041 799 2099 852 k.
2148 796 2234 853 Cf.
2252 797 2494 853 Wesen-

293 882 371 935 M.
395 912 462 922 —
495 880 641 948 furia
671 872 980 935 Victorius:
1015 878 1164 945 furta
1195 875 1272 929 M.
1307 906 1378 916 -
1410 876 1551 948 berg
1580 893 1635 946 p.
1666 882 1728 929 12
1752 892 1835 946 sq.
1860 906 1931 916 —-
1958 876 2137 929 eadem
2169 891 2388 929 causam
2410 872 2491 925 Μ.

271 954 580 1013 -deeam·M.
613 986 684 997 -
722 957 1077 1025 impunitatem
1117 955 1376 1007 stillorum
1413 984 1476 993 -
1490 952 1825 1023 perferentur
1848 950 2311 1006 nik—molestiae
2332 968 2396 1003 ex
2412 949 2495 1003 M.

295 1035 352 1106 (i.
389 1052 438 1089 e.
471 1036 870 1103 impunitatemst
911 1031 1148 1101 illorum)
1187 1029 1264 1082 M.
1307 1060 1367 1071 —
1410 1060 1480 1071 —-
1513 1040 1799 1099 temporum
1832 1027 1955 1100 (sed
1996 1046 2084 1081 um
2116 1044 2183 1083 ex
2214 1027 2379 1097 cort.)
2412 1025 2495 1079 M.

295 1113 532 1165 tribunus
549 1112 656 1179 pL]
683 1110 926 1163 tirannus
942 1108 1124 1178 publio
1151 1109 1377 1161 lentulus
1411 1138 1479 1147 -
1503 1124 1538 1160 a
1569 1107 1713 1161 micis
1746 1104 1823 1159 M.
1856 1136 1926 1147 -
1957 1122 2039 1158 me
2070 1120 2175 1158 om.
2211 1102 2313 1156 Ml.
2348 1102 2367 1173 ΙΙ
2406 1109 2496 1157 21.

295 1188 370 1241 M.
390 1218 459 1227 --
478 1188 746 1241 seditiones
768 1184 869 1238 Ml.
887 1216 959 1225 —-
979 1186 1272 1239 incohatam
1296 1182 1374 1252 M,
1410 1201 1505 1237 nec
1528 1199 1635 1237 om.
1662 1181 1763 1235 M1.
1788 1212 1858 1223 -·
1882 1180 2271 1235 conuersirebus
2295 1179 2397 1233 Ml..
2422 1210 2497 1222 —-

296 1264 396 1319 sed
427 1264 650 1317 litterae
683 1278 744 1315 co
781 1265 912 1314 eunt
942 1260 1004 1313 in
1033 1276 1232 1317 rasura
1257 1265 1314 1315 et
1348 1260 1379 1312 lt
1410 1260 1760 1314 uoluntatibus
1782 1274 1923 1313 corr.
1952 1274 2021 1312 ex
2040 1258 2391 1326 uoluptatibus
2414 1256 2495 1310 M.

297 1342 370 1394 ab
413 1340 529 1395 alia
567 1354 739 1393 manu
781 1336 994 1393 addita.
1025 1367 1096 1377 —
1127 1338 1378 1391 relicuum
1412 1338 1631 1389 —enim
1654 1338 1709 1387 in
1726 1335 2115 1405 praestantibus
2136 1332 2499 1405 Wesenberg

295 1416 374 1469 M.
401 1419 420 1486 ΙΙ
447 1422 528 1469 16.
555 1413 867 1487 maqltudine
889 1413 1154 1484 M.—que
1176 1416 1379 1467 metello
1412 1412 1491 1483 (p.
1528 1412 1661 1483 22.):
1696 1414 1833 1467 enim
1857 1410 2245 1481 praestantibus
2276 1408 2397 1463 Mk.
2423 1442 2497 1451 —

229 1539 232 1541 ,
295 1496 330 1547 l.
355 1492 397 1559 f.
423 1492 484 1545 M
519 1492 606 1561 (Q.
633 1492 846 1545 Metello
880 1492 945 1545 L.
983 1493 1096 1563 filio
1137 1490 1375 1561 margo).
1413 1504 1560 1559 quem
1584 1491 1813 1558 coeperis
1836 1488 1911 1541 M.
1934 1489 2181 1541 -sicum
2198 1485 2299 1539 Ml.
2318 1516 2385 1528 --
2410 1489 2497 1553 id]

295 1579 458 1625 —est
479 1586 600 1622 vero
625 1568 951 1637 probandum
977 1568 1088 1622 del.
1109 1564 1377 1621 Orellius:
1412 1567 1451 1619 it
1474 1564 1575 1618 Ml.
1609 1596 1678 1607 -
1710 1583 1827 1619 cum
1866 1566 2011 1632 mihi,
2052 1566 2185 1631 tum]
2230 1580 2347 1616 cum
2385 1580 2500 1617 mm

221 1654 224 1657 ’
294 1662 470 1701 uncos
503 1661 610 1701 om.
647 1646 704 1697 k.
739 1674 810 1683 --
845 1654 1054 1698 curaret
1089 1643 1162 1697 M.
1189 1674 1260 1683 -
1290 1641 1376 1710 fa·
1414 1652 1520 1696 tum
1544 1642 1646 1711 Ml,
1672 1658 1789 1697 cum
1812 1642 1935 1695 mita·
1952 1643 2171 1695 multum
2194 1640 2305 1709 ΜΞ,
2334 1658 2493 1709 quum

297 1734 434 1777 ctum
456 1722 620 1789 fuisse
645 1718 721 1773 M.
743 1750 814 1761 -—
839 1722 988 1775 daret
1012 1739 1162 1791 quem
1195 1719 1326 1790 (litt.
1353 1736 1381 1771 e
1410 1720 1535 1773 meis
1569 1729 1675 1773 tum
1706 1718 1764 1771 k.
1806 1748 1864 1760 -·-
1904 1728 1951 1771 et
1986 1734 2083 1789 que
2114 1716 2283 1784 frater
2316 1716 2393 1769 M.
2420 1748 2495 1757 —-

297 1816 364 1853 ex
381 1795 750 1867 correctione)
773 1798 1012 1851 declares
1025 1808 1076 1851 et
1091 1807 1174 1851 set
1189 1797 1376 1869 (voca—
1412 1797 1671 1849 deuintum
1694 1794 1797 1848 Ml.
1820 1825 1891 1835 —
1920 1794 2011 1861 iis]
2044 1796 2123 1848 his
2146 1792 2223 1847 M.
2253 1794 2273 1864 ΙΙ
2306 1799 2387 1847 22.
2414 1812 2495 1847 es-

293 1876 428 1929 bulo
447 1885 494 1929 et
522 1874 825 1945 expuncto)
838 1873 1001 1927 M.--
1020 1884 1134 1927 octo
1159 1874 1379 1925 tribunis
1412 1872 1599 1944 seimus
1630 1888 1721 1924 sus
1753 1872 1969 1924 ehisdem
1991 1870 2068 1923 M.
2094 1902 2164 1913 —
2191 1880 2316 1924 tunc
2340 1873 2499 1925 etiam

301 1948 532 2007 Schiitz:
561 1950 796 2003 omnibus
819 1949 896 2017 M,
923 1960 1036 2005 octo
1061 1950 1280 2002 tribunis
1295 1950 1376 2016 pl.
1413 1948 1486 2001 M.
1517 1948 1538 2017 ΙΙ
1562 1953 1643 2001 23.
1664 1948 1961 2002 Menecrati
1974 1946 2355 2001 Manutiu3.-
2366 1965 2495 2017 per-

293 2028 350 2084 k.
371 2056 441 2067 —-
477 2026 798 2080 centuriatiis
831 2024 907 2078 M.
942 2056 1013 2065 --
1044 2026 1377 2077 incumbenti·
1414 2026 1657 2077 timascas
1698 2024 1774 2076 M.
1818 2054 1889 2065 -—
1928 2025 2122 2093 scripsi
2162 2026 2341 2091 etiam]
2384 2024 2497 2077 His

298 2106 400 2157 bus-
421 2103 680 2169 omnibus,
716 2103 948 2155 omnibus
980 2100 1219 2171 Kayser.
1245 2101 1264 2170 Η
1296 2106 1377 2155 17.
1412 2099 1595 2154 verbis
1642 2099 2080 2171 superscriptum
2113 2104 2209 2156 eet
2256 2100 2329 2155 ab
2378 2100 2498 2157 alia

296 2182 563 2235 adsumme
587 2177 664 2231 M.
687 2206 758 2217 —
789 2178 966 2231 sentiis
989 2176 1088 2232 Ml.
1113 2208 1184 2217 --
1217 2179 1377 2231 desci—
1412 2194 1604 2231 manu:
1633 2179 1885 2248 quaedam
1910 2179 2163 2231 carmina.
2182 2208 2253 2217 —
2268 2194 2391 2231 nam
2413 2196 2497 2232 me

295 2274 440 2309 scere
469 2272 550 2309 me
585 2251 816 2309 Schiitz:
853 2256 1184 2309 desciscerent
1207 2253 1282 2307 M.
1307 2284 1379 2294 —-
1411 2256 1518 2307 iam
1549 2284 1571 2295 -
1592 2284 1614 2293 -
1648 2254 1857 2323 diiungo
1896 2253 2013 2320 fere
2054 2251 2322 2309 Orellius:
2366 2271 2495 2309 nam

296 2352 331 2386 a
364 2348 470 2386 om.
505 2330 582 2383 M.
610 2362 677 2370 —
701 2329 930 2399 offendes
962 2330 1074 2382 Ml:
1111 2328 1378 2399 offendens
1412 2332 1565 2384 etiam
1590 2360 1612 2371 -
1632 2360 1654 2371 -
1678 2332 1885 2399 diiunqo
1908 2330 2021 2398 fere
2042 2331 2154 2401 Ml,
2186 2349 2313 2386 nam
2336 2335 2497 2385 etiam

295 2409 396 2461 ΜΒ.
409 2438 477 2448 —
493 2423 882 2477 nonnumquam
891 2406 1201 2463 Victorius:
1227 2425 1378 2459 num·
1412 2438 1433 2447 -
1454 2438 1477 2447 -
1502 2408 1709 2477 diiunyo
1742 2424 1823 2459 me
1854 2406 1969 2475 fere
2000 2407 2101 2461 M2.
2127 2438 2196 2449 -—
2227 2410 2283 2461 in
2316 2410 2492 2477 dispu-

297 2502 454 2555 quam
477 2483 553 2537 M.
579 2515 649 2525 -
675 2486 740 2537 ab
771 2486 849 2536 his
881 2483 958 2537 M.
983 2514 1028 2523 —
1085 2485 1383 2539 declaranti
1412 2484 1604 2538 tatione
1623 2500 1693 2537 ac
1726 2484 1933 2553 dialoqo
1969 2484 2078 2539 del.
2104 2484 2493 2555 Martyni—La-

207 2622 216 2628 ·
294 2560 370 2613 Μ.
397 2591 467 2601 --
490 2563 540 2614 ei
559 2561 668 2615 Ml:
693 2562 747 2613 lu·
765 2559 865 2614 ΜΞ.
890 2590 961 2600 -
984 2562 1234 2614 sententia
1255 2560 1377 2615 Ma·
1411 2576 1591 2632 guna:
1615 2576 1789 2615 uncos
1813 2576 1919 2615 om.
1939 2561 1996 2613 k.
2018 2592 2086 2603 —-
2104 2564 2239 2615 enim
2262 2578 2492 2615 commu·

294 2637 512 2701 nutius:
546 2655 700 2693 sensu
731 2636 846 2691 Mk.
889 2637 910 2709 ΙΙ
957 2644 1036 2692 18.
1073 2640 1204 2691 idem
1236 2652 1376 2691 corr.
1410 2638 1561 2691 nibus
1591 2636 1691 2690 Ml.
1718 2667 1785 2677 —
1818 2647 1865 2691 et
1898 2654 2099 2691 omnem
2131 2641 2289 2707 (corr.
2324 2655 2391 2693 ex
2422 2640 2495 2692 ab

296 2732 364 2769 ex
388 2718 547 2769 eidem
569 2714 724 2769 M.—
739 2718 892 2783 plato
917 2716 1056 2785 quod
1076 2732 1184 2783 eqo.
1212 2713 1286 2768 M.
1308 2744 1378 2755 --
1413 2713 1636 2784 omnem)
1668 2712 1755 2767 M:
1797 2724 1951 2785 atque
1992 2732 2193 2769 omnem
2233 2731 2358 2769 cum
2390 2714 2493 2769 Vi-

296 2800 658 2863 auctoremque
685 2801 913 2846 ortatum
947 2793 1252 2845 contendere
1273 2790 1375 2843 Ml.
1412 2789 1589 2843 ctorio
1614 2790 1669 2843 k.
1694 2821 1765 2833 --
1794 2792 2137 2847 hisocrateam
2160 2790 2236 2845 M.
2264 2822 2333 2831 —-
2368 2793 2494 2845 mis-

293 2899 364 2909 —
386 2886 564 2939 neque·
581 2886 744 2938 neque
767 2868 984 2937 parenti
1003 2867 1077 2920 M.
1103 2898 1172 2907 —-
1205 2870 1376 2920 aittin-
1410 2869 1589 2919 sissem
1612 2866 1689 2921 M.
1714 2900 1799 2909 —-—
1825 2870 1950 2939 quia
1973 2869 2082 2923 del.
2107 2868 2155 2923 1.
2178 2866 2245 2921 F.
2272 2865 2494 2923 Grono-

291 2946 456 3013 9ende
480 2944 689 3013 (priore
713 2946 736 2997 i
756 2942 968 3013 deleta)
977 2942 1053 2997 M.
1073 2973 1144 2982 —
1161 2960 1379 3013 cumque
1410 2942 1557 2997 vius:
1581 2960 1755 2998 uncos
1779 2960 1885 2999 om.
1910 2944 1967 2998 k.
1992 2975 2062 2987 —--
2084 2946 2513 3005 delictationibus'

295 3038 410 3074 eum
434 3051 455 3061 -
481 3049 502 3061 —
535 3022 738 3074 vidisset
778 3018 887 3073 del.
931 3017 1162 3073 Schiitz:
1203 3036 1377 3073 uncos
1410 3019 1485 3073 M.
1508 3050 1573 3061 -—
1593 3024 1670 3075 ad
1691 3038 1797 3076 om.
1822 3020 1925 3075 Ml.
1954 3022 1975 3093 ΙΙ
1998 3028 2080 3075 24.
2105 3039 2169 3075 ea
2192 3031 2363 3075 etante
2386 3020 2491 3091 Ml,

296 3114 402 3149 om.
459 3096 516 3149 k.
605 3094 692 3151 Cf.
761 3095 1102 3168 Landsberg
1171 3096 1375 3150 Philol.
1410 3114 1473 3150 ea
1512 3107 1569 3150 ut
1608 3107 1657 3151 et
1696 3106 1816 3153 ante
1855 3097 1955 3151 ΜΞ.
1982 3128 2051 3139 —-
2084 3106 2206 3153 sunt
2247 3112 2387 3155 corr.
2424 3114 2495 3152 ex

297 3172 642 3229 Schneidew.
663 3172 772 3234 IX.
794 3191 849 3243 p.
871 3178 991 3227 377.
1015 3204 1086 3213 -
1105 3184 1249 3243 ,aeret
1273 3172 1374 3225 Ml.
1408 3174 1512 3227 sint
1534 3173 1611 3228 M.
1632 3203 1699 3215 -
1721 3176 1831 3243 vix]
1856 3175 1963 3228 uim
1986 3174 2064 3229 M.
2083 3204 2151 3213 —
2169 3178 2231 3229 de
2252 3192 2351 3245 que
2371 3175 2490 3243 fra-

294 3282 360 3291 --
385 3252 434 3305 si
465 3252 598 3306 enim
622 3248 724 3302 Ml.
749 3279 821 3291 -
841 3252 1094 3303 neminem
1117 3260 1376 3305 essecutus
1412 3252 1505 3303 tris
1526 3250 1603 3305 M.
1631 3282 1701 3293 -—
1734 3261 1782 3305 te
1812 3250 1924 3303 M2:
1959 3261 2007 3305 et
2038 3253 2138 3307 Ml.
2162 3283 2234 3293 --
2264 3252 2493 3305 ciciliam

191 3348 194 3351 ’
294 3328 483 3400 officiis
505 3326 582 3383 M.
618 3326 638 3397 ΙΙ
675 3332 755 3380 19.
779 3328 1030 3397 petitione
1061 3325 1162 3380 Ml.
1188 3355 1258 3367 -—
1289 3329 1375 3381 de-
1413 3326 1487 3380 M.
1506 3337 1648 3381 -ut
1672 3338 1720 3382 te
1740 3329 1933 3381 sentias
1956 3328 2058 3387 Ml.
2084 3330 2103 3401 fl
2134 3335 2343 3383 25.esse
2366 3346 2493 3382 con-

292 3405 440 3471 fendi
477 3404 556 3468 Μ.
587 3425 659 3443 ⁴—
691 3408 836 3469 cum]
878 3420 1035 3475 quam
1066 3402 1175 3471 Ml,
1217 3422 1375 3474 quum
1412 3406 1612 3473 colleqa
1636 3404 2495 3477 M1.—·provinciasWesehberg

292 3479 391 3533 M2.
416 3482 758 3548 —parisitus
781 3480 856 3535 M.
881 3511 952 3521 —
981 3481 1272 3534 nominauit
1295 3480 1373 3535 M.
1410 3481 1487 3551 (p.
1514 3481 1652 3551 23.):
1680 3482 2015 3550 prouinciam
2046 3482 2165 3536 Mk.
2189 3514 2258 3523 —
2291 3481 2495 3535 curiate

295 3586 364 3595 —-
389 3557 690 3609 comisatum
713 3554 816 3623 Ml,
843 3566 1154 3611 comesatum
1179 3556 1280 3611 ΜΒ.
1307 3586 1377 3598 —-—
1408 3555 1509 3609 Ml.
1542 3587 1613 3597 —
1646 3574 1996 3612 successerum
2028 3558 2105 3613 M.
2128 3590 2201 3599 —
2230 3562 2495 3629 leyemque

286 3634 606 3703 pamphilam
637 3630 724 3683 M:
759 3640 839 3685 tu.-
871 3634 1200 3703 Pamphilam
1223 3634 1282 3687 k.
1305 3665 1377 3675 --
1410 3632 1669 3687 curiatam
1690 3634 1768 3687 M.
1788 3664 1857 3675 —-
1878 3638 2299 3690 senatuconsulto
2322 3634 2400 3689 M.
2422 3666 2493 3675 —

295 3720 524 3764 catatum
541 3708 643 3761 Ml.
659 3737 730 3747 —
749 3711 928 3777 petiuit
945 3710 1166 3782 (ultima
1183 3710 1377 3766 littera
1408 3712 1609 3781 quoad]
1633 3714 1773 3782 quod
1792 3710 1871 3766 M.
1898 3744 1963 3753 —-
1979 3722 2171 3783 putant
2194 3711 2280 3765 M:
2306 3722 2494 3781 putent

294 3785 506 3855 deleta)
525 3784 602 3839 M.
622 3814 692 3825 --
711 3787 816 3839 deis
839 3786 1004 3857 (corr.
1031 3804 1098 3842 ex
1115 3786 1375 3859 dehis)M:
1412 3786 1524 3842 alii.
1550 3818 1619 3827 —
1648 3790 1700 3843 si
1728 3790 1842 3844 M2:
1874 3808 1930 3843 se
1952 3789 2053 3843 Ml.
2076 3820 2146 3831 --
2172 3790 2347 3858 possis
2378 3788 2491 3842 M2:

293 3863 370 3917 dis
393 3862 452 3915 k.
479 3864 498 3931 11
525 3868 608 3917 20.
627 3865 933 3918 uoluntaria
949 3864 1077 3936 (sed
1099 3864 1208 3917 litt.
1233 3862 1374 3918 fina-
1404 3865 1571 3933 possit
1601 3864 1703 3919 Ml.
1748 3870 1769 3935 ss
1813 3872 1893 3919 26.
1928 3868 2149 3936 epistula
2180 3864 2266 3933 M,
2310 3868 2369 3919 et
2412 3864 2493 3920 sic

291 3938 363 3993 lis
383 3943 470 3993 est
495 3955 564 3993 ex
586 3940 950 4011 correctione)
976 3943 1194 4013 quedam
1218 3940 1376 3993 Μ.-
1410 3940 1751 4010 saepissime.
1800 3974 1870 3983 -
1915 3945 1971 3995 in
2012 3942 2332 3999 Ernestiu-s:
2382 3956 2490 3997 om.

294 4025 558 4071 conteram
583 4014 682 4071 Ml.
707 4047 778 4057 —
803 4019 1006 4087 qabinti
1025 4017 1100 4071 M.
1127 4047 1196 4059 -
1219 4034 1369 4087 supe·
1412 4016 1529 4071 Mk.
1580 4016 1666 4072 cf.
1693 4018 2048 4091 Wesenberg
2068 4024 2287 4090 p.23.n.
2312 4048 2385 4061 ·--
2406 4020 2492 4089 fa·
