2675 4559
458 230 546 295 86
1075 239 1151 292 Μ.
1189 237 1463 294 TULLII
1497 235 1898 292 CICERONIS

454 377 592 430 tum
626 363 921 430 omnibus
956 360 1196 437 amieis,
1235 383 1508 444 quorum
1543 359 2049 424 benevolentiam
2082 360 2268 424 nobis
2297 362 2510 426 conci-

452 451 638 515 liarat
670 471 786 533 per
819 470 922 512 me
956 447 1280 531 quondam
1315 457 1381 510 te
1415 445 1588 510 socio
1614 445 1881 510 defensa
1912 465 2015 508 res
2049 444 2329 528 publica,
2367 468 2510 512 ver-

453 556 682 617 sorque
707 534 776 599 in
802 555 1022 599 eorum
1048 530 1401 617 naufragiis
1433 541 1497 595 et
1523 530 1834 594 bonorum
1866 529 2323 614 direptionibus
2334 555 2354 608 3
2390 553 2510 597 nec

451 621 642 685 audio
702 619 910 684 solum
925 666 943 695 ,
1014 618 1188 701 quod
1247 618 1463 702 ipsum
1525 626 1692 680 esset
1751 616 2082 692 miserum,
2137 611 2251 681 sed
2314 617 2508 682 etiam

455 706 671 781 video,
717 726 847 788 quo
881 703 1040 767 nihil
1083 713 1180 767 est
1224 701 1544 777 acerbius,
1590 722 1812 765 eorum
1856 700 2143 764 fortunas
2188 700 2506 787 dissipari,

457 792 686 871 quibus
713 810 830 853 nos
858 790 1010 853 olim
1049 788 1443 853 adiutoribus
1476 786 1636 850 illud
1668 785 2035 849 incendium
2063 787 2505 865 exstinximus,

457 899 537 951 st,
577 879 640 939 in
667 896 795 958 qua
827 874 987 939 urbe
1013 874 1204 938 modo
1230 873 1457 957 gratia,
1493 871 1885 947 auctoritate,
1921 871 2127 955 gloria
2150 872 2505 949 floruimus,

457 963 521 1023 in
553 983 626 1024 ea
650 982 824 1025 nunc
847 960 946 1024 his
974 958 1233 1042 quidem
1252 957 1546 1022 omnibus
1573 978 1879 1021 caremus.
1918 955 2276 1021 obtinemus
2301 958 2503 1042 ipsius

457 1046 754 1111 Caesaris
779 1067 1094 1109 summam
1120 1066 1274 1129 erga
1299 1064 1417 1107 nos
1446 1042 1924 1117 humanitatem,
1951 1042 2063 1107 sed
2092 1064 2169 1105 ea
2192 1043 2343 1127 plus
2376 1066 2502 1107 non

457 1142 664 1215 potest
698 1153 892 1214 quam
926 1130 1022 1194 vis
1058 1139 1122 1194 et
1155 1128 1423 1193 mutatio
1458 1128 1743 1193 omnium
1777 1148 1990 1191 rerum
2026 1139 2217 1209 atque
2254 1139 2504 1213 tempo-

393 1243 417 1278 ,τῇ
457 1239 613 1279 suun
703 1216 919 1297 itaque
963 1214 1156 1278 orbus
1191 1214 1268 1277 iis
1303 1213 1497 1278 rebus
1532 1211 1858 1288 omnibuS,
1903 1211 2135 1293 quibus
2172 1223 2236 1277 et
2268 1224 2502 1278 natura

457 1327 553 1363 me.
589 1310 652 1363 et
687 1301 980 1364 voluntas
1016 1308 1081 1362 et
1125 1299 1520 1362 consuetudo
1556 1295 2021 1373 adsuefecerat,
2068 1318 2214 1361 cum
2250 1300 2499 1375 ceteris,

453 1407 517 1447 ut
553 1385 806 1467 quidem
833 1383 1070 1460 videor,
1106 1394 1244 1447 tum
1269 1381 1428 1446 mihi
1462 1383 1598 1467 ipse
1626 1381 1957 1482 displiceo:
1993 1393 2181 1446 natus
2217 1383 2393 1447 enim
2422 1386 2503 1449 ad

453 1470 771 1551 agendum
816 1490 1068 1552 semper
1113 1468 1352 1552 aliquid
1398 1468 1664 1553 dignum
1710 1467 1877 1544 vim,
1928 1489 2100 1531 nunc
2141 1490 2271 1532 non
2306 1470 2501 1534 modo

453 1554 682 1635 agendi
715 1554 1032 1618 rationem·
1057 1552 1299 1617 nullam
1332 1552 1561 1629 habe0,
1597 1553 1711 1617 sed
1743 1574 1826 1617 ne
1861 1552 2182 1637 cogitandi
2214 1555 2500 1637 quidem,

453 1655 537 1705 st„
589 1640 697 1723 qui
732 1651 920 1704 antea
963 1650 1074 1703 aut
1108 1639 1395 1704 obscuris
1439 1637 1799 1702 hominibus
1836 1650 1947 1702 aut
1981 1639 2171 1702 etiam
2207 1641 2500 1705 sontibus

453 1725 742 1807 opitulari
777 1736 1096 1809 poteram,
1139 1747 1312 1789 nunc
1346 1725 1425 1788 P.
1462 1723 1751 1809 Nigidio,
1796 1722 1909 1786 uni
1939 1724 2225 1787 'omnium
2263 1725 2503 1790 doctis-.

449 1815 609 1875 sium
652 1821 717 1876 et
759 1811 1156 1876 sanctissimo
1192 1821 1256 1875 et
1294 1810 1575 1875 maxima
1630 1808 1952 1891 quondam
1994 1809 2200 1893 gratia
2242 1821 2307 1875 et
2342 1811 2501 1874 mihi

449 1911 617 1959 uerte
669 1895 1082 1972 amicissime,
1135 1918 1217 1961 ne
1261 1895 1537 1979 benigne
1581 1893 1841 1975 quidem
1884 1893 2169 1977 polliceri
2208 1916 2496 1981 possum.

389 2011 409 2043 -ι
453 2007 601 2063 erg-u
636 1982 757 2045 hoc
793 1992 1082 2065 ereptum
1117 1991 1215 2045 est
1246 1981 1596 2045 litterarum
1632 2000 1856 2063 genus.
1919 1978 2234 2061 reliquum
2272 1992 2393 2058 est,
2414 1987 2502 2045 'ut

453 2083 501 2127 sss*-
541 2066 826 2131 consoler
860 2078 923 2130 et
958 2066 1244 2130 adferam
1279 2065 1575 2140 rationes,
1612 2064 1847 2146 quibus
1882 2075 1945 2127 te
1982 2087 2021 2127 a
2053 2065 2361 2130 molestiis
2390 2088 2500 2131 co-

449 2175 561 2215 nux-21*
597 2151 940 2216 abducere:
987 2162 1053 2215 at
1096 2174 1173 2215 ea
1208 2150 1466 2233 quidem
1500 2149 1770 2215 facultas
1806 2148 1910 2213 vel
1955 2150 2049 2212 tui
2084 2151 2185 2214 vel
2231 2151 2497 2217 alterius

449 2236 815 2301 [ramsolandi
847 2237 917 2299 in
950 2248 1014 2301 te
1050 2259 1298 2301 summa
1334 2245 1448 2311 est,
1486 2235 1541 2298 si
1574 2256 1881 2317 umquam
1913 2234 1982 2297 in
2016 2235 2144 2297 ullo
2180 2234 2321 2299 fuit.
2378 2238 2499 2301 ita-

449 2347 573 2403 que
619 2344 762 2385 eam
805 2332 1080 2407 partem,
1136 2342 1300 2403 quae
1344 2320 1427 2384 ab
1472 2320 1785 2403 exquisita
1828 2319 2105 2402 quadam
2149 2321 2396 2387 ratione
2431 2335 2495 2387 et

445 2407 732 2471 {imitrina
758 2406 1196 2491 proficiscitur,
1227 2428 1355 2469 non
1385 2406 1722 2489 attingam;
1752 2403 1867 2478 ‚tibi
1893 2415 2089 2468 totam
2114 2405 2493 2487 relinquam.

445 2495 599 2571 quid
634 2493 715 2555 sit
759 2492 908 2555 forti
942 2502 1005 2555 et
1048 2492 1318 2575 sapienti
1362 2491 1617 2555 homine
1654 2489 1949 2573 dignum,
1996 2489 2151 2571 quid
2184 2492 2493 2573 gravium,

445 2579 601 2659 quid
634 2577 902 2641 altitudo
929 2577 1142 2653 animi,
1179 2576 1332 2660 quid
1370 2587 1513 2640 acta
1541 2586 1653 2638 tua
1687 2576 1837 2650 vita,
1876 2574 2038 2657 quid⁴
2066 2576 2298 2652 studia,
2335 2578 2496 2659 quid

445 2687 628 2739 aurea,
667 2663 899 2745 quibus
928 2663 1264 2747 a-pueritia
1290 2660 1578 2737 floruisti,
1617 2683 1656 2723 a
1681 2671 1743 2724 te
1769 2660 2076 2744 flagitent,
2113 2671 2183 2724 tu
2210 2662 2493 2727 videbis:

445 2771 585 2831 [eg-n,
621 2748 792 2831 quod
829 2748 1195 2833 intellegere
1223 2758 1286 2811 et
1321 2746 1573 2821 sentire,
1611 2745 1762 2828 quia
1780 2767 1932 2808 -sum
1958 2745 2201 2809 Romae
2236 2756 2302 2811 et
2338 2748 2495 2830 quia

441 2855 593 2895 ις-ιιι-[ι
629 2833 1036 2914 attendoque,
1071 2855 1351 2917 possum,
1387 2831 1451 2894 id
1479 2831 1595 2894 tibi
1622 2831 1907 2906 adfirmO,
1939 2841 2001 2895 te
2030 2830 2097 2893 in
2123 2830 2260 2895 istis
2288 2832 2493 2897 mole-

441 2919 605 2991 sssiis,
639 2916 706 2978 in
741 2916 972 2998 quibus
1011 2939 1079 2981 es
1114 2918 1235 2982 hoc
1271 2928 1585 3001 tempore,
1628 2937 1758 2979 non
1795 2915 2031 2979 diutius
2065 2915 2385 2994 futurum,
2422 2919 2492 2983 in

441 3003 513 3063 iifl·
561 3010 802 3076 autem,
854 3001 921 3064 in
967 3001 1200 3084 quibus
1245 3001 1436 3066 etiam
1471 3023 1589 3065 nos
1626 3023 1875 3077 sumus,
1928 3002 2198 3065 fortasse
2236 3024 2491 3089 semper

441 3087 593 3147 fan-e..
648 3084 867 3149 videor
902 3086 1059 3151 mihi
1092 3087 1450 3172 perspicere
1485 3087 1762 3171 primum
1796 3085 1994 3170 ipsius
2032 3086 2335 3163 animum,
2371 3091 2491 3172 qui

441 3171 778 3255 plurimum
803 3182 1032 3257 potest,
1058 3195 1445 3259 propensum
1473 3173 1555 3236 ad
1580 3173 1848 3236 salutem
1877 3181 2070 3234 tuam.
2118 3192 2249 3235 non
2274 3175 2491 3239 scribo

441 3259 557 3319 lum
597 3271 857 3323 temere:
896 3281 1023 3342 quo
1058 3259 1269 3324 minus
1304 3258 1632 3323 familiaris
1662 3278 1824 3331 sum,
1862 3256 1984 3319 hoc
2020 3279 2161 3319 sum
2189 3258 2273 3321 ad
2306 3259 2491 3325 inve-

437 3343 800 3427 sssigandum
837 3345 1159 3409 curiosior.
1231 3367 1359 3427 quo
1394 3343 1675 3417 facilius,
1710 3341 1943 3424 quibus
1980 3352 2076 3405 est
2108 3342 2347 3421 iratior,
2387 3369 2488 3410 re-

437 3428 749 3511 sps-sudem
785 3429 1024 3493 tristius
1059 3430 1286 3513 possit,
1323 3430 1445 3492 hoc
1480 3438 1575 3493 est
1611 3426 1822 3491 adhuc
1856 3426 2093 3490 tardior
2127 3427 2211 3491 ad
2245 3439 2311 3493 te
2347 3453 2488 3494 mo·

437 3515 617 3575 lca-*ia
650 3512 1078 3589 liberandum3
1115 3514 1457 3577 familiares
1494 3534 1643 3577 vero
1681 3512 1837 3589 eius,
1876 3522 1941 3576 et
1972 3512 2015 3575 ii
2054 3512 2335 3595 quidem,
2374 3516 2487 3598 qui

437 3599 521 3659 illi
569 3596 1006 3660 iucundissimi
1050 3608 1225 3672 sunt,
1280 3598 1650 3661 mirabiliter
1693 3598 1773 3661 de
1819 3608 1881 3661 te
1927 3608 1989 3661 et
2034 3599 2390 3680 loquuntur¹
2422 3613 2488 3664 et

437 3681 729 3744 sentiunt.
784 3681 1028 3744 accedit
1057 3682 1280 3745 eodem
1307 3683 1483 3767 volgi
1517 3683 1808 3746 voluntas
1838 3683 1941 3746 vel
1974 3684 2186 3766 potius
2215 3706 2486 3749 consen-

435 3791 537 3827 sus
589 3766 886 3830 omnium.
975 3766 1167 3829 etiam
1209 3766 1348 3842 illa,
1402 3789 1567 3850 quae
1612 3767 1946 3830 minimum
1996 3790 2168 3831 nnnc
2221 3769 2485 3852 quidem

433 3862 666 3931 praest,
715 3852 827 3915 sed
871 3852 1071 3935 possit
1104 3874 1365 3916 necesse
1402 3864 1525 3929 est,
1571 3874 1672 3915 res
1707 3851 1993 3937 publiea,
2040 3874 2484 3939 quascumque

433 3935 581 3995 viris
617 3936 897 4014 habebit,
934 3937 1015 4000 ab
1051 3936 1127 4000 iis
1164 3937 1339 4022 ipsis,
1379 3961 1418 3999 a
1454 3937 1686 4020 quibus
1723 3947 1991 4013 tenetur,
2030 3938 2110 4001 de
2145 3949 2210 4002 te
2246 3941 2481 4025 prope-

369 4039 393 4075 s
433 4019 617 4095 diem,
654 4021 810 4085 mihi
845 4023 1049 4099 crede,
1087 4022 1470 4107 impetrabit.
1542 4022 1732 4086 redeo
1766 4021 1963 4105 igitur
1997 4022 2080 4085 ad
2114 4023 2202 4100 id,
2240 4036 2313 4088 ut
2348 4026 2479 4091 iam

2643 3761 2661 3938 i
