2675 4559
2207 9 2232 12 ‘⁷
2249 9 2433 56 ,τῆ-εἷ’·
2471 11 2479 14 ”
2526 10 2613 120 q

511 265 539 321 l
551 261 631 321 :5:13
1119 268 1196 323 M.
1232 267 1507 327 TULLII
1542 264 1941 323 CICERONIS

507 417 719 457 rursus
767 390 984 478 Appio
1036 390 1310 462 cumfiL.
1356 390 1569 455 Lollio
1622 390 1931 475 transegit
1985 399 2053 455 et
2100 412 2169 455 se
2213 391 2531 455 relaturum

507 489 679 549 *liz-ait.
771 486 862 551 sic
895 507 1067 550 nunc
1099 506 1309 568 neque
1346 484 1675 549 absolutus
1708 505 1920 566 neque
1954 483 2302 548 damnatus
2340 482 2533 550 Servi-

507 581 623 641 lius
663 581 743 645 de
779 579 1144 665 repetundis
1193 578 1448 643 saucius
1482 577 1651 643 Pilio
1696 578 2001 642 tradetur.
2093 600 2248 642 nam
2284 570 2369 641 de'
2394 578 2531 641 divi-

507 677 759 737 ιιηιῐιςιιιε
808 674 1094 760 Appius,
1159 695 1310 738 cum
1368 672 1753 737 calumniam
1809 672 2117 747 iurasset,
2182 671 2529 737 contendere

507 793 695 829 ausus
743 789 868 831 non
913 778 1008 832 est
1041 765 1336 850 Pilioque
1385 766 1601 843 cessit,
1646 778 1711 831 et
1752 767 1888 851 ipse
1924 765 2007 829 de
2052 766 2343 851 pecuniis
2376 788 2531 851 repe·

503 861 715 925 tum-211..-
755 885 791 925 ιι
813 858 1100 926 Serviliis
1136 873 1232 924 est
1266 859 1625 944 postulatus
1660 871 1725 925 et
1757 869 2095 946 praeterea
2132 858 2215 924 de
2249 858 2313 922 vi
2346 881 2474 924 reus
2497 882 2527 921 a

507 957 779 1037 qiuizdzun
818 975 934 1018 suo
971 952 1318 1030 emissariO,
1358 951 1510 1019 Sex.
1533 952 1763 1028 Tettio,
1800 952 2031 1017 factus.
2089 962 2265 1017 recte
2299 952 2413 1016 hoc
2433 972 2528 1035 par

443 1077 467 1109 s.
507 1049 715 1113 hahet.
803 1047 977 1130 quod
1023 1047 1104 1111 ad
1147 1068 1283 1111 rem
1326 1046 1652 1131 publicam
1684 1044 1986 1132 pertinet,
2036 1046 2301 1109 omnino
2343 1044 2524 1109 multis

507 1145 727 1205 [liebus
751 1140 1219 1225 exspectatione
1241 1138 1600 1207 Galliarum
1619 1152 1832 1205 actum
1858 1138 2020 1203 nihil
2050 1150 2152 1205 est
2162 1165 2181 1216 3
2218 1137 2526 1222 aliquando

507 1257 735 1305 suiten,
775 1256 962 1319 saepe
997 1256 1066 1299 re
1095 1234 1289 1297 dilata
1324 1243 1389 1298 et
1422 1233 1703 1319 graviter
1729 1245 1872 1299 acta
1898 1245 1963 1299 et
1996 1234 2195 1320 plane
2228 1241 2523 1319 perspecta

507 1329 624 1389 Cn.
666 1327 955 1411 Pompeii
991 1327 1318 1392 voluntate
1353 1328 1422 1391 in
1456 1349 1598 1391 eam
1633 1340 1909 1413 partem,
1952 1339 2031 1393 ut
2065 1350 2219 1394 eum
2253 1325 2524 1392 decedere

507 1445 642 1505 pest
679 1421 1003 1485 Kalendas
1021 1420 1292 1486 Martias
1329 1421 1628 1508 placeret,
1666 1434 1923 1487 senatus
1960 1422 2347 1497 consultum,
2380 1417 2522 1503 quod

504 1517 615 1577 tihi
655 1513 814 1589 misi,
851 1513 1090 1580 factum
1131 1526 1227 1579 est
1263 1514 1795 1598 auctoritatesque
1830 1516 2248 1601 perscriptae.

443 1635 467 1669 ‚v-
635 1613 703 1673 ξέ
747 1605 822 1673 C.
859 1608 1412 1675 Auctoritates.
1483 1608 1603 1673 Pr.
1641 1609 1811 1673 Kal.
1850 1606 2227 1677 Octobris
2260 1608 2335 1673 in
2365 1604 2522 1671 aede

507 1701 890 1785 Armillinis
929 1701 1150 1767 scrib.
1191 1702 1605 1768 adfuerunt
1633 1698 2519 1769 L.Domitiuan.f.Fab.

508 1796 1090 1872 ,-·u}1e=1ebarbus‚
1146 1793 1230 1878 Q.
1279 1794 1670 1861 Caecilius
1715 1793 1799 1878 Q.
1853 1794 1900 1859 f.
1946 1796 2136 1862 Fab.
2190 1793 2517 1861 Metellus

499 1889 683 1949 ,Pius
743 1887 1035 1974 Scipio,
1088 1888 1170 1952 L.
1215 1889 1503 1955 Villius
1556 1889 1637 1953 L.
1682 1888 1759 1955 F.
1804 1886 2015 1955 Pom.
2063 1888 2407 1963 Annalis,
2454 1879 2517 1946 C.

503 1982 920 2065 ffiz-primius
973 1981 1053 2045 T.
1108 1980 1154 2045 f.
1191 1979 1552 2060 Quirina,
1608 1978 1687 2047 C.
1724 1981 2084 2049 Lucilius
2141 1981 2217 2049 C.
2260 1980 2305 2045 f.
2360 1980 2514 2061 Pup.

504 2077 816 2153 Hirrus,
842 2072 920 2140 C.
950 2074 1404 2141 Scribonius
1442 2073 1520 2141 C.
1550 2076 1596 2139 f.
1626 2076 1809 2161 Pop.
1832 2074 2100 2156 Curio,
2136 2078 2218 2146 L.
2246 2072 2513 2140 Atteius

499 2169 575 2229 L.
619 2169 659 2229 f.
704 2169 839 2231 An.
878 2165 1186 2254 Capito,
1239 2168 1338 2232 M.
1377 2168 1671 2255 Eppius
1706 2170 1805 2236 M.
1842 2170 1887 2235 f.
1925 2172 2101 2238 Ter.
2190 2165 2399 2253 Quod
2433 2163 2512 2228 M·
2611 2228 2612 2231 ,

500 2261 914 2325 Μιιιέῑᾞῌιιε
951 2283 1095 2326 cos·
1125 2284 1185 2325 v.
1213 2261 1261 2325 f.
1293 2262 1381 2327 de
1416 2263 1840 2348 provinciis
1875 2263 2431 2334 consularibus,
2461 2254 2510 2318 d·

499 2381 551 2417 e.
595 2381 639 2413 r.
683 2357 719 2413 Ξ.
759 2377 845 2432 e„
897 2355 1011 2418 uti
1056 2354 1138 2418 L.
1183 2354 1473 2421 Paulus
1520 2354 1597 2420 C.
1635 2357 2065 2425 Marcellus
2111 2381 2324 2433 coss„
2374 2372 2507 2418 cum

499 2449 1024 2533 magistratum
1058 2449 1415 2527 inissent,
1452 2474 1541 2517 ex
1574 2452 1745 2517 Kal.
1782 2452 2032 2531 Mart„
2069 2474 2265 2538 quae
2298 2451 2369 2513 in
2400 2462 2506 2509 suo
2604 2451 2610 2528 l

499 2569 599 2605 111³v
619 2545 947 2625 agisti-atu
992 2542 1302 2611 futurae
1338 2557 1625 2623 essent,
1670 2547 1759 2613 de
1796 2548 2335 2615 consularibus
2364 2559 2509 2629 pro·
2595 2555 2606 2638 θ’

495 2639 615 2697 rin
639 2641 771 2701 siis
807 2638 900 2702 ad
935 2650 1282 2705 senatum
1314 2640 1720 2718 referrent,
1763 2664 1955 2708 neve
1990 2642 2174 2727 quid
2207 2638 2403 2727 prius
2435 2651 2505 2696 ex
2603 2652 2604 2661 ¹

499 2733 659 2793 Hal.
702 2733 920 2797 Mart.
959 2732 1051 2797 ad
1087 2745 1435 2799 senatum
1469 2734 1879 2819 referrent,
1915 2758 2111 2801 neve
2146 2732 2325 2818 quid
2356 2748 2507 2793 con-
2603 2737 2604 2756 ³

495 2829 808 2890 ium-siin
845 2827 933 2892 de
970 2849 1056 2892 ea
1097 2850 1176 2893 re
1220 2828 1643 2895 referretur
1678 2852 1717 2893 a
1752 2829 2231 2906 consulibus,
2274 2823 2502 2903 utique
2604 2872 2606 2911 A

495 2921 651 2981 eius
691 2921 797 2981 rei
834 2941 1066 2984 causa
1099 2944 1237 3005 per
1272 2922 1434 2987 dies
1472 2922 1884 2989 comitialis
1920 2934 2271 2990 senatum
2304 2914 2499 2982 habe·
2601 2918 2606 3003 j

491 3033 651 3073 rent
695 3023 1166 3098 senatusque
1203 3036 1406 3081 cons,
1444 3015 1821 3093 facerent,
1869 3028 1963 3095 et,
2007 3039 2173 3084 cum
2215 3016 2300 3079 de
2333 3031 2408 3075 ea
2434 3023 2498 3066 1⁸⁸
2603 3070 2604 3087 1

495 3105 581 3169 ad
631 3116 969 3171 senatum
1021 3107 1444 3178 referretur
1489 3134 1529 3175 a
1574 3110 2046 3190 consulibus,
2100 3110 2228 3197 qui
2279 3117 2497 3171 eorum

491 3203 559 3261 iu
619 3225 767 3265 esre.
821 3199 1211 3269 iudicibus
1268 3217 1554 3283 essent,
1616 3228 1741 3271 eos
1808 3206 2185 3273 adducere
2246 3200 2494 3266 liceret·
2596 3208 2601 3249 ι

491 3297 547 3357 εἰ
599 3297 779 3377 quid
821 3295 911 3362 de
956 3318 1042 3362 ea
1075 3321 1153 3363 re
1189 3298 1281 3363 ad
1324 3299 1690 3386 populum
1722 3299 2123 3385 plebemve
2155 3298 2305 3362 lato
2338 3302 2494 3374 opus

491 3413 563 3449 e:
579 3409 715 3461 set
755 3389 864 3454 uti
894 3388 1051 3456 Ser.
1075 3390 1469 3479 Sulpicius
1497 3393 1594 3458 Μ.
1614 3392 2037 3459 Marcellus
2074 3412 2284 3465 coss„
2307 3397 2494 3472 prae’

491 3501 687 3545 [mres
731 3481 1172 3567 tribunique
1208 3485 1328 3569 pL,
1365 3485 1647 3568 quibus
1685 3509 1944 3552 eorum
1978 3482 2380 3553 videretur,
2417 3466 2489 3534 ad

487 3597 527 3657 1
515 3577 846 3684 epulum
879 3576 1278 3660 plebemve
1313 3578 1636 3645 ferrent:
1683 3581 1883 3665 qnod
1927 3584 1991 3645 si
2023 3581 2078 3645 ii
2120 3598 2262 3644 non
2303 3564 2488 3635 tulis-

487 3686 679 3733 sent
727 3668 866 3745 uti,
912 3670 1374 3755 quicumque
1418 3674 1778 3762 deinceps
1824 3685 2110 3751 essent,
2154 3668 2243 3736 ad
2282 3677 2489 3752 popu

484 3765 631 3825 ‚lum
671 3763 1064 3845 plebemve
1098 3764 1411 3832 ferrent.
1481 3767 1524 3832 i.
1560 3791 1623 3832 n.

426 3881 447 3913 s
611 3861 667 3917 1³·
683 3881 727 3921 r
767 3858 934 3923 Kal.
972 3855 1402 3927 Octobris
1382 3884 1459 3926 in
1495 3862 1679 3928 aede
1714 3862 2105 3949 Apollinis
2140 3851 2347 3923 scrib·
2378 3838 2485 3909 ad·

487 3953 791 4062 suerum:
825 3952 908 4017 L.
935 3951 1325 4020 Domitius
1364 3953 1494 4021 Cn.
1524 3956 1571 4021 f.
1598 3956 1777 4022 Fab.
1814 3948 2379 4022 Ahenobarbus
2411 3929 2478 4011 Q·

607 4049 855 4111 sss-stine
891 4045 976 4129 Ω.
1014 4047 1061 4111 f.
1089 4049 1270 4114 Fab.
1299 4048 1669 4116 Metellus
1705 4051 1891 4117 Pius
1930 4047 2215 4135 Scipio,
2249 4038 2322 4103 L·
2338 4024 2479 4096 Vll
