2675 4559
443 230 529 299 84
1045 239 1120 293 M.
1161 234 1435 293 'runnu
1468 228 1867 289 olcERoms

445 367 589 447 mei,
629 390 754 432 111111
789 364 993 431 solum
1023 360 1356 428 consilium
1384 358 1582 433 daret,
1618 354 1734 419 sed
1767 351 2060 438 precibus
2096 367 2353 433 quoque
2381 369 2491 413 me

449 455 830 528 obsecraret,
875 462 1004 513 non
1038 446 1214 532 prius
1247 442 1404 508 mihi
1437 440 1820 527 persuadere
1855 436 2090 524 potuit,
2126 456 2322 519 quam
2358 433 2492 533 tuis

449 555 545 607 est
577 539 874 603 effectum
905 532 1131 598 litteris
1167 541 1240 595 ut
1273 535 1732 596 uterervestro
1766 522 2167 609 potissimum
2204 518 2492 584 cons1lio.

445 647 549 691 res
585 646 774 707 quem
811 620 892 685 ad
926 617 1189 682 modum
1217 615 1297 679 sit
1332 625 1493 689 acta,
1530 621 1779 677 vestrae
1814 608 2060 673 litterae
2094 604 2249 671 mihi
2277 604 2493 669 decla-

448 721 609 775 rant.
697 703 1036 793 gratulatio
1073 712 1185 767 tua
1220 700 1336 765 etsi
1374 709 1469 763 est
1502 696 1658 761 mihi
1692 693 2158 781 probatissima,
2194 689 2373 774 quod
2408 688 2499 751 ab

449 807 709 879 optumo
750 791 824 856 fit
867 789 1107 864 anim0‚
1161 798 1375 850 tamen
1417 784 1540 848 hoc
1583 780 1741 846 mihi
1775 780 1975 844 multo
2009 775 2349 843 iucundius
2398 786 2497 874 est

449 891 513 943 et
549 879 817 963 gratius,
863 874 1037 958 quod
1077 872 1145 937 in
1180 892 1430 938 summa
1464 868 1783 953 paucitate
1819 865 2195 937 amicorum,
2230 882 2499 946 propin-

449 987 721 1047 qum-mn
756 981 832 1026 ac
864 956 1384 1030 necessariorum,
1420 955 1530 1037 qui
1565 974 1714 1017 vere
1748 972 1929 1015 meae
1957 948 2145 1014 saluti
2180 946 2499 1020 faverent,

453 1063 513 1115 te
553 1046 1027 1131 cupidissimum
1069 1042 1195 1107 mei
1238 1040 1751 1125 singularemque
1795 1033 1951 1099 mihi
1984 1030 2495 1099 benevolentiam

393 1155 417 1191 Ε
453 1133 838 1219 praestitisse
874 1128 1162 1215 cognovi.
1215 1125 1460 1207 reliqua
1495 1134 1643 1188 sunt
1678 1122 1813 1187 eius
1848 1119 2043 1197 modi,
2078 1117 2312 1203 quibus
2348 1137 2501 1201 eg0,

457 1219 754 1303 quoniam
785 1216 944 1280 haec
979 1224 1156 1278 erant
1194 1222 1499 1295 tempora,
1534 1208 1721 1273 facile
1749 1218 1813 1272 et
1848 1226 2052 1289 aequo
2081 1203 2290 1269 animo
2320 1223 2505 1265 care-.

457 1307 633 1379 bam-3.
679 1303 800 1364 hoc
835 1320 984 1364 vero
1020 1297 1157 1363 eius
1191 1295 1365 1360 modi
1400 1316 1539 1359 esse
1575 1303 1815 1369 statu0,
1860 1302 1934 1356 ut
1968 1291 2103 1355 sine
2139 1288 2364 1354 talium
2400 1285 2501 1350 vi-

455 1411 669 1451 rorum
705 1397 766 1451 et
801 1383 1149 1450 amicorum
1182 1378 1627 1445 benevolentia
1649 1398 1861 1462 neque
1893 1376 1961 1440 in
1988 1373 2256 1440 adversa
2283 1393 2501 1456 neque

453 1475 521 1535 'm
557 1459 835 1535 secunda
867 1468 1124 1532 fortuna
1151 1466 1487 1550 quisquam
1516 1464 1730 1529 vivere
1764 1462 1990 1548 possit:
2026 1461 2242 1543 itaque
2268 1458 2337 1522 in
2372 1458 2500 1521 hoc

457 1579 577 1643 ego
625 1555 778 1619 mihi
821 1554 1131 1639 gratulor3
1177 1564 1249 1616 tu
1292 1572 1445 1616 vero
1488 1560 1562 1633 ut
1595 1549 1925 1633 intellegas
1969 1545 2211 1611 homini
2246 1542 2508 1609 amicis-

457 1643 613 1707 simo
651 1651 713 1707 te
748 1638 1043 1705 tribuisse
1079 1638 1382 1713 officium,
1417 1658 1487 1701 re
1521 1634 1639 1699 tibi
1674 1632 2028 1719 praestabo.
2084 1631 2245 1696 vale.

1402 1820 1536 1873 XII.

816 1925 932 1981 Scr.
969 1923 1207 1979 Athenis
1241 1940 1324 1993 pr.
1362 1922 1495 1976 Kal.
1533 1920 1723 1974 Iunias
1759 1938 1809 1974 a.
1847 1938 1901 1973 u.
1941 1936 1987 1973 c.
2027 1919 2145 1974 709.

885 2024 1205 2081 SERVIUS
1241 2021 1600 2080 CICERONI
1638 2022 1800 2078 SAL.
1836 2021 2063 2078 PLUR.

585 2151 727 2215 Etsi
762 2149 893 2213 scio
927 2170 1058 2211 non
1091 2145 1618 2210 iucundissimum
1653 2166 1757 2210 me
1791 2145 2087 2211 nuntium
2113 2142 2297 2208 vobis
2325 2142 2509 2207 adla-

457 2251 689 2311 turum,
727 2244 940 2299 tamen
1018 2231 1275 2296 uoniam
1311 2253 1497 2296 casus
1534 2242 1598 2296 et
1631 2241 1859 2296 natura
1890 2230 1958 2293 in
1991 2228 2175 2294 nobis
2213 2228 2514 2293 domina-

457 2335 577 2395 tur,
617 2319 820 2383 visum
858 2329 953 2383 est
975 2254 1426 2403 efaciendum}
1464 2338 1720 2400 quoquo
1748 2317 1937 2381 modo
1972 2337 2073 2380 res
2109 2337 2177 2379 se
2213 2314 2506 2390 haberet,

455 2427 565 2467 rus
605 2404 898 2467 certiores
933 2403 1161 2466 facere.
1217 2424 1273 2465 a.
1311 2402 1373 2466 d.
1410 2424 1468 2465 x.
1498 2402 1647 2466 Kal.
1685 2402 1827 2467 Iun.
1866 2423 2013 2466 cum
2048 2400 2129 2464 ab
2166 2398 2508 2485 Epidauro
2673 2460 2675 2477 1

453 2491 754 2555 Piraeum
787 2488 938 2552 navi
972 2487 1274 2553 advectus
1312 2509 1548 2564 essem,
1583 2486 1675 2551 ibi
1708 2488 1797 2550 M.
1836 2486 2247 2561 Marcellum,
2285 2486 2505 2551 conle-
2665 2481 2675 2570 1

453 2599 601 2659 gam
645 2584 955 2650 nostrum,
1008 2573 1274 2637 conveni
1319 2594 1593 2656 eumque
1639 2572 1805 2636 diem
1854 2572 1942 2635 ibi
1987 2571 2384 2657 consumpsi,
2431 2584 2506 2634 ut

457 2683 597 2723 1111111
637 2683 709 2723 eu
747 2681 969 2724 essem.
1057 2668 1310 2742 postero
1347 2658 1449 2721 die
1498 2680 1644 2721 cum
1678 2657 1760 2721 ab
1806 2678 1882 2722 eo
1919 2656 2241 2741 digressus
2287 2678 2501 2721 essem

453 2767 529 2807 au]
565 2744 842 2819 consilio,
879 2754 951 2807 ut
987 2742 1068 2806 ab
1101 2743 1374 2809 Athenis
1395 2741 1476 2806 -i'n
1500 2742 1833 2807 Boeotiam
1866 2742 2026 2806 irem
2059 2741 2509 2825 reliquamque

453 2828 944 2909 iurisdietionem
979 2828 1409 2903 absolverem,
1452 2828 1586 2904 ille,
1621 2836 1695 2891 ut
1729 2826 1966 2903 aiebat,
2013 2849 2211 2911 supra
2240 2826 2502 2892 Maleas
2653 2859 2675 2919 ⁷÷

393 2931 417 2967 2³
453 2915 517 2975 in
553 2915 804 2977 Italiam
848 2934 1068 2977 versus
1113 2913 1528 2998 navigaturus
1574 2924 1728 2977 erat.
1825 2922 1971 2997 post
2016 2912 2185 2976 diem
2237 2912 2501 2976 tertium
2667 2922 2675 2941 *

453 2999 585 3063 eius
625 2998 744 3063 diei
760 3046 777 3075 ,
834 3020 982 3062 cum
1027 2997 1108 3061 ab
1143 2998 1417 3061 Athenis
1464 2998 1779 3082 proficisci
1821 2998 1890 3061 in
1924 2997 2136 3061 animo
2171 2995 2501 3073 haberem,

453 3083 697 3147 circiter
731 3082 889 3147 hora
925 3083 1193 3166 decuma
1226 3082 1429 3148 noctis
1447 3082 1525 3147 P.
1545 3082 1937 3159 Postumius,
1973 3081 2301 3147 familiaris
2340 3083 2514 3159 eiuS,

453 3171 533 3231 ad
577 3191 677 3231 me
717 3168 885 3233 venit
919 3179 982 3233 et
1024 3168 1181 3232 mihi
1222 3168 1540 3233 nuntiavit
1580 3168 1677 3233 M.
1714 3168 2127 3243 Marcellum,
2182 3169 2512 3253 collegam

452 3267 754 3329 nostrum,
790 3266 934 3338 post
969 3275 1163 3337 cenae
1198 3265 1451 3340 tempus
1488 3277 1527 3318 a
1553 3254 1631 3317 P.
1651 3253 1877 3337 Magio
1900 3250 2145 3330 Cilone,
2182 3252 2502 3325 familiare

453 3339 617 3415 eius,
657 3339 948 3424 'pugione
991 3361 1366 3423 percussum
1401 3362 1539 3404 esse
1577 3350 1646 3412 >et
1692 3339 1819 3403 duo
1855 3338 2117 3403 volnera
2150 3340 2505 3425 accepisse,

453 3447 645 3487 unum
693 3427 756 3487 in
792 3422 1146 3499 stomacho,
1193 3424 1460 3488 alterum
1494 3424 1560 3487 in
1606 3424 1813 3509 capite
1849 3424 2198 3489 secundum
2244 3445 2499 3499 aurem3

453 3507 685 3591 sperari
721 3518 932 3570 tamen
960 3508 1347 3571 eum-vivere
1381 3530 1568 3592 posse
1578 3532 1597 3584 ;
1633 3507 1930 3594 Magium
1959 3531 2027 3574 se
2054 3508 2268 3594 ipsum
2303 3510 2500 3577 inter-

453 3591 677 3655 fecisse
727 3601 977 3675 postea3
1031 3613 1099 3654 se
1143 3614 1182 3654 a
1215 3592 1527 3656 Marcello
1573 3593 1655 3658 ad
1700 3617 1802 3659 me
1845 3594 2112 3658 missum
2158 3617 2329 3671 esse,
2385 3597 2499 3678 qui

449 3675 605 3739 ,haec
641 3676 957 3739 nuntiaret
993 3684 1056 3738 et
1089 3686 1359 3760 rogaret,
1396 3677 1489 3741 uti
1524 3678 1803 3744 medicos
1840 3702 2121 3765 coyerem
2212 3680 2398 3765 coe‘gi
2436 3692 2500 3745 et

453 3783 485 3823 a
521 3760 786 3844 vestigio
823 3781 899 3824 eo
936 3782 1076 3823 sum
1112 3760 1435 3845 profectus
1469 3763 1675 3847 prima
1707 3764 1869 3828 luce.
1950 3786 2097 3829 cum
2132 3786 2264 3829 non
2298 3764 2502 3850 longe

449 3871 485 3907 11
521 3847 751 3911 Piraeo
787 3844 1103 3919 abessem,
1149 3868 1308 3931 puer
1344 3847 1603 3912 Acidini
1639 3849 1891 3913 obviam
1929 3849 2084 3913 mihi
2129 3849 2307 3913 venit
2344 3872 2496 3914 cum

449 3931 765 4003 codicillis,
803 3930 868 3993 in
897 3928 1128 4013 quibus
1156 3942 1290 3996 erat
1320 3932 1644 4017 scriptum,
1679 3935 1871 4017 paulo
1901 3945 2048 3999 ante
2082 3935 2294 3999 lucem
2312 3935 2509 3999 Mar-

449 4013 673 4075 aelium
713 4019 880 4079 diem
914 4036 1100 4080 suum
1137 4016 1365 4081 obisse.
1435 4018 1527 4080 ita
1561 4019 1657 4081 vir
1692 4018 2074 4085 clarissimus
2112 4020 2195 4083 ab
2229 4020 2500 4086 homine
