2675 4559
508 327 635 396 2¹76
1118 339 1194 396 M.
1233 337 1507 396 TULLII
1542 336 1944 394 CICERONIS

506 464 694 552 cupio
727 463 855 529 iam
883 463 1169 551 vigiliam
1203 480 1437 540 meam,
1470 461 1695 540 Brute,
1728 461 1849 526 tibi
1889 460 2161 539 tradere,
2196 461 2311 528 sed
2340 461 2439 541 ita,
2468 473 2528 530 ut

446 583 472 624 ε
503 581 586 626 ne
623 558 824 624 desim
859 555 1254 624 constantiae
1289 577 1492 624 meae.
1545 556 1719 640 quod
1754 556 1979 622 scribis
2016 556 2085 622 in
2110 556 2303 623 Italia
2330 568 2391 624 te
2412 579 2531 622 mo-

504 663 824 729 raturum,
877 652 1030 718 dum
1075 651 1192 717 tibi
1225 651 1473 718 litterae
1506 671 1689 718 meae
1724 649 2010 729 veniant,
2066 651 2124 716 si
2166 672 2283 736 per
2315 649 2530 716 hostem

505 747 686 824 lieet,
730 768 864 812 non
905 745 1164 823 erraris3
1207 745 1413 810 multa
1456 743 1627 810 enim
1660 743 1937 812 Romae:
1986 744 2085 810 sin
2132 744 2403 810 adventu
2438 755 2529 808 tuo

505 841 748 908 bellum
781 840 1009 907 eonfiei
1043 851 1282 926 potest,
1317 838 1479 904 nihil
1514 839 1597 904 sit
1631 839 1973 922 antiquius.
2064 839 2339 924 pecunia
2370 859 2529 924 expe-

505 934 822 1002 ditissima
844 956 1010 1019 quae
1037 945 1193 1012 erat,
1229 932 1349 1000 tibi
1376 933 1631 1000 decreta
1658 944 1772 998 est.
1825 932 2025 1000 habes
2059 933 2529 1000 amantissimum

508 1027 808 1096 Servium
820 1053 838 1107 ;
873 1049 992 1094 nos
1027 1049 1158 1093 non
1193 1028 1519 1094 desumus.
1605 1051 1732 1093 vm.
1769 1026 1929 1093 Idus
1963 1027 2210 1094 Iunias.

1444 1261 1631 1318 XXV.

848 1363 964 1420 Ser.
983 1363 1198 1420 Romae
1215 1361 1413 1418 ΧΠΙῙ.
1430 1363 1564 1418 Kal.
1587 1363 1867 1428 Quintiles
1886 1381 1939 1419 a.
1956 1383 2011 1420 u.
2034 1381 2081 1420 e.
2106 1365 2226 1420 711.

1019 1465 1097 1520 Μ.
1135 1463 1412 1522 CICERO
1451 1464 1509 1522 S.
1544 1466 1619 1521 D.
1656 1465 1731 1522 D.
1768 1466 2052 1525 BRUTO.

445 1619 470 1658 1
633 1587 1054 1674 Exspectanti
1097 1587 1255 1654 mihi
1307 1599 1452 1655 tuas
1505 1587 1733 1654 cotidie
1779 1589 2023 1655 litteras
2066 1589 2299 1676 Lupus
2347 1597 2525 1652 noster

505 1681 718 1749 subito
764 1683 1191 1759 denuntiavit,
1247 1694 1320 1747 ut
1365 1681 1449 1748 ad
1492 1693 1557 1747 te
1590 1681 1933 1748 scriberem
1948 1731 1967 1760 ,
2023 1681 2079 1748 si
2122 1683 2280 1769 quid
2311 1679 2520 1748 vellem.

503 1799 627 1864 ego
661 1787 907 1855 autem,
961 1776 1108 1854 etsi,
1163 1775 1319 1861 quid
1354 1777 1699 1844 scriberem
1712 1825 1731 1855 ,
1782 1797 1915 1842 non
1948 1777 2272 1846 habebam
2301 1813 2384 1824 --
2412 1785 2524 1838 acta

503 1872 675 1938 enim
710 1871 794 1940 ad
829 1882 894 1938 te
928 1871 1093 1937 mitti
1127 1871 1429 1949 sciebam,
1469 1871 1727 1940 inanem
1762 1881 1979 1940 autem
2004 1893 2363 1940 sermonem
2390 1869 2523 1934 litte-

500 1987 720 2032 rarum
753 1964 871 2031 tibi
903 1965 1326 2034 iniucundum
1362 1987 1501 2031 esse
1536 1964 1876 2045 audiebam
1900 2001 2016 2044 -,
2056 1967 2417 2034 brevitatem
2446 1983 2521 2026 se-

503 2071 690 2126 cutus
735 2081 878 2125 sum
921 2070 985 2124 te
1030 2058 1359 2144 magistro.
1456 2059 1613 2125 seito
1658 2058 1854 2146 igitur
1894 2059 1965 2126 in
1999 2071 2067 2126 te
2102 2074 2170 2127 et
2210 2062 2277 2126 in
2318 2056 2519 2139 collega

443 2179 470 2218 2
506 2175 686 2238 spem
731 2171 990 2236 omnem
1033 2173 1194 2218 esse.
1283 2151 1366 2218 de
1408 2153 1615 2221 Bruto
1660 2165 1875 2220 autem
1918 2153 2077 2222 nihil
2122 2155 2327 2222 adhue
2368 2147 2517 2221 eerti3
2607 2203 2608 2218 1

501 2266 694 2330 quem
729 2264 874 2331 ego,
909 2266 1104 2329 quem
1137 2246 1223 2312 ad
1256 2245 1520 2312 modum
1553 2247 1889 2334 praecipis,
1920 2248 2191 2335 privatis
2221 2245 2423 2317 litteris
2451 2239 2514 2305 ad
2604 2275 2606 2278 ⁴

501 2339 742 2406 bellum
795 2359 1132 2406 commune
1185 2361 1419 2406 vocare
1478 2363 1609 2406 non
1662 2342 1912 2410 desino:
1974 2345 2089 2430 qui
2140 2344 2375 2412 utinam
2416 2338 2519 2402 iam

502 2431 780 2500 adessetl
815 2432 1190 2500 intestinum
1223 2434 1403 2500 urbis
1429 2435 1691 2515 malum,
1728 2437 1902 2522 quod
1930 2449 2028 2504 est
2056 2461 2189 2506 non
2222 2434 2511 2504 mediocre,

499 2525 711 2594 minus
745 2526 1134 2594 timeremus.
1187 2528 1302 2596 sed
1337 2527 1495 2615 quid
1544 2531 1707 2618 ago?
1740 2553 1871 2596 non
1904 2531 2121 2599 imitor
2154 2520 2512 2608 λακωνισμὸν
2601 2539 2602 2542 ’

499 2631 713 2700 tuum3
751 2623 951 2692 altera
975 2622 1104 2688 iam
1130 2623 1389 2709 pagella
1414 2624 1721 2717 propedit.
1774 2625 1959 2692 vinee
1988 2638 2053 2694 et
2079 2627 2242 2694 vale.
2292 2643 2424 2690 xun-
2440 2613 2509 2680 Κ·
2598 2645 2600 2678 ³

502 2716 811 2801 Quinctil.

1415 2953 1635 3009 XXVI.

871 3053 988 3112 Ser.
1009 3055 1068 3110 in
1085 3055 1284 3112 eastris
1301 3055 1411 3110 III.
1431 3056 1622 3114 Nonas
1639 3056 1832 3112 Iunias
1852 3075 1903 3113 a.
1922 3075 1978 3114 u.
1996 3075 2046 3114 e.
2067 3060 2186 3116 711.

942 3155 1014 3212 D.
1050 3156 1365 3216 BRUTUS
1402 3157 1460 3218 S.
1496 3157 1569 3214 D.
1608 3158 1685 3212 Μ.
1722 3158 2103 3219 CICERONI.
2186 3190 2192 3195 ·

625 3281 708 3344 In
740 3280 1022 3347 maximo
1063 3301 1211 3346 meo
1253 3279 1472 3346 dolore
1508 3281 1629 3346 hoe
1663 3281 1899 3348 solacio
1934 3295 2107 3362 utor,
2153 3279 2317 3368 quod
2354 3269 2498 3342 intel·
2586 3293 2588 3296 ⁴

496 3373 720 3460 legunt
769 3371 1060 3440 homines
1103 3395 1234 3440 non
1281 3375 1417 3440 sine
1463 3395 1658 3440 eausa
1700 3398 1805 3441 me
1850 3376 2141 3444 timuisse
2178 3377 2321 3450 ista,
2369 3379 2497 3450 (1⁰²0

497 3467 882 3534 aeciderunt.
938 3467 1308 3547 deliberent,
1346 3481 1563 3539 utrum
1590 3468 1881 3537 traiciant
1906 3472 2189 3560 legiones
2222 3491 2297 3536 ex
2310 3457 2493 3566 Afr{0²{
2580 3426 2587 3504 s

495 3583 696 3628 necne
731 3573 795 3628 et
831 3585 911 3628 ex
931 3559 1250 3642 Sardinia,
1287 3574 1355 3630 et
1372 3565 1651 3632 Brutum
1676 3578 2003 3632 arcessant
2035 3587 2253 3644 neone,
2285 3570 2343 3626 et
2370 3547 2493 3618 m1h¹

496 3655 884 3742 stipendium
918 3655 1073 3723 dent
1099 3680 1189 3724 an
1225 3657 1604 3726 decernant:
1652 3658 1735 3725 ad
1780 3671 2073 3728 senatum
2106 3661 2331 3728 litteras
2360 3662 2487 3714 111181·

494 3749 681 3818 erede
724 3749 915 3830 mihi,
964 3751 1086 3818 nisi
1132 3752 1256 3820 ista
1291 3753 1509 3818 omnia
1551 3754 1643 3819 ita
1684 3754 1879 3834 fiunt,
1932 3778 2124 3843 quem
2157 3753 2237 3822 ad
2274 3740 2487 3816 modum

491 3843 730 3920 scribe,
765 3866 1074 3930 magnum
1106 3868 1223 3913 nos
1260 3847 1471 3914 omnis
1504 3847 1787 3916 adituros
1822 3849 2191 3936 perieulum,
2254 3856 2390 3925 1080
2418 3839 2483 3900 ἴθ’

489 3935 729 4012 videte,
783 3938 1016 4022 quibus
1069 3940 1435 4010 hominibus
1486 3943 1815 4030 negotium
1867 3945 2059 4023 detis,
2124 3939 2229 4028 qui
2284 3931 2355 3999 ad
2402 3938 2483 3988 ΨΘ

486 4027 771 4112 legiones
807 4031 1156 4100 adducantz
1195 4048 1260 4105 et
1291 4037 1611 4124 fide-opus
1635 4047 1733 4106 est
1766 4049 1831 4104 et
1864 4039 2194 4108 eeleritate.
2242 4052 2320 4096 111·
2343 4018 2477 4088 Nm·

487 4123 633 4186 Iun.
671 4145 752 4190 ex
787 4129 1030 4195 eastris.
2096 4164 2106 4172 -
