2675 4559
597 275 1146 342 EPISTOLARUM
1180 277 1340 336 VIII.
1379 280 1547 334 1—3.
1972 270 2097 337 173

106 402 228 466 alios
268 401 485 487 putas?
534 400 918 468 clamoribus
971 400 1214 467 scilicet
1266 402 1560 468 maximis
1612 402 1853 471 iudices
1905 406 2100 471 corri-

103 507 330 580 puerunt
353 507 414 561 et
440 495 853 561 ostenderunt
886 495 1076 581 plane
1103 516 1265 571 esse,
1299 495 1475 579 quod
1510 496 1663 564 ferri
1688 520 1818 564 non
1850 510 2096 585 posset3

101 590 271 673 itaque
299 589 552 656 relictus
585 589 717 675 legi
743 588 1034 658 Liciniae
1067 591 1138 656 in
1169 588 1411 655 maiore
1438 612 1579 657 esse
1611 592 1894 678 periculo
1921 591 2100 658 vide-

101 696 190 747 tur.
263 682 523 750 accessit
572 681 702 749 huc
751 683 926 767 quod
975 682 1283 769 postridie
1329 684 1469 751 eius
1521 685 1984 754 absolutionem
2029 686 2099 751 in

99 775 360 846 theatrum
379 774 683 845 Curionis
709 778 1092 844 Hortensius
1125 777 1388 856 introiit,
1422 790 1580 865 puto
1606 790 1681 845 ut
1714 802 1902 845 suum
1934 802 2097 866 gau-

100 870 234 935 dium
262 871 705 957 gauderemus.
793 872 899 937 hic
931 871 1050 937 tibi

147 1007 429 1092 strepitus,
444 1007 763 1085 fremitus,
783 1007 1021 1073 clamor
1039 1008 1391 1073 tonitruum
1409 1020 1473 1075 et
1489 1006 1832 1075 rudentum
1851 1008 2095 1074 sibilus.

99 1149 185 1214 hoc
203 1152 390 1237 magis
421 1152 944 1222 animadversum
971 1164 1089 1231 est,
1124 1153 1300 1238 quod
1323 1153 1601 1220 intactus
1630 1152 1713 1217 ab
1741 1152 1927 1218 sibilo
1952 1174 2098 1239 per-

103 1256 304 1309 venerat
328 1247 720 1313 Hortensius
754 1246 840 1312 ad
875 1256 1267 1314 senectutem
1274 1271 1295 1325 3
1331 1247 1449 1314 sed
1481 1257 1621 1313 tum
1645 1257 1778 1313 tam
1812 1247 1997 1324 bene,
2024 1264 2098 1312 ut

101 1336 145 1398 in
177 1350 346 1405 totam
389 1341 595 1408 vitam
632 1340 835 1407 cuivis
882 1340 1035 1408 satis
1071 1353 1240 1408 esset
1282 1353 1345 1410 et
1389 1342 1741 1429 paeniteret
1776 1363 1923 1408 eum
1965 1341 2097 1406 iam

101 1430 291 1500 vicisse.
371 1436 454 1501 de
497 1460 574 1505 re
616 1436 877 1523 publiea
918 1436 1094 1520 quod
1134 1437 1252 1504 tibi
1295 1437 1604 1515 scribam,
1652 1436 1812 1503 nihil
1855 1436 2092 1503 habeo:

99 1522 334 1595 Marcelli
373 1530 658 1617 impetus
703 1531 1103 1607 resederunt,
1158 1552 1289 1597 non
1321 1531 1579 1608 inertia,
1631 1531 1775 1607 sed,
1830 1540 1904 1597 ut
1936 1531 2095 1597 mihi

102 1618 391 1701 videbatur,
426 1623 717 1692 consilio.
783 1626 864 1694 de
900 1625 1170 1691 comitiis
1205 1624 1645 1691 consularibus
1678 1624 2097 1690 incertissima

103 1725 168 1776 est
201 1718 583 1787 existimatio.
683 1742 805 1807 ego
850 1720 1046 1786 incidi
1089 1719 1158 1786 in
1201 1718 1659 1805 conpetitorem
1708 1717 1990 1784 nobilem
2034 1730 2098 1783 et

102 1806 320 1877 nobilem
351 1827 681 1900 agentem3
723 1838 878 1881 nam
910 1815 1011 1879 M.
1049 1811 1364 1879 Octavius
1400 1809 1523 1877 Cn.
1560 1811 1607 1877 f.
1645 1821 1709 1878 et
1745 1808 1825 1877 G.
1862 1812 2096 1876 Hirrus

103 1921 296 1969 mecum
325 1910 500 1993 petit.
592 1909 717 1975 hoc
750 1909 898 1975 ideo
933 1908 1179 1993 scripsi,
1214 1906 1390 1992 quod
1422 1906 1554 1973 scio
1588 1918 1652 1972 te
1686 1906 1914 1972 acriter
1945 1927 2095 1992 pro-

102 2004 203 2075 Ρῖθῑ
228 1998 477 2068 Hirrum
520 2004 824 2071 nuntium
865 2014 1227 2071 nostrorum
1261 2001 1659 2067 comitiorum
1694 2010 2095 2087 exspectatu-

104 2106 221 2153 rum·
270 2103 334 2159 tu
365 2106 584 2164 tamen
621 2097 812 2163 simul
846 2117 923 2162 ac
957 2119 1062 2162 me
1098 2096 1504 2181 designatum
1538 2094 1836 2171 audieris,
1872 2104 1945 2159 ut
1977 2092 2095 2158 tibi

106 2197 246 2249 curae
272 2186 364 2263 sit,
397 2192 578 2273 quod
615 2194 701 2257 ad
730 2190 1074 2277 pantheras
1111 2190 1355 2267 attinet,
1390 2210 1569 2275 rogo.
1658 2186 2094 2275 syngrapham

106 2268 376 2346 Sittianam
419 2284 542 2350 tibi
588 2286 986 2354 commendo.
1075 2284 1603 2358 commentarium
1644 2306 1860 2350 rerum
1903 2281 2096 2347 urba-

103 2385 270 2436 narum
313 2378 598 2461 primum
641 2379 790 2445 dedi
833 2380 917 2445 L.
957 2377 1277 2445 Castrinio
1325 2379 1563 2456 Paeto,
1618 2378 1969 2444 secundum
2013 2378 2093 2455 ei,

107 2460 182 2539 ‘lui
206 2462 301 2532 has
332 2470 580 2539 litteras
616 2473 732 2563 tibi
769 2472 964 2538 dedit.

1015 2622 1121 2677 III.

523 2723 638 2779 Scr.
657 2724 872 2779 Romae
890 2742 1081 2779 mense
1099 2725 1260 2780 Iunio
1281 2741 1333 2778 a.
1352 2740 1408 2777 u.
1428 2740 1477 2778 c.
1496 2723 1616 2777 703.

603 2825 934 2883 CAELIUS
971 2824 1332 2883 CICERONI
1368 2823 1532 2881 SAL.

199 2928 404 3005 Estne?
437 2942 608 3010 vici?
643 2952 708 3007 et
733 2941 852 3006 tibi
884 2962 1098 3027 saepe,
1133 2940 1309 3025 quod
1342 2961 1435 3005 me
1461 2960 1734 3025 negaras
1760 2936 2094 3004 discedens

117 3035 406 3100 Ouraturum
440 3035 649 3125 [tibi],
682 3036 927 3103 litteras
960 3035 1179 3101 mitto?
1222 3046 1351 3111 est,
1387 3035 1442 3099 si
1476 3033 1739 3118 quidem
1762 3033 2095 3121 perferun-

113 3119 204 3191 tur,
245 3142 385 3206 quas
427 3132 535 3197 do.
623 3141 819 3214 atque
871 3130 995 3195 hoc
1041 3151 1118 3196 eo
1172 3126 1540 3213 diligentius
1592 3126 1847 3204 factito,
1900 3127 2093 3210 quod,

116 3221 217 3272 cum
239 3218 454 3290 otiosus
483 3247 652 3303 sum,
685 3224 896 3310 plane,
932 3222 1046 3289 ubi
1073 3222 1385 3288 delectem
1412 3219 1677 3285 otiolum
1703 3240 1939 3294 meum,
1964 3239 2095 3283 non

115 3291 280 3402 h{²b‘20·
358 3327 425 3381 tu
453 3340 611 3384 cum
644 3318 892 3385 Romae
926 3339 1096 3393 eras,
1132 3315 1256 3381 hoc
1288 3312 1448 3381 mihi
1482 3321 1726 3379 certum
1760 3332 1836 3377 ac
1869 3312 2097 3378 iucun-

119 3385 376 3472 desimam
415 3412 671 3479 vacanti
720 3412 1053 3497 negotium
1098 3420 1263 3486 erat,
1315 3419 1532 3474 tecum
1575 3405 1645 3471 id
1685 3404 1802 3471 otii
1842 3416 2096 3490 tempus

119 3499 442 3583 ⁰⁰¹1⁸¹1mere3
487 3506 685 3591 idque
720 3528 849 3573 non
884 3505 1288 3573 mediocriter
1321 3502 1636 3577 desidero,
1654 3510 1746 3568 ut
1777 3498 1934 3569 mihi
1966 3518 2097 3563 non

119 3581 256 3648 ”¹0³0
283 3613 379 3679 eqo
411 3600 584 3667 solus
619 3623 790 3678 esse,
836 3600 951 3667 sed
984 3600 1232 3668 Romae
1267 3609 1332 3665 te
1366 3595 1655 3683 profecto
1691 3592 1967 3663 solitudo
2002 3592 2098 3657 vi-

122 3662 285 3745 fleatur
320 3686 483 3758 faeta
490 3718 509 3771 3
555 3705 618 3762 et
666 3694 808 3782 qui,
853 3715 1019 3779 quae
1053 3714 1198 3762 mea
1239 3688 1650 3778 neglegentia
1682 3698 1810 3764 est,
1862 3686 2097 3752 multos

122 3778 260 3872 QPQ
288 3778 409 3851 dies
450 3788 534 3858 ad
576 3799 672 3867 te,
726 3810 876 3859 cum
916 3787 1022 3855 hic
1057 3810 1228 3864 eras,
1283 3799 1415 3854 non
1460 3783 1873 3858 accedebam,
1926 3799 2097 3845 nunc

123 3862 293 3958 “Juffie
320 3897 439 3947 non
479 3904 620 3950 esse
655 3892 752 3959 te,
795 3881 880 3947 ad
913 3903 1106 3966 quem
1141 3881 1475 3957 cursitem,
1510 3876 1877 3946 discrucior.
1962 3895 2098 3939 ma-

123 3962 246 4020 ¹¹¹¹¹0
263 3983 419 4050 Vero»
440 3987 513 4046 ut
537 3988 602 4042 te
627 3976 765 4044 dies
790 3976 1124 4060 noctisque
1153 3996 1478 4059 quaeram,
1497 3970 1851 4057 conpetitor
1865 3968 2099 4035 Hirrus

128 4055 273 4119 ‘'um-
345 4086 464 4152 quo
504 4072 699 4139 modo
732 4071 913 4143 illum
955 4082 1144 4158 putas
1190 4078 1545 4155 auguratus
1585 4078 1770 4136 tuum
1812 4062 2095 4149 conpeti-
