2675 4559
661 264 1223 335 ,sms'mLARUM
1256 246 1419 325 v'm.
1455 269 1611 323 4—6.
2044 256 2174 323 177

149 391 239 475 qui
269 414 382 457 sua
413 411 608 457 causa
638 412 772 457 rem
807 390 1134 476 publicam
1169 412 1300 486 non
1335 402 1590 470 curent,
1622 401 1905 479 sperent,
1938 414 2069 459 non
2104 402 2169 459 te

147 485 300 551 fallit.

400 592 410 595 ’
1083 634 1187 691 VI.

627 735 744 793 Ser.
763 754 956 795 mense
973 737 1286 793 Februario
1305 755 1359 793 a.
1379 757 1433 793 u.
1456 756 1503 795 c.
1526 698 1644 795 704}

672 838 1004 899 CAELIUS
1041 839 1406 900 CICERONI
1441 840 1607 899 SAL.

245 952 384 1020 Non
418 953 644 1021 dubito
678 956 836 1038 quin
869 954 1186 1043 perlatum
1221 956 1306 1021 ad
1340 966 1404 1022 te
1440 956 1543 1032 sit,
1578 957 1870 1043 Appium
1898 981 1937 1023 a
1962 956 2164 1025 Dola-
2200 982 2224 1022 1

143 1046 280 1111 bella
298 1070 478 1114 reum
506 1047 774 1126 factum,
803 1070 958 1115 sane
976 1070 1170 1133 quam
1201 1070 1332 1116 non
1352 1072 1449 1126 ea,
1477 1071 1607 1134 qua
1634 1052 2165 1129 existimaveram,

143 1140 371 1206 invidia:
405 1162 624 1228 neque
660 1144 830 1207 enim
865 1143 1059 1209 stulte
1086 1144 1345 1229 Appius
1356 1167 1375 1221 3
1412 1145 1544 1229 qui,
1580 1144 1771 1211 simul
1806 1157 1999 1229 atque
2024 1144 2165 1209 Do-

143 1232 336 1301 labella
367 1237 640 1319 accessit
669 1236 754 1302 ad
787 1236 1086 1314 tribunal,
1121 1237 1450 1305 introierat
1482 1237 1549 1302 in
1573 1238 1801 1305 urbem
1828 1238 2165 1325 triumphi-

144 1348 240 1410 que
267 1330 760 1415 postulationem
795 1330 1134 1410 abiecerat,
1170 1353 1298 1417 quo
1330 1332 1506 1399 facto
1539 1334 1804 1399 rettudit
1838 1356 2161 1401 sermones

141 1423 501 1509 paratiorque
529 1424 710 1491 visus
741 1436 856 1503 est,
882 1446 1078 1510 quam
1106 1437 1475 1512 speraverat
1502 1439 1855 1495 accusator.
1906 1428 1964 1493 is
1990 1450 2163 1495 nunc

140 1514 188 1579 in
217 1526 271 1582 te
299 1519 650 1586 maximam
685 1542 866 1605 spem
899 1519 1113 1585 habet.
1167 1520 1300 1584 scio
1334 1518 1453 1584 tibi
1481 1543 1629 1586 eum
1656 1543 1787 1587 non
1814 1544 1954 1587 esse
1982 1521 2159 1587 odioz

141 1628 298 1690 quam
327 1612 484 1679 velis
537 1634 690 1679 eum
725 1613 1040 1699 obligare,
1091 1613 1160 1677 in
1195 1623 1308 1677 tua
1344 1635 1539 1679 manu
1576 1624 1705 1691 est3
1758 1636 1907 1679 cum
1941 1636 2069 1698 quo
2105 1617 2163 1679 si

141 1703 382 1773 simultas
425 1708 554 1775 tibi
595 1730 726 1775 non
769 1708 1026 1785 fuisset,
1077 1706 1343 1773 liberius
1388 1707 1509 1773 tibi
1553 1707 1635 1772 de
1678 1717 1815 1772 tota
1856 1729 1928 1773 re
1971 1717 2157 1773 esset.

139 1817 301 1877 nunc,
332 1801 384 1866 si
419 1801 504 1868 ad
546 1800 724 1869 illam
759 1822 1076 1869 summam
1111 1800 1448 1866 veritatem
1481 1800 1841 1885 legitimum
1873 1800 1975 1865 ius
2010 1821 2161 1865 exe-

140 1890 290 1971 geris,
323 1894 686 1961 cavendum
715 1896 831 1960 tibi
861 1896 978 1961 erit
1013 1916 1095 1959 ne
1130 1916 1359 1980 parum
1390 1894 1761 1980 simpliciter
1797 1904 1861 1959 et
1888 1893 2159 1959 candide

141 1986 455 2069 deposuisse
509 1989 883 2055 inimicitias
935 1988 1232 2054 videaris.
1337 1988 1407 2055 in
1458 1988 1625 2055 hanc
1676 1998 1924 2075 partem
1968 2010 2159 2073 porro

66 2076 69 2165 3
142 2086 308 2145 tutum
345 2082 458 2167 tibi
503 2083 662 2161 erit,
699 2084 753 2147 si
789 2082 945 2167 quid
980 2082 1286 2160 volueris,
1331 2082 1679 2167 gratificari
1688 2108 1709 2161 3
1762 2103 1951 2148 nemo
1988 2080 2159 2147 enim

66 2174 68 2181 '
139 2174 564 2242 necessitudine
608 2188 674 2242 et
727 2175 1007 2242 amicitia
1058 2186 1122 2241 te
1167 2175 1538 2243 deterritum
1583 2177 1668 2241 ab
1710 2175 1924 2241 officio
1968 2175 2155 2240 dicet.

68 2310 71 2315 -
141 2260 262 2330 illud
289 2268 436 2335 mihi
471 2270 784 2347 occurrit,
830 2270 1007 2354 quod
1051 2270 1217 2336 inter
1250 2270 1748 2356 postulationem
1783 2281 1849 2336 et
1880 2269 2155 2336 nominis

142 2353 472 2429 delationem
507 2386 682 2431 uxor
715 2387 756 2428 a
789 2362 1136 2430 Dolabella.
1169 2364 1478 2430 discessit.
1561 2364 1717 2451 quid
1758 2364 1917 2430 mihi
1950 2364 2156 2430 disce—
2190 2388 2219 2427 a

145 2448 263 2519 dens
291 2458 644 2536 mandaris,
679 2457 972 2536 memini3
1007 2458 1164 2543 quid
1197 2480 1320 2545 ego
1356 2458 1475 2525 tibi
1510 2459 1889 2544 scripserim,
1926 2470 1991 2524 te
2024 2479 2157 2523 non

144 2544 363 2616 arbitror
409 2552 707 2620 oblitum.
795 2573 925 2618 non
977 2563 1075 2618 est
1125 2552 1254 2618 iam
1305 2563 1561 2638 tempus
1604 2553 1795 2639 plura
1834 2551 2155 2617 narrandi.

145 2656 298 2707 unum
329 2645 484 2713 illud
523 2667 784 2713 monere
809 2655 874 2712 te
908 2666 1201 2732 possum:
1236 2646 1292 2711 si
1324 2668 1429 2712 res
1466 2645 1584 2711 tibi
1618 2667 1748 2710 non
1776 2644 2154 2730 displicebit,

144 2740 314 2802 tamen
351 2738 472 2807 hoc
531 2750 818 2827 tempore
867 2739 1028 2805 nihil
1079 2740 1164 2806 de
1216 2750 1330 2805 tua
1371 2738 1699 2812 voluntate
1742 2738 2044 2802 ostendas⁴
2094 2748 2161 2801 et

147 2842 442 2928 exspectes,
481 2825 682 2920 quem
718 2834 801 2901 ad
839 2834 1104 2899 modum
1133 2844 1319 2900 exeat
1346 2854 1429 2897 ex
1462 2832 1584 2899 hac
1620 2854 1843 2909 causa3
1880 2830 2158 2915 denique

147 2922 476 2995 mvidiosum
517 2929 637 2995 tibi
671 2928 773 3007 sit,
811 2928 866 2993 si
901 2927 1237 3003 emanarit3
1273 2947 1488 3015 por-rc,
1523 2931 1578 2993 si
1613 2926 1993 3014 significat-io
2026 2926 2159 2991 ulla

72 3082 74 3105 ;
149 3007 556 3100 intercesserit,
619 3022 881 3099 clarinS,
943 3042 1142 3106 quam
1195 3020 1421 3087 deceat
1473 3033 1587 3087 aut
1638 3022 1964 3109 expediat,
2024 3021 2156 3088 fiat.

72 3110 75 3189 ἶ
149 3125 314 3193 neque
349 3116 456 3184 ille
501 3131 718 3184 tacere
753 3138 898 3183 eam
942 3137 1080 3183 rem
1121 3116 1355 3203 poterit
1369 3162 1388 3192 ,
1434 3136 1601 3198 quae
1646 3138 1801 3180 suae
1846 3115 1985 3199 spei
2025 3122 2159 3181 tani

72 3204 75 3209 ’
150 3218 457 3288 Opportuna
490 3212 795 3279 acciderit
827 3229 1124 3294 quaeque
1158 3209 1227 3273 in
1259 3209 1523 3293 negotio
1550 3207 1944 3275 conficiendo
1980 3217 2159 3271 tanto

149 3290 420 3371 inlustrior
453 3307 605 3383 erit3
642 3328 792 3372 cum
823 3303 1203 3391 praesertim
1235 3303 1290 3368 is
1323 3302 1429 3379 sit,
1464 3302 1605 3385 qui,
1643 3301 1698 3365 si
1732 3299 2160 3386 perniciosum

153 3388 300 3459 sciret
343 3420 480 3467 esse
531 3400 712 3485 loqui
765 3400 846 3465 de
899 3399 1022 3464 hac
1071 3420 1170 3474 re,
1231 3396 1343 3461 vix
1395 3407 1611 3461 tamen
1664 3416 1734 3460 se
1786 3392 2157 3459 contineret.

151 3476 448 3575 Pompeius
499 3494 736 3561 dicitur
786 3492 973 3560 valde
1022 3512 1144 3579 pro
1195 3490 1417 3577 Appio
1466 3488 1789 3566 laborare,
1840 3497 1915 3553 ut
1966 3485 2161 3551 etiam
2194 3506 2221 3547 s

153 3588 334 3655 putent
364 3588 632 3657 alterum
663 3599 883 3653 utrum
919 3586 999 3653 de
1041 3585 1188 3651 filiis
1225 3585 1310 3651 ad
1355 3595 1419 3649 te
1453 3584 1817 3649 missurum.
1905 3580 2011 3646 hic
2042 3600 2163 3644 nos

76 3744 78 3747 ,
155 3674 317 3773 §mnis
348 3682 762 3761 absolvimus3
809 3693 870 3749 et
915 3681 1208 3748 hercules
1243 3690 1591 3766 consaepta
1624 3677 1839 3743 omnia
1872 3674 2065 3741 foeda
2097 3684 2164 3738 et

155 3764 442 3843 mhonesta
489 3788 658 3845 sunt.
757 3776 1050 3845 consules
1097 3785 1320 3856 autem,
1358 3772 1673 3839 habemus
1726 3792 1979 3838 summa
2022 3767 2165 3833 dili-

157 3864 360 3947 gentia3
409 3873 618 3940 adhuc
670 3883 928 3941 senatus
973 3871 1336 3938 consultum
1386 3867 1511 3933 nisi
1557 3868 1637 3933 de
1688 3865 1866 3931 feriis
1910 3861 2165 3927 Latinis

158 3954 363 4025 nullum
393 3964 600 4033 facere
634 3975 1002 4053 potuerunt.
1057 3961 1327 4030 Curioni
1362 3973 1581 4027 nostro
1616 3958 1976 4024 tribunatus
2012 3977 2165 4022 con-

163 4042 370 4190 glagiat.
421 4061 532 4127 sed
557 4061 684 4128 dici
709 4080 838 4127 non
865 4069 1094 4147 potest,
1131 4077 1258 4142 quo
1285 4054 1477 4123 modo
1506 4054 1611 4122 hic
1638 4052 1854 4207 omn2ia
1887 4051 2163 4119 iaceant:
2200 4071 2227 4110 4

267 4152 432 4203 ion-onis
450 4163 526 4207 vol.
544 4162 615 4207 lx.
1740 4153 1771 4207 1
