2675 4559
555 196 682 262 160
899 218 902 222 ·
1170 210 1247 263 M.
1285 208 1561 296 'runnu
1594 209 1996 269 memoras

547 357 627 401 ex
668 334 846 401 libris
890 331 1192 419 cognosci
1234 332 1485 419 potest?
1537 332 1648 416 qui
1692 354 2091 418 quamquam
2135 334 2379 419 plurimi
2408 348 2539 413 sunt,

551 433 870 494 duetorem
916 438 1134 493 tamen
1178 448 1495 510 usumque
1542 425 1932 497 desiderant:
1987 448 2362 511 quamquam
2409 441 2467 493 tu
2506 432 2544 493 si

551 534 785 589 attente
828 523 1032 607 leges,
1087 521 1142 587 si
1185 522 1471 607 saepius,
1524 542 1639 606 per
1682 532 1745 586 te
1790 521 2006 586 omnia
2050 543 2445 605 consequere,
2486 536 2540 587 ut

551 630 717 683 certe
767 616 1128 702 intellegas3
1184 627 1256 679 ut
1306 638 1460 681 vero
1506 615 1698 681 etiam
1754 616 1879 702 ipsi
1930 616 2049 681 tibi
2099 614 2224 682 loci
2272 617 2542 702 proposita

547 710 916 793 quaestione
953 720 1325 787 occurrant,
1381 709 1833 775 exercitatione
1878 730 2291 794 consequere,
2337 710 2402 774 in
2444 731 2541 792 qua

547 829 583 889 q
595 805 805 870 uidem
855 826 972 870 nos
1025 815 1088 869 te
1133 804 1631 880 continebimus,
1687 803 1741 869 si
1794 815 1858 869 et
1912 804 2070 870 salvi
2116 804 2460 872 redierimus
2494 814 2540 867 et

551 901 724 965 salva
755 900 879 964 ista
913 897 1387 964 offenderimus.
1475 921 1535 963 v.
1569 898 1725 964 Kal.
1765 896 1990 964 Sextil.
2027 899 2255 985 Regio·

1500 1048 1632 1102 XX.

930 1150 1045 1206 Scr.
1067 1152 1266 1206 Veliae
1283 1152 1445 1205 XIII.
1466 1151 1599 1206 Kal.
1623 1151 1858 1233 Sextiles
1879 1170 1930 1207 a.
1949 1170 2005 1205 u.
2025 1168 2074 1207 c.
2096 1152 2214 1206 710.

1118 1251 1393 1307 CICERO
1432 1252 1827 1309 TREBATIO
1868 1253 2033 1310 SAL.

671 1366 1032 1433 Amabilior
1065 1366 1222 1430 mihi
1250 1366 1442 1433 Velia
1470 1366 1615 1444 fuit,
1650 1369 1828 1451 quod
1861 1380 1924 1435 te
1952 1369 2037 1433 ab
2067 1392 2145 1434 ea
2172 1368 2335 1435 sensi
2361 1365 2537 1433 amari:

547 1461 659 1525 sed
692 1461 846 1545 quid
883 1483 1005 1547 ego
1033 1460 1241 1526 dicam
1276 1472 1361 1537 te,
1399 1484 1590 1545 quem
1626 1464 1770 1547 quis
1805 1486 1935 1528 non
1969 1464 2184 1529 amat?
2217 1462 2412 1538 Rufio,
2441 1483 2539 1524 me-

547 1557 684 1621 dius
729 1556 947 1632 fidius,
1001 1567 1150 1621 tuus
1201 1556 1294 1621 ita
1333 1555 1850 1634 desiderabatur,
1902 1569 1975 1623 ut
2029 1557 2085 1622 si
2139 1568 2301 1623 esset
2340 1577 2480 1620 unus
2514 1575 2538 1616 e

547 1653 745 1715 uubis.
836 1651 950 1716 sed
985 1662 1048 1716 te
1093 1672 1215 1736 ego
1250 1673 1381 1716 non
1424 1651 1849 1736 reprehendo,
1896 1652 2007 1736 qui
2042 1652 2230 1729 illum¹
2259 1652 2339 1715 ad
2369 1648 2539 1713 aedifi-

547 1749 856 1812 r-ationem
897 1758 1077 1812 tuam
1130 1744 1515 1811 traduxeris:
1572 1768 1962 1830 quamquam
2008 1747 2181 1812 enim
2226 1746 2402 1813 Velia
2442 1762 2537 1805 non
2603 1831 2604 1836 η

543 1857 639 1901 esf:
675 1840 856 1905 vilior
898 1862 1092 1923 quam
1127 1840 1480 1924 Lupercal,
1524 1850 1738 1907 tamen
1782 1841 1947 1905 istuc
1969 1842 2163 1912 ‚malo
2198 1863 2380 1925 quam
2417 1836 2536 1900 haec
2602 1882 2605 1928 1

543 1935 774 1997 omnia.
860 1944 962 2009 tu,
1000 1933 1055 1997 si
1087 1956 1192 1997 me
1228 1934 1479 2010 audies,
1517 1955 1709 2017 quem
1744 1935 1929 2011 soles,
1963 1934 2083 1999 has
2118 1948 2398 2021 paternas
2428 1950 2537 2016 pos-
2602 1984 2604 2020 1

543 2029 853 2093 sessiones
890 2026 1134 2090 tenebis
1153 2061 1241 2072 --
1266 2027 1483 2092 nescio
1517 2028 1675 2110 quid
1710 2027 1881 2094 enim
1915 2028 2249 2096 Velienses
2283 2025 2535 2093 vereban-
2599 2076 2605 2115 ἦ

543 2141 643 2181 tur
679 2154 789 2195 -,
833 2141 1042 2201 neque
1077 2119 1411 2197 Haletem,
1455 2121 1736 2188 nobilem
1780 2144 2031 2188 amnem
2045 2167 2065 2200 ‚
2118 2123 2418 2205 relinques
2446 2134 2534 2179 nec
2602 2170 2605 2207 ἶ

539 2213 948 2297 Papirianam
966 2213 1229 2277 domum
1249 2214 1531 2280 deseres:
1561 2237 1957 2299 quamquam
1983 2215 2097 2282 illa
2109 2216 2361 2301 quidem
2386 2211 2535 2277 habet
2603 2278 2604 2302 ἶ

539 2309 767 2385 lutum,
813 2330 853 2372 a
889 2328 1015 2390 quo
1054 2308 1245 2372 etiam
1292 2308 1578 2374 advenae
1613 2311 1816 2375 teneri
1862 2311 2067 2376 solent
2078 2337 2097 2389 ;
2152 2334 2337 2396 quem
2366 2320 2533 2373 tamen
2599 2335 2605 2394 'j

479 2429 499 2461 2·
543 2405 587 2465 si
631 2402 964 2478 excideris,
1009 2401 1284 2467 multum
1329 2404 1751 2491 prospexeris.
1841 2406 1954 2469 sed
1998 2406 2064 2469 in
2103 2406 2317 2492 primis
2349 2420 2534 2487 oppor-
2599 2434 2605 2489 {2

539 2513 763 2561 timum
807 2496 1090 2574 videtur,
1143 2495 1242 2562 his
1278 2497 1648 2583 praesertim
1696 2499 2123 2583 temporibus,
2178 2500 2399 2564 habere
2426 2514 2535 2579 per·

539 2593 817 2677 fugiam,
852 2591 1131 2676 primum
1166 2613 1386 2656 eorum
1420 2592 1675 2669 urbem,
1712 2593 1945 2675 quibus
1981 2616 2171 2658 carus
2206 2594 2319 2671 sis,
2351 2584 2534 2655 deinde
2597 2614 2602 2673 ᾗ

539 2701 712 2749 tuam
776 2686 1037 2749 domum
1100 2696 1372 2769 tuosque
1434 2708 1654 2771 agros,
1720 2709 1922 2770 eaque
1982 2700 2257 2764 remot0,
2325 2678 2534 2751 salubri,

539 2801 801 2845 :miseno
853 2781 1024 2857 loco;
1086 2780 1281 2863 idque
1335 2780 1525 2845 etiam
1580 2802 1725 2845 mea
1775 2781 2106 2860 interesse,
2158 2782 2245 2846 mi
2297 2771 2531 2845 Trebati,
2603 2793 2604 2801 ¹

539 2873 824 2937 arbitror.
915 2874 1027 2938 sed
1062 2873 1304 2937 valebis
1340 2895 1613 2957 meaque
1645 2874 1905 2961 negotia
1938 2875 2188 2941 videbis
2224 2893 2432 2957 meque
2461 2865 2529 2929 dis

475 2989 495 3025 s
535 2965 898 3030 iuvantibus
935 2977 1080 3031 ante
1118 2967 1411 3031 brumam
1447 2969 1862 3055 exspectabis.
1934 2992 2055 3055 ego
2093 2995 2133 3035 a
2169 2969 2315 3036 Sex.
2348 2961 2529 3033 Fadio,
2602 2982 2605 3049 ι

539 3059 796 3125 Nic-«nnis
833 3061 1165 3147 discipu10,
1199 3062 1436 3126 librum
1471 3063 1704 3127 abstuli
1738 3069 2033 3141 Νίκωνος
2076 3064 2234 3148 περὶ
2276 3062 2531 3142 πολυφα·
2602 3130 2605 3140 ,

535 3161 695 3237 φίας.
769 3175 807 3219 o
841 3155 1160 3233 medicum
1197 3179 1459 3224 suavem
1494 3178 1726 3241 meque
1767 3158 2038 3226 docilem
2072 3160 2158 3231 ad
2192 3158 2353 3223 hanc
2383 3147 2530 3218 disci-
2599 3168 2604 3234 22

535 3249 798 3333 Jslinaml
853 3250 968 3316 sed
1011 3250 1257 3316 Bassus
1294 3264 1513 3317 noster
1556 3274 1659 3318 me
1706 3252 1786 3318 de
1832 3251 1955 3318 hoc
1996 3252 2163 3318 libro
2208 3247 2441 3323 celavit3
2483 3254 2528 3303 te

535 3369 571 3425 q
579 3369 617 3405 11
627 3345 790 3409 idem
825 3366 954 3409 non
981 3344 1250 3410 videtur.
1306 3358 1535 3411 ventus
1569 3346 1999 3413 increbrescit.
2053 3368 2207 3412 cura
2241 3355 2310 3410 ut
2337 3340 2527 3406 valeas.

535 3465 655 3501 3³:111.
694 3438 846 3501 Kal.
887 3436 1110 3503 Sextil.
1148 3438 1353 3505 Velia.

1467 3590 1627 3643 XXI.

914 3690 1028 3746 Scr.
1049 3692 1110 3744 in
1128 3691 1447 3748 Tusculano
1466 3664 1655 3748 mense
1675 3692 1834 3745 Iunio
1856 3709 1905 3746 a.
1926 3710 1981 3746 u.
2001 3710 2049 3747 c.
2072 3693 2188 3747 710.

1096 3792 1371 3849 CICERO
1409 3794 1800 3850 TREBATIO
1838 3794 2001 3850 SAL.

659 3905 798 3969 Silii
833 3928 1089 3972 causam
1134 3921 1197 3973 te
1234 3906 1451 3974 docui:
1497 3910 1554 3974 is
1597 3921 1818 3995 postea
1850 3909 1973 3975 fuit
2008 3908 2181 3996 apud
2213 3927 2329 3971 me.
2409 3915 2526 3962 cum

531 4001 583 4061 [τί
627 4001 896 4065 dicerem
931 4002 1046 4066 tibi
1082 4003 1282 4069 videri
1319 4004 1725 4089 sponsionem
1759 4004 1935 4070 illam
1968 4027 2085 4070 nos
2114 4003 2248 4067 sine
2278 3989 2526 4086 periculo
2602 3986 2604 4031 Τ
