2675 4559
505 234 635 302 268
1121 245 1197 298 Μ.
1237 241 1511 300 TULLII
1546 240 1945 300 CICERONIS

502 371 730 436 itinere
785 391 1020 447 essem,
1075 367 1440 432 nuntiatum
1484 364 1642 432 mihi
1685 375 1781 432 est
1826 389 1972 432 eum
2026 376 2355 431 mortuum
2402 389 2532 431 esse.

474 458 744 529 'recurri
795 463 880 528 ad
931 485 1108 528 meas
1162 462 1475 547 copiolas3
1530 461 1621 526 sic
1674 461 1844 526 enim
1889 482 2043 526 vere
2091 483 2203 526 eas
2249 459 2533 547 appellare

501 574 792 644 possum:
849 569 999 624 sunt
1043 557 1603 625 extenuatissimae
1650 567 1714 622 et
1760 555 1977 642 inopia
2021 557 2315 622 omnium
2354 577 2537 621 rerum

2616 456 2618 520 4

2616 535 2618 602 4

499 652 776 738 pessime
813 664 1134 738 acceptae.
1204 651 1402 717 biduo
1438 673 1542 715 me
1580 649 1903 715 Antonius
1938 650 2310 728 antecessit,
2342 649 2535 714 itinera

501 747 706 811 multo
753 747 1002 812 maiora
1049 747 1306 832 fugiens
1358 767 1555 831 quam
1599 766 1721 832 ego
1763 765 2074 829 sequens:
2133 745 2246 810 ille
2288 743 2445 809 enim
2480 743 2537 806 iit
2617 741 2618 824 f

501 841 772 925 passim,
817 861 942 927 ego
977 841 1334 907 ordinatim.
1421 858 1835 924 quacumque·
1864 839 1959 916 iit,
1996 837 2329 926 ergastula
2360 837 2531 912 solvit,

501 933 792 1000 homines
821 935 1118 1022 adripuit,
1155 933 1441 1000 constitit
1464 953 1783 1016 nusquam
1816 933 2015 1018 prius,
2054 955 2261 1017 quam
2286 931 2365 996 ad
2380 931 2536 997 Vada
2617 939 2618 962 ³

503 1027 708 1106 venit3
745 1050 942 1114 quem
973 1031 1187 1096 locum
1221 1029 1374 1094 volo
1407 1027 1526 1093 tibi
1560 1049 1701 1093 esse
1736 1037 1989 1095 notum:
2028 1028 2205 1092 iacet
2238 1027 2395 1092 inter
2422 1026 2534 1109 Ap-

503 1122 858 1208 penninum
905 1134 972 1188 et
1021 1123 1244 1209 Alpis,
1303 1121 1807 1208 inpeditissimus
1860 1123 1945 1186 ad
2003 1121 2133 1188 iter
2188 1118 2532 1187 faciendum.

506 1237 654 1282 cum
689 1217 980 1282 abessem
1013 1216 1097 1281 ab
1131 1239 1210 1282 eo
1243 1215 1423 1282 milia
1454 1237 1764 1302 passuum
1787 1239 1929 1280 xxx.
1960 1228 2025 1282 et
2060 1239 2135 1282 se
2164 1220 2220 1280 ei
2250 1216 2377 1281 iam
2391 1214 2533 1280 Ven-

503 1309 698 1376 tidius
734 1310 1197 1388 coniunxisset,
1245 1311 1459 1376 contio
1494 1310 1633 1376 eius
1670 1310 1753 1376 ad
1788 1333 1892 1376 me
1928 1321 2027 1377 est
2064 1311 2304 1387 adlata,
2336 1309 2400 1372 in
2430 1329 2529 1391 qua

501 1414 719 1488 petere
755 1403 965 1488 coepit
1000 1427 1040 1469 a
1074 1403 1415 1482 militibus,
1461 1416 1535 1470 ut
1570 1425 1643 1470 se
1676 1416 1853 1470 trans
1887 1405 2083 1491 Alpis
2122 1413 2507 1489 sequerentur
2514 1397 2533 1476 ξ

501 1496 626 1562 sibi
661 1518 809 1562 cum
841 1497 942 1564 M.
981 1497 1236 1584 Lepido
1270 1499 1633 1566 convenire.
1716 1500 2186 1566 succlamatum
2222 1509 2317 1564 est
2348 1496 2401 1562 ei
2431 1495 2528 1558 fre-

503 1601 772 1674 quenter
807 1614 847 1657 a
879 1591 1190 1658 militibus
1223 1593 1633 1659 Ventidianis
1648 1627 1739 1641 --
1764 1615 1917 1658 nam
1952 1615 2107 1658 suos
2144 1592 2333 1658 valde
2372 1609 2526 1674 quam

498 1705 742 1771 paucos
775 1685 976 1752 habet
1005 1721 1123 1765 -—,
1167 1687 1292 1752 sibi
1334 1699 1448 1752 aut
1488 1688 1556 1752 in
1591 1687 1783 1752 Italia
1822 1687 2231 1772 pereundum
2274 1705 2405 1752 esse
2442 1691 2525 1746 aut

500 1779 916 1859 vincendum3
963 1791 1030 1847 et
1071 1804 1254 1848 orare
1289 1793 1664 1869 coeperunt,
1710 1793 1783 1846 ut
1817 1781 2214 1863 Pollentiam
2246 1782 2362 1846 iter
2390 1777 2526 1842 face-

499 1885 661 1942 rent.
749 1898 900 1942 cum
943 1878 1258 1944 sustinere
1293 1897 1407 1943 eos
1448 1898 1579 1943 non
1611 1887 1857 1963 posset,
1910 1877 1979 1942 in
2024 1888 2352 1964 posterum
2392 1871 2524 1935 diem

501 1970 624 2036 iter
657 1993 848 2036 suum
881 1972 1168 2037 contulit.
1249 1973 1374 2038 hac
1406 1995 1479 2038 ro
1512 1971 1670 2036 mihi
1702 1971 1996 2037 nuntiata
2031 1972 2252 2037 statim
2285 1967 2521 2053 quinque

503 2064 782 2130 cohortis
826 2064 1215 2132 Pollentiam
1256 2066 1559 2152 praemisi
1611 2087 1957 2150 meumque
2006 2067 2137 2132 iter
2180 2087 2255 2132 eo
2298 2056 2517 2128 contuli:

501 2157 661 2222 hora
695 2170 844 2223 ante
877 2159 1271 2245 praesidium
1303 2178 1523 2227 meum
1556 2160 1941 2228 Pollentiam
1976 2161 2158 2227 venit
2190 2178 2376 2244 quam
2396 2152 2522 2216 Tre-

504 2251 732 2318 bellius
769 2274 913 2318 cum
953 2254 1296 2338 equitibus.
1389 2277 1543 2320 sane
1580 2262 1777 2339 quam
1816 2277 1959 2319 sum
1993 2255 2291 2340 gavisum
2338 2250 2398 2314 in
2425 2245 2517 2309 hoc
2617 2283 2619 2290 ·

503 2345 676 2412 emm
709 2344 1045 2426 victoriam
1079 2360 1240 2433 puto
1273 2348 1639 2414 consistere.
1708 2348 1777 2414 in
1813 2371 1993 2436 spem
2028 2356 2351 2422 venerant,
2383 2334 2519 2425 quod

501 2460 712 2522 neque
747 2439 982 2506 Planci
1015 2451 1320 2526 quattuor
1352 2442 1639 2528 legiones
1666 2443 1961 2509 omnibus
1998 2445 2135 2510 suis
2164 2439 2353 2528 copiis
2384 2430 2516 2522 paris

503 2532 981 2602 arbitrabantur
1031 2557 1248 2620 neque
1303 2559 1385 2602 ex
1436 2537 1629 2608 Italia
1688 2556 1822 2603 tam
1877 2539 2168 2606 celeriter
2218 2530 2517 2602 exercitum

501 2624 683 2694 traici
718 2651 908 2716 posse
943 2630 1309 2698 credebant.
1382 2653 1543 2716 quos
1586 2631 1707 2718 ipsi
1745 2633 1957 2700 adhuc
1990 2634 2148 2700 satis
2184 2631 2515 2712 adroganter

504 2723 892 2812 Allobroges
927 2727 1377 2812 equitatusque
1410 2729 1639 2806 omnis,
1674 2728 1784 2812 qui
1816 2750 1895 2794 eo
1931 2729 2315 2816 praemissus
2346 2727 2516 2787 erata

501 2819 715 2897 nobi&
771 2819 1199 2900 ⁸¹¹⁸fi¹²ebant2
1251 2833 1597 2908 nostroque
1642 2823 1924 2889 adventu
1966 2821 2266 2892 sustineri
2305 2810 2511 2881 facilius
2620 2869 2622 2906 s

499 2934 690 2997 posse
726 2913 1124 2981 confidimus.
1212 2926 1456 2994 tamen,
1502 2917 1557 2982 si
1600 2938 1729 3005 quo
1776 2918 1968 2984 etiam
2012 2940 2168 2984 casu
2200 2915 2424 2980 Isaram
2460 2921 2511 2964 se
2620 2911 2622 2942 ³

499 3006 890 3086 traiecerint,
927 3032 1009 3074 ne
1046 3011 1220 3094 quod
1256 3012 1706 3078 detrimentum
1740 3012 1835 3079 rei
1870 3011 2167 3100 publicae
2199 3007 2505 3087 iniungant,

503 3119 754 3166 summa
806 3124 846 3166 a
897 3101 1084 3168 nobis
1137 3103 1397 3170 dabitur
1448 3129 1660 3193 opera.
1750 3127 1865 3172 vos
1915 3128 2224 3193 magnum
2270 3096 2507 3165 animum

501 3194 934 3281 optimamque
971 3219 1152 3284 spem
1181 3199 1261 3266 de
1297 3223 1547 3266 summa
1581 3224 1649 3266 re
1684 3200 1944 3286 publica
1977 3200 2212 3266 habere
2238 3193 2501 3260 volumus,

501 3309 648 3353 eum
683 3300 748 3355 et
781 3311 900 3356 nos
936 3301 1001 3357 et
1035 3293 1352 3358 exercitus
1400 3305 1650 3360 nostros
1686 3295 1996 3381 singulari
2030 3286 2359 3359 concordia
2386 3295 2504 3344 0011‘

379 3404 386 3408 ·
499 3383 750 3449 iunctos
787 3385 868 3450 ad
906 3387 1120 3452 omnia
1151 3409 1269 3472 pro
1306 3388 1489 3452 vobis
1524 3389 1793 3456 videatis
1828 3399 2102 3474 paratos.
2189 3383 2298 3450 sed
2330 3387 2501 3442 tamen

499 3477 656 3542 nihil
691 3478 772 3544 de
807 3479 1142 3566 diligentia
1181 3481 1505 3553 remittere
1538 3481 1785 3548 debetis
1816 3483 2111 3566 dareque
2144 3491 2413 3566 operam,
2447 3469 2501 3524 ul

499 3593 696 3657 quam
745 3575 1130 3660 paratissimi
1179 3587 1246 3640 et
1295 3576 1382 3641 ab
1435 3577 1720 3643 exercitu
1758 3577 2151 3662 reliquisque
2191 3571 2369 3640 rebus
2408 3573 2499 3642 Ps⁰

499 3677 714 3732 vestra
757 3667 962 3734 salute
1005 3678 1228 3734 contra
1269 3670 1819 3737 sceleratissimam
1842 3669 2374 3758 conspirationem
2410 3651 2497 3715 ¹¹⁰⁶

501 3760 695 3826 stium
719 3762 1170 3849 confligamus;
1207 3765 1320 3850 qui
1348 3764 1607 3850 quidem
1638 3789 1747 3833 eas
1770 3767 2008 3853 copias,
2038 3785 2193 3852 quas
2212 3759 2314 3825 diu
2338 3750 2499 3848 ⁸5¹⁶?
2607 3808 2619 3837 ι

2609 3479 2622 3778 ι

497 3853 734 3921 latione
767 3856 862 3923 rei
895 3859 1189 3943 publicae
1225 3861 1705 3946 comparabant,
1742 3861 1954 3927 subito
1992 3861 2073 3926 ad
2096 3853 2332 3947 patriae
2362 3857 2492 3930 pen·
2605 3872 2622 3949 1

499 3951 716 4015 culum
751 3964 1217 4020 converterunt.

2603 3957 2621 4022 ι’
