2675 4559
679 283 1237 342 EPISTOLARUM
1272 287 1372 343 VI.
1410 287 1460 342 6.
1977 277 2102 344 127

124 409 487 497 superioribus
549 405 884 493 praedictis
948 405 1249 472 constitui
1308 409 1484 494 apud
1541 413 1606 475 te
1659 410 2102 479 auctoritatem

124 503 321 589 augurii
352 513 411 568 et
434 499 833 566 divinationis
862 521 1065 578 meae,
1104 500 1364 566 debebit
1392 502 1628 568 habere
1653 503 1849 569 fidem
1881 515 2101 570 nostra

124 595 423 681 praedictio.
524 616 653 659 non
702 591 899 678 igitur
950 617 1031 660 ex
1090 593 1259 660 alitis
1287 596 1598 672 ,involatu
1649 619 1768 662 nec
1819 620 1856 663 e
1908 609 2102 664 cantu
2167 631 2173 638 ·

120 690 316 753 sinistro
346 686 569 753 oscinis
580 733 601 764 ‚
632 699 711 752 ut
742 689 811 752 in
844 699 1061 752 nostra
1096 687 1434 774 disciplina
1467 700 1602 768 est,
1627 711 1748 756 nec
1783 714 1864 758 ex
1897 691 2101 778 tripu-

122 781 207 846 diis
242 780 539 846 solistimis
586 792 697 846 aut
742 781 1005 846 soniviis
1051 781 1169 846 tibi
1212 804 1524 868 auguror,
1577 783 1694 850 sed
1735 783 1942 850 habeo
1977 785 2104 850 alia

120 875 284 960 signa,
318 897 475 960 quae
516 875 881 952 observem3
927 896 1095 958 quae
1140 876 1262 942 etsi
1303 897 1435 942 non
1467 888 1620 941 sunt
1654 877 1923 960 certiora
1954 878 2100 954 illis,

122 968 278 1034 minus
307 979 509 1036 tamen
552 967 793 1034 habent
834 969 939 1033 vel
973 969 1374 1034 obscuritatis
1418 969 1524 1038 vel
1559 969 1808 1036 erroris.
1877 981 2105 1035 notan·
2137 996 2173 1038 s·

124 1075 195 1125 tur
232 1073 418 1128 autem
480 1062 639 1128 mihi
690 1062 775 1127 ad
826 1063 1244 1128 divinandum
1295 1063 1482 1149 signa
1533 1063 1772 1150 duplici
1825 1065 2102 1150 quadam
2209 1129 2215 1138 ,

124 1155 209 1232 via,
236 1177 482 1240 quarum
516 1158 785 1232 alteram
821 1157 987 1222 duco
1014 1180 1051 1222 e
1070 1155 1352 1223 Caesare
1385 1159 1548 1244 ipsc,
1584 1159 1848 1224 alteram
1876 1181 1913 1224 e
1941 1170 2102 1226 tem.-

124 1270 292 1332 porum
330 1251 607 1316 civilium
652 1262 885 1316 natura
926 1262 1121 1335 atque
1163 1253 1428 1318 ratione.
1515 1251 1584 1316 in
1621 1249 1902 1319 Caesare
1945 1253 2104 1318 haec

120 1354 247 1408 sunt:
291 1345 449 1410 mitis
494 1345 903 1428 clemensque
947 1356 1203 1423 natura,
1248 1346 1472 1430 qualis.
1501 1344 1877 1433 exprimitur
1919 1368 2104 1433 prae-

120 1439 243 1504 claro
264 1441 361 1506 illo
390 1442 553 1516 libro
572 1441 999 1524 Querelarum
1034 1452 1287 1506 tuarum
1298 1466 1320 1519 ;
1355 1441 1599 1508 accedit
1634 1443 1808 1526 quod
1841 1441 2105 1506 mirifice

122 1533 329 1618 ingeniis
358 1535 841 1613 excellentibus,
889 1535 1079 1618 quale
1112 1546 1211 1600 est
1244 1545 1460 1611 tuum,
1495 1533 1876 1613 delectatum
1919 1557 2105 1620 prae-

120 1638 245 1691 terea
272 1628 424 1694 cedit
456 1630 807 1694 multorum
838 1628 1022 1692 iustis
1058 1639 1125 1693 et
1157 1627 1372 1693 officio
1403 1627 1700 1704 incensis,
1735 1649 1866 1692 non
1899 1628 2105 1692 inani-

123 1720 207 1785 bus
231 1733 325 1788 aut
356 1723 729 1800 ambitiosis,
764 1722 1219 1800 voluntatibus,
1253 1720 1323 1787 in
1351 1743 1479 1805 quo
1509 1721 1922 1786 vehementer
1955 1743 2104 1786 eum

122 1817 445 1882 consentiens
498 1817 768 1882 Etruria
818 1816 1123 1881 movebit.
1236 1822 1382 1880 ‘cur
1433 1815 1593 1880 haec
1645 1815 1846 1900 igitur
1895 1813 2104 1878 adhuc
2137 1839 2164 1879 a

116 1928 284 1990 parum
311 1911 784 1997 profecerunt?
838 1911 991 1994 quia
1023 1899 1156 1975 non'
1196 1919 1381 1995 putat
1415 1931 1485 1974 se
1531 1909 1842 1974 sustinere
1878 1931 2104 1974 causas

118 2022 252 2083 posse
280 2005 651 2082 multorum,
702 2005 758 2070 si
792 2004 937 2081 tibi,
992 2004 1096 2068 cui
1130 2003 1360 2068 iustius
1393 2001 1646 2068 videtur
1678 2001 1864 2068 irasci
1898 2023 2103 2088 posse,

118 2099 444 2163 concesserit.
534 2107 553 2136 ‘
574 2119 739 2182 quae
792 2109 889 2162 est
938 2097 1161 2182 igitur’
1216 2096 1468 2180 inquies
1521 2104 1695 2182 ‘spes
1749 2095 1832 2160 ab
1875 2095 2102 2160 irato?’

117 2189 286 2253 eodem
324 2215 351 2256 e
398 2192 588 2258 fonte
642 2213 713 2256 se
766 2191 1141 2256 hausturum
1192 2189 1508 2275 intellegit
1557 2188 1781 2255 laudes
1833 2211 2013 2266 suas,
2067 2210 2102 2253 e

69 2287 71 2300 ²
118 2299 207 2361 quo
234 2283 299 2346 sit
329 2285 551 2352 leviter
592 2307 907 2370 aspersus.
958 2294 1281 2370 postremo
1314 2283 1512 2348 homo
1532 2283 1722 2348 valde
1747 2293 1844 2348 est
1877 2292 2104 2348 acutus

69 2379 71 2382 ’
121 2386 163 2436 et
198 2379 435 2444 multum
486 2379 868 2466 providens3
922 2376 1234 2464 intellegit
1284 2387 1380 2454 te,
1432 2377 1754 2442 hominem
1806 2376 1875 2441 in
1925 2387 2106 2463 parte

126 2466 287 2536 Italiae
314 2474 577 2539 minime
610 2471 1073 2540 contemnenda
1106 2471 1295 2536 facile
1322 2472 1606 2536 omnium
1640 2470 2104 2536 nobilissimum

118 2562 237 2628 etin
265 2567 579 2632 communi
619 2587 689 2632 re
723 2565 985 2652 publica
1018 2564 1221 2630 cuivis
1256 2587 1652 2630 summorum
1695 2574 1844 2629 tuae
1879 2563 2103 2630 aetatis

123 2657 190 2719 vel
224 2659 453 2745 ingenio
496 2659 609 2726 vel
660 2659 868 2746 gratia
907 2660 1012 2724 vel
1054 2659 1230 2723 fama
1274 2659 1496 2744 populi
1538 2657 1813 2723 Romani
1863 2679 2104 2742 parem,

124 2769 209 2812 non
242 2775 409 2838 posse
452 2753 782 2841 prohiberi
825 2776 895 2818 re
938 2752 1215 2839 publica·
1242 2752 1512 2829 diutius3
1565 2752 1738 2817 nolet
1780 2750 1903 2826 hoc
1943 2759 2105 2815 tem-

124 2845 246 2921 poris
272 2848 469 2930 potius
504 2869 651 2913 esse
695 2847 1035 2930 aliquando
1078 2845 1459 2912 beneficium
1494 2867 1689 2929 quam
1730 2845 1861 2910 iam
1895 2865 2102 2908 suum.

122 2933 216 3000 dlxi
258 2940 329 3005 de
370 2939 655 3010 Caesare
667 2963 686 3017 3
738 2960 913 3004 nunc
964 2939 1172 3004 dicam
1224 2939 1305 3004 de
1357 2950 1730 3024 temporum·
1766 2959 2106 3022 rerumque
2143 2960 2192 3000 ιο

122 3039 317 3096 natura:
364 3055 572 3101 nemo⁴
602 3043 697 3099 est
740 3044 871 3098 tam
914 3033 1209 3098 inimicus
1251 3033 1311 3097 ei
1355 3053 1618 3109 causae,
1673 3053 1868 3115 quam
1909 3031 2108 3097 Pom-

122 3120 255 3200 peius
284 3126 593 3192 animatus
626 3125 855 3192 melius
890 3147 1086 3210 quam
1120 3135 1380 3212 paratus
1417 3136 1810 3210 susceperat,
1845 3127 1958 3209 qui
1989 3147 2106 3189 nos

122 3215 271 3280 malos
301 3220 447 3284 civis
484 3219 697 3286 dicere
734 3231 847 3286 aut
880 3220 1169 3285 homines
1210 3219 1516 3305 inprobos
1551 3217 1805 3282 audeat.
1875 3217 1942 3281 in
1977 3237 2106 3302 quo

69 3343 71 3346 >
123 3307 359 3378 admirari
391 3314 567 3380 soleo
600 3313 985 3400 gravitatem
1018 3325 1083 3380 et
1114 3313 1420 3378 iustitiam
1447 3323 1512 3377 et
1546 3311 1922 3398 sapientiam
1941 3307 2108 3376 Cae-

124 3404 262 3482 saris3
306 3431 655 3494 numquam
708 3409 832 3473 nisi
883 3406 1514 3474 honorificentissime
1558 3405 1943 3491 Pompeium
1996 3425 2108 3487 ap-

126 3496 283 3575 pellat,
363 3509 457 3568 ‘at
490 3504 560 3568 in
594 3503 729 3568 eius
764 3523 1037 3588 persona
1071 3502 1275 3568 multa
1305 3501 1460 3566 fecit
1493 3497 1821 3585 asperius.'
1901 3517 2109 3562 armo-

125 3608 227 3653 rum
259 3593 370 3659 ista
410 3607 473 3662 et
519 3595 819 3661 victoriae
862 3607 1012 3660 sunt
1053 3595 1255 3672 facta,
1306 3616 1436 3659 non
1475 3591 1792 3660 Caesaris.
1880 3603 1948 3656 at
1991 3612 2107 3654 nos

124 3697 268 3760 quem
308 3687 387 3751 ad
428 3689 691 3755 modum
736 3699 834 3754 est
878 3687 1256 3774 conplexus!
1324 3684 1626 3753 Cassium
1668 3685 1793 3751 sibi
1841 3683 2108 3770 legavit3

124 3770 343 3843 Brutum
378 3779 629 3848 Galliae
670 3783 1007 3869 praefecit,
1054 3781 1412 3868 Sulpicium
1449 3780 1788 3856 Graeciae3
1833 3776 2112 3842 Marcel-

126 3863 239 3946 ¹¹¹1¹12
268 3874 364 3938 cui
387 3877 663 3944 maxime
688 3877 1121 3953 suscensebat,
1157 3899 1306 3943 cum
1332 3897 1584 3941 summa
1608 3875 1776 3938 illius
1804 3871 2113 3956 dignitate

126 3963 365 4032 restituit.
432 3991 561 4054 quo
592 3973 790 4058 igitur
821 3972 983 4038 haec
1018 3971 1354 4057 spectant?
1383 3990 1596 4034 rerum
1629 3967 1754 4032 hoc
1786 3975 2014 4031 natura
2047 3974 2112 4030 et
2147 3984 2200 4024 11

124 4050 357 4126 civilium
389 4073 741 4151 temporum
774 4087 903 4132 non
936 4065 1233 4152 patietur,
1266 4085 1390 4130 nec
1421 4083 1689 4128 manens
1713 4081 1834 4126 nec
1867 4069 2114 4124 mutata
