<?xml version="1.0" encoding="UTF-8"?>
<!DOCTYPE html PUBLIC "-//W3C//DTD XHTML 1.0 Transitional//EN"
    "http://www.w3.org/TR/xhtml1/DTD/xhtml1-transitional.dtd">
<html xmlns="http://www.w3.org/1999/xhtml" xml:lang="en" lang="en">
 <head>
  <title>
</title>
<meta http-equiv="Content-Type" content="text/html;charset=utf-8" />
  <meta name='ocr-system' content='tesseract 3.04.00' />
  <meta name='ocr-capabilities' content='ocr_page ocr_carea ocr_par ocr_line ocrx_word'/>
</head>
<body>
  <div class='ocr_page' id='page_1' title='image "./mtulliiciceroni12unkngoog/mtulliiciceroni12unkngoog_0039.png"; bbox 0 0 2675 4559; ppageno 0'>
   <div class='ocr_carea' id='block_1_1' title="bbox 947 243 2369 305">
    <p class='ocr_par' dir='ltr' id='par_1_1' title="bbox 947 243 2369 305">
     <span class='ocr_line' id='line_1_1' title="bbox 947 243 2369 305; baseline 0.008 -21"><span class='ocrx_word' id='word_1_1' title='bbox 947 243 1300 287; x_wconf 67' lang='lat' dir='ltr'><strong>Annon-1⁸10</strong></span> <span class='ocrx_word' id='word_1_2' title='bbox 1340 245 1602 295; x_wconf 73' lang='lat' dir='ltr'><strong>cmncA.</strong></span> <span class='ocrx_word' id='word_1_3' title='bbox 2054 298 2063 305; x_wconf 60' lang='grc'>,</span> <span class='ocrx_word' id='word_1_4' title='bbox 2128 246 2369 295; x_wconf 81' lang='lat' dir='ltr'><strong>xxxm</strong></span> 
     </span>
    </p>
   </div>
   <div class='ocr_carea' id='block_1_2' title="bbox 151 355 2367 893">
    <p class='ocr_par' dir='ltr' id='par_1_2' title="bbox 151 355 2367 893">
     <span class='ocr_line' id='line_1_2' title="bbox 157 355 2367 454; baseline -0 -35"><span class='ocrx_word' id='word_1_5' title='bbox 157 360 457 434; x_wconf 81' lang='lat' dir='ltr'><strong>expuncta)</strong></span> <span class='ocrx_word' id='word_1_6' title='bbox 491 358 697 413; x_wconf 52' lang='lat' dir='ltr'><strong>acuties</strong></span> <span class='ocrx_word' id='word_1_7' title='bbox 719 356 798 411; x_wconf 99' lang='lat' dir='ltr'><strong>M.</strong></span> <span class='ocrx_word' id='word_1_8' title='bbox 843 355 864 427; x_wconf 90' lang='grc'><strong>11</strong></span> <span class='ocrx_word' id='word_1_9' title='bbox 906 362 953 409; x_wconf 90' lang='grc'><strong>2.</strong></span> <span class='ocrx_word' id='word_1_10' title='bbox 990 358 1108 411; x_wconf 80' lang='lat' dir='ltr'><strong>illut</strong></span> <span class='ocrx_word' id='word_1_11' title='bbox 1138 356 1419 454; x_wconf 56' lang='lat' dir='ltr'><strong>Mkltius:</strong></span> <span class='ocrx_word' id='word_1_12' title='bbox 1446 358 1509 411; x_wconf 82' lang='lat' dir='ltr'><strong>de</strong></span> <span class='ocrx_word' id='word_1_13' title='bbox 1526 359 1687 427; x_wconf 77' lang='lat' dir='ltr'><strong>yallis</strong></span> <span class='ocrx_word' id='word_1_14' title='bbox 1710 356 1786 411; x_wconf 88' lang='lat' dir='ltr'><strong>M.</strong></span> <span class='ocrx_word' id='word_1_15' title='bbox 1814 388 1883 401; x_wconf 85' lang='lat'><strong>--</strong></span> <span class='ocrx_word' id='word_1_16' title='bbox 1904 376 2170 416; x_wconf 77' lang='lat' dir='ltr'><strong>moremur</strong></span> <span class='ocrx_word' id='word_1_17' title='bbox 2191 362 2367 419; x_wconf 86' lang='lat' dir='ltr'><strong>Erne-</strong></span> 
     </span>
     <span class='ocr_line' id='line_1_3' title="bbox 155 434 2353 509; baseline -0 -14"><span class='ocrx_word' id='word_1_18' title='bbox 155 472 218 482; x_wconf 91' lang='lat'>—</span> <span class='ocrx_word' id='word_1_19' title='bbox 239 442 536 495; x_wconf 75' lang='lat' dir='ltr'><strong>Servaeum</strong></span> <span class='ocrx_word' id='word_1_20' title='bbox 568 434 927 506; x_wconf 77' lang='lat' dir='ltr'><strong>Wesenberg</strong></span> <span class='ocrx_word' id='word_1_21' title='bbox 958 434 1036 504; x_wconf 89' lang='lat' dir='ltr'><strong>(p.</strong></span> <span class='ocrx_word' id='word_1_22' title='bbox 1073 436 1242 505; x_wconf 86' lang='lat'><strong>100.):</strong></span> <span class='ocrx_word' id='word_1_23' title='bbox 1279 436 1447 488; x_wconf 82' lang='lat' dir='ltr'><strong>stius:</strong></span> <span class='ocrx_word' id='word_1_24' title='bbox 1480 444 1771 491; x_wconf 83' lang='lat' dir='ltr'><strong>moreretur</strong></span> <span class='ocrx_word' id='word_1_25' title='bbox 1803 436 1889 505; x_wconf 90' lang='lat' dir='ltr'><strong>M,</strong></span> <span class='ocrx_word' id='word_1_26' title='bbox 1926 450 2158 492; x_wconf 80' lang='lat' dir='ltr'><strong><em>moretur</em></strong></span> <span class='ocrx_word' id='word_1_27' title='bbox 2191 440 2305 494; x_wconf 84' lang='lat' dir='ltr'><strong>alii.</strong></span> <span class='ocrx_word' id='word_1_28' title='bbox 2332 444 2353 509; x_wconf 92' lang='grc'><strong>11</strong></span> 
     </span>
     <span class='ocr_line' id='line_1_4' title="bbox 153 510 2365 583; baseline 0 -13"><span class='ocrx_word' id='word_1_29' title='bbox 153 534 305 571; x_wconf 72' lang='lat' dir='ltr'><strong>serua</strong></span> <span class='ocrx_word' id='word_1_30' title='bbox 347 532 474 569; x_wconf 79' lang='lat' dir='ltr'><strong>eum</strong></span> <span class='ocrx_word' id='word_1_31' title='bbox 505 513 592 580; x_wconf 87' lang='grc' dir='ltr'><strong>Μ,</strong></span> <span class='ocrx_word' id='word_1_32' title='bbox 635 514 874 566; x_wconf 80' lang='lat' dir='ltr'><strong>Servium</strong></span> <span class='ocrx_word' id='word_1_33' title='bbox 915 510 1104 583; x_wconf 85' lang='lat' dir='ltr'><strong>vulgo.</strong></span> <span class='ocrx_word' id='word_1_34' title='bbox 1152 510 1240 566; x_wconf 79' lang='lat' dir='ltr'><strong>of.</strong></span> <span class='ocrx_word' id='word_1_35' title='bbox 1279 517 1328 565; x_wconf 83' lang='lat'><strong>3.</strong></span> <span class='ocrx_word' id='word_1_36' title='bbox 1356 513 1543 566; x_wconf 74' lang='lat' dir='ltr'><strong>habere</strong></span> <span class='ocrx_word' id='word_1_37' title='bbox 1564 512 1641 567; x_wconf 92' lang='lat' dir='ltr'><strong>M.</strong></span> <span class='ocrx_word' id='word_1_38' title='bbox 1669 543 1732 552; x_wconf 97' lang='lat'><strong>—</strong></span> <span class='ocrx_word' id='word_1_39' title='bbox 1761 524 1935 569; x_wconf 75' lang='lat' dir='ltr'><strong>actum</strong></span> <span class='ocrx_word' id='word_1_40' title='bbox 1968 532 2081 569; x_wconf 87' lang='lat' dir='ltr'><strong>esse</strong></span> <span class='ocrx_word' id='word_1_41' title='bbox 2112 516 2190 571; x_wconf 92' lang='lat' dir='ltr'><strong>M.</strong></span> <span class='ocrx_word' id='word_1_42' title='bbox 2216 548 2284 557; x_wconf 93' lang='lat'><strong>—-</strong></span> <span class='ocrx_word' id='word_1_43' title='bbox 2308 520 2365 571; x_wconf 85' lang='lat' dir='ltr'><strong>in</strong></span> 
     </span>
     <span class='ocr_line' id='line_1_5' title="bbox 151 587 2363 665; baseline -0.001 -16"><span class='ocrx_word' id='word_1_44' title='bbox 151 592 472 649; x_wconf 80' lang='lat' dir='ltr'><strong>Buecheler</strong></span> <span class='ocrx_word' id='word_1_45' title='bbox 501 590 650 645; x_wconf 89' lang='lat' dir='ltr'><strong>Mus.</strong></span> <span class='ocrx_word' id='word_1_46' title='bbox 684 588 867 643; x_wconf 85' lang='lat' dir='ltr'><strong>Rhen.</strong></span> <span class='ocrx_word' id='word_1_47' title='bbox 892 587 996 641; x_wconf 91' lang='lat' dir='ltr'><strong>XI.</strong></span> <span class='ocrx_word' id='word_1_48' title='bbox 1038 605 1096 657; x_wconf 88' lang='lat' dir='ltr'><strong>p.</strong></span> <span class='ocrx_word' id='word_1_49' title='bbox 1121 593 1241 643; x_wconf 81' lang='lat'><strong>533.</strong></span> <span class='ocrx_word' id='word_1_50' title='bbox 1277 591 1505 660; x_wconf 76' lang='lat' dir='ltr'><strong>quodam</strong></span> <span class='ocrx_word' id='word_1_51' title='bbox 1527 590 1678 645; x_wconf 82' lang='lat' dir='ltr'><strong>incili</strong></span> <span class='ocrx_word' id='word_1_52' title='bbox 1696 591 1803 645; x_wconf 88' lang='lat' dir='ltr'><strong>iam</strong></span> <span class='ocrx_word' id='word_1_53' title='bbox 1821 590 2132 649; x_wconf 74' lang='lat' dir='ltr'><strong>Manutius:</strong></span> <span class='ocrx_word' id='word_1_54' title='bbox 2156 596 2213 649; x_wconf 81' lang='lat' dir='ltr'><strong>in</strong></span> <span class='ocrx_word' id='word_1_55' title='bbox 2236 612 2363 665; x_wconf 83' lang='lat' dir='ltr'><strong>quo-</strong></span> 
     </span>
     <span class='ocr_line' id='line_1_6' title="bbox 152 664 2366 739; baseline 0.001 -15"><span class='ocrx_word' id='word_1_56' title='bbox 152 702 216 713; x_wconf 90' lang='lat'><strong>--</strong></span> <span class='ocrx_word' id='word_1_57' title='bbox 237 672 294 724; x_wconf 77' lang='lat' dir='ltr'><strong>in</strong></span> <span class='ocrx_word' id='word_1_58' title='bbox 321 668 604 724; x_wconf 87' lang='lat' dir='ltr'><strong>Orellius:</strong></span> <span class='ocrx_word' id='word_1_59' title='bbox 631 683 738 722; x_wconf 89' lang='lat' dir='ltr'><strong>om.</strong></span> <span class='ocrx_word' id='word_1_60' title='bbox 763 664 840 719; x_wconf 89' lang='lat' dir='ltr'><strong>M.</strong></span> <span class='ocrx_word' id='word_1_61' title='bbox 866 666 1082 736; x_wconf 76' lang='lat' dir='ltr'><strong>—petit</strong></span> <span class='ocrx_word' id='word_1_62' title='bbox 1107 665 1240 720; x_wconf 91' lang='lat' dir='ltr'><strong>We·</strong></span> <span class='ocrx_word' id='word_1_63' title='bbox 1277 667 1401 739; x_wconf 80' lang='lat' dir='ltr'><strong>dam</strong></span> <span class='ocrx_word' id='word_1_64' title='bbox 1432 667 1668 723; x_wconf 84' lang='lat' dir='ltr'><strong>incilicia</strong></span> <span class='ocrx_word' id='word_1_65' title='bbox 1694 666 1771 721; x_wconf 89' lang='grc' dir='ltr'><strong>Μ.</strong></span> <span class='ocrx_word' id='word_1_66' title='bbox 1794 700 1865 711; x_wconf 92' lang='lat'><strong>--</strong></span> <span class='ocrx_word' id='word_1_67' title='bbox 1894 672 2163 725; x_wconf 83' lang='lat' dir='ltr'><strong>marcellis</strong></span> <span class='ocrx_word' id='word_1_68' title='bbox 2192 671 2269 726; x_wconf 89' lang='lat' dir='ltr'><strong>M.</strong></span> <span class='ocrx_word' id='word_1_69' title='bbox 2294 702 2366 713; x_wconf 91' lang='lat'><strong>--</strong></span> 
     </span>
     <span class='ocr_line' id='line_1_7' title="bbox 153 742 2360 819; baseline -0.001 -16"><span class='ocrx_word' id='word_1_70' title='bbox 153 748 394 819; x_wconf 75' lang='lat' dir='ltr'><strong>senberg</strong></span> <span class='ocrx_word' id='word_1_71' title='bbox 435 745 520 818; x_wconf 86' lang='lat' dir='ltr'><strong>(p.</strong></span> <span class='ocrx_word' id='word_1_72' title='bbox 570 751 651 798; x_wconf 98' lang='grc'><strong>17.</strong></span> <span class='ocrx_word' id='word_1_73' title='bbox 694 743 804 814; x_wconf 80' lang='lat' dir='ltr'><strong>n.):</strong></span> <span class='ocrx_word' id='word_1_74' title='bbox 851 744 999 813; x_wconf 77' lang='lat' dir='ltr'><strong>petiit</strong></span> <span class='ocrx_word' id='word_1_75' title='bbox 1051 742 1128 796; x_wconf 87' lang='grc' dir='ltr'><strong>Μ.</strong></span> <span class='ocrx_word' id='word_1_76' title='bbox 1171 772 1243 786; x_wconf 83' lang='lat'><strong>-·-—</strong></span> <span class='ocrx_word' id='word_1_77' title='bbox 1275 753 1425 813; x_wconf 64' lang='grc' dir='ltr'><strong><em>αγρεε</em></strong></span> <span class='ocrx_word' id='word_1_78' title='bbox 1468 754 1519 797; x_wconf 79' lang='lat' dir='ltr'><strong>et</strong></span> <span class='ocrx_word' id='word_1_79' title='bbox 1554 762 1723 816; x_wconf 81' lang='lat' dir='ltr'><strong>neque</strong></span> <span class='ocrx_word' id='word_1_80' title='bbox 1752 744 1830 801; x_wconf 95' lang='lat' dir='ltr'><strong>M.</strong></span> <span class='ocrx_word' id='word_1_81' title='bbox 1862 777 1931 787; x_wconf 93' lang='lat'>—</span> <span class='ocrx_word' id='word_1_82' title='bbox 1962 758 2201 803; x_wconf 77' lang='lat' dir='ltr'><strong>senatum</strong></span> <span class='ocrx_word' id='word_1_83' title='bbox 2232 748 2360 803; x_wconf 87' lang='lat' dir='ltr'><strong>edd.</strong></span> 
     </span>
     <span class='ocr_line' id='line_1_8' title="bbox 153 819 2365 893; baseline 0 -14"><span class='ocrx_word' id='word_1_84' title='bbox 153 826 322 879; x_wconf 73' lang='lat' dir='ltr'><strong>multis</strong></span> <span class='ocrx_word' id='word_1_85' title='bbox 369 822 490 877; x_wconf 76' lang='lat' dir='ltr'><strong>M2:</strong></span> <span class='ocrx_word' id='word_1_86' title='bbox 537 822 702 875; x_wconf 63' lang='lat' dir='ltr'><strong>miltes</strong></span> <span class='ocrx_word' id='word_1_87' title='bbox 745 819 848 875; x_wconf 79' lang='lat' dir='ltr'><strong>Ml.</strong></span> <span class='ocrx_word' id='word_1_88' title='bbox 881 828 964 863; x_wconf 81' lang='lat'><strong>-&#39;</strong></span> <span class='ocrx_word' id='word_1_89' title='bbox 989 822 1242 875; x_wconf 78' lang='lat' dir='ltr'><strong>scaturrit</strong></span> <span class='ocrx_word' id='word_1_90' title='bbox 1277 820 1573 893; x_wconf 77' lang='lat' dir='ltr'><strong>antiquae:</strong></span> <span class='ocrx_word' id='word_1_91' title='bbox 1596 824 1791 876; x_wconf 78' lang='lat' dir='ltr'><strong>senatis</strong></span> <span class='ocrx_word' id='word_1_92' title='bbox 1808 822 1885 891; x_wconf 90' lang='lat' dir='ltr'><strong>M,</strong></span> <span class='ocrx_word' id='word_1_93' title='bbox 1905 835 2147 879; x_wconf 78' lang='lat' dir='ltr'><strong>senatum</strong></span> <span class='ocrx_word' id='word_1_94' title='bbox 2164 826 2213 880; x_wconf 83' lang='lat' dir='ltr'><strong>is</strong></span> <span class='ocrx_word' id='word_1_95' title='bbox 2234 842 2365 880; x_wconf 89' lang='lat' dir='ltr'><strong>cum</strong></span> 
     </span>
    </p>
   </div>
   <div class='ocr_carea' id='block_1_3' title="bbox 154 888 2461 972">
    <p class='ocr_par' dir='ltr' id='par_1_3' title="bbox 154 888 2461 972">
     <span class='ocr_line' id='line_1_9' title="bbox 154 888 2461 972; baseline 0 -17"><span class='ocrx_word' id='word_1_96' title='bbox 154 902 355 972; x_wconf 83' lang='lat' dir='ltr'><strong>(priore</strong></span> <span class='ocrx_word' id='word_1_97' title='bbox 377 918 412 953; x_wconf 85' lang='lat' dir='ltr'><strong>r</strong></span> <span class='ocrx_word' id='word_1_98' title='bbox 447 898 664 969; x_wconf 79' lang='lat' dir='ltr'><strong>deleta)</strong></span> <span class='ocrx_word' id='word_1_99' title='bbox 695 897 774 953; x_wconf 89' lang='lat' dir='ltr'><strong>M.</strong></span> <span class='ocrx_word' id='word_1_100' title='bbox 800 928 868 939; x_wconf 95' lang='lat'><strong>—-</strong></span> <span class='ocrx_word' id='word_1_101' title='bbox 901 914 1068 951; x_wconf 79' lang='lat' dir='ltr'><strong>caasa</strong></span> <span class='ocrx_word' id='word_1_102' title='bbox 1097 888 1239 952; x_wconf 69' lang='lat' dir='ltr'><strong>corr.</strong></span> <span class='ocrx_word' id='word_1_103' title='bbox 1275 896 1491 953; x_wconf 82' lang='lat' dir='ltr'><strong>Orellio</strong></span> <span class='ocrx_word' id='word_1_104' title='bbox 1523 898 1582 951; x_wconf 83' lang='lat' dir='ltr'><strong>k.</strong></span> <span class='ocrx_word' id='word_1_105' title='bbox 1616 928 1688 940; x_wconf 92' lang='lat'><strong>—-</strong></span> <span class='ocrx_word' id='word_1_106' title='bbox 1716 900 1795 953; x_wconf 83' lang='lat' dir='ltr'><strong>sic</strong></span> <span class='ocrx_word' id='word_1_107' title='bbox 1824 898 2169 957; x_wconf 75' lang='lat' dir='ltr'><strong>Cratander:</strong></span> <span class='ocrx_word' id='word_1_108' title='bbox 2200 905 2253 957; x_wconf 83' lang='lat' dir='ltr'><strong>si</strong></span> <span class='ocrx_word' id='word_1_109' title='bbox 2282 901 2358 956; x_wconf 88' lang='lat' dir='ltr'><strong>M.</strong></span> <span class='ocrx_word' id='word_1_110' title='bbox 2452 928 2461 931; x_wconf 95' lang='lat'>·</span> 
     </span>
    </p>
   </div>
   <div class='ocr_carea' id='block_1_4' title="bbox 137 973 2453 4197">
    <p class='ocr_par' dir='ltr' id='par_1_4' title="bbox 137 973 2453 4197">
     <span class='ocr_line' id='line_1_10' title="bbox 153 973 2361 1051; baseline 0 -18"><span class='ocrx_word' id='word_1_111' title='bbox 153 994 218 1033; x_wconf 83' lang='lat' dir='ltr'><strong>ex</strong></span> <span class='ocrx_word' id='word_1_112' title='bbox 239 994 466 1033; x_wconf 77' lang='lat' dir='ltr'><strong>causam</strong></span> <span class='ocrx_word' id='word_1_113' title='bbox 481 974 562 1029; x_wconf 88' lang='lat' dir='ltr'><strong>M.</strong></span> <span class='ocrx_word' id='word_1_114' title='bbox 579 1004 652 1015; x_wconf 89' lang='lat'><strong>—-</strong></span> <span class='ocrx_word' id='word_1_115' title='bbox 673 975 792 1029; x_wconf 72' lang='lat' dir='ltr'><strong>illut</strong></span> <span class='ocrx_word' id='word_1_116' title='bbox 813 973 890 1028; x_wconf 88' lang='lat' dir='ltr'><strong>M.</strong></span> <span class='ocrx_word' id='word_1_117' title='bbox 909 976 1242 1029; x_wconf 79' lang='lat' dir='ltr'><strong>-cecinisse</strong></span> <span class='ocrx_word' id='word_1_118' title='bbox 1275 1006 1347 1019; x_wconf 91' lang='lat'><strong>—-</strong></span> <span class='ocrx_word' id='word_1_119' title='bbox 1374 978 1473 1029; x_wconf 79' lang='lat' dir='ltr'><strong>erit</strong></span> <span class='ocrx_word' id='word_1_120' title='bbox 1503 974 1860 1048; x_wconf 80' lang='lat' dir='ltr'><strong>Wesenberg</strong></span> <span class='ocrx_word' id='word_1_121' title='bbox 1892 979 1968 1050; x_wconf 88' lang='lat' dir='ltr'><strong>(p.</strong></span> <span class='ocrx_word' id='word_1_122' title='bbox 2001 986 2082 1033; x_wconf 92' lang='grc'><strong>17.</strong></span> <span class='ocrx_word' id='word_1_123' title='bbox 2107 981 2218 1051; x_wconf 83' lang='lat' dir='ltr'><strong>n.):</strong></span> <span class='ocrx_word' id='word_1_124' title='bbox 2250 996 2361 1034; x_wconf 90' lang='lat' dir='ltr'><strong>om.</strong></span> 
     </span>
     <span class='ocr_line' id='line_1_11' title="bbox 153 1050 2361 1125; baseline 0.001 -16"><span class='ocrx_word' id='word_1_125' title='bbox 153 1055 226 1109; x_wconf 94' lang='lat' dir='ltr'><strong>M.</strong></span> <span class='ocrx_word' id='word_1_126' title='bbox 250 1086 320 1095; x_wconf 95' lang='lat'><strong>—</strong></span> <span class='ocrx_word' id='word_1_127' title='bbox 343 1072 511 1124; x_wconf 79' lang='lat' dir='ltr'><strong>usque</strong></span> <span class='ocrx_word' id='word_1_128' title='bbox 553 1070 614 1106; x_wconf 86' lang='lat' dir='ltr'><strong>ee</strong></span> <span class='ocrx_word' id='word_1_129' title='bbox 655 1068 768 1124; x_wconf 83' lang='lat' dir='ltr'><strong>ego</strong></span> <span class='ocrx_word' id='word_1_130' title='bbox 808 1051 1038 1120; x_wconf 85' lang='lat' dir='ltr'><strong>seclusi,</strong></span> <span class='ocrx_word' id='word_1_131' title='bbox 1083 1053 1140 1106; x_wconf 88' lang='lat' dir='ltr'><strong>in</strong></span> <span class='ocrx_word' id='word_1_132' title='bbox 1179 1071 1240 1107; x_wconf 87' lang='lat' dir='ltr'><strong>eo</strong></span> <span class='ocrx_word' id='word_1_133' title='bbox 1274 1050 1353 1105; x_wconf 90' lang='lat' dir='ltr'><strong>M.</strong></span> <span class='ocrx_word' id='word_1_134' title='bbox 1397 1083 1469 1094; x_wconf 92' lang='lat'><strong>—</strong></span> <span class='ocrx_word' id='word_1_135' title='bbox 1512 1054 1771 1108; x_wconf 66' lang='lat' dir='ltr'><strong>mtroibitt-</strong></span> <span class='ocrx_word' id='word_1_136' title='bbox 1817 1060 1977 1125; x_wconf 70' lang='lat' dir='ltr'><strong>quam</strong></span> <span class='ocrx_word' id='word_1_137' title='bbox 2023 1056 2361 1111; x_wconf 83' lang='lat' dir='ltr'><strong>Lambinus:</strong></span> 
     </span>
     <span class='ocr_line' id='line_1_12' title="bbox 151 1130 2361 1205; baseline 0 -19"><span class='ocrx_word' id='word_1_138' title='bbox 151 1132 440 1187; x_wconf 77' lang='lat' dir='ltr'><strong>substituit</strong></span> <span class='ocrx_word' id='word_1_139' title='bbox 460 1130 819 1201; x_wconf 74' lang='lat' dir='ltr'><strong>Wesenberg</strong></span> <span class='ocrx_word' id='word_1_140' title='bbox 836 1147 892 1199; x_wconf 91' lang='lat' dir='ltr'><strong>p.</strong></span> <span class='ocrx_word' id='word_1_141' title='bbox 909 1136 1024 1184; x_wconf 89' lang='grc'><strong>101.</strong></span> <span class='ocrx_word' id='word_1_142' title='bbox 1037 1160 1106 1171; x_wconf 84' lang='lat'><strong>—-</strong></span> <span class='ocrx_word' id='word_1_143' title='bbox 1124 1132 1238 1183; x_wconf 83' lang='lat' dir='ltr'><strong>ani-</strong></span> <span class='ocrx_word' id='word_1_144' title='bbox 1273 1132 1436 1184; x_wconf 63' lang='lat' dir='ltr'><strong>intrffz</strong></span> <span class='ocrx_word' id='word_1_145' title='bbox 1455 1140 1673 1201; x_wconf 73' lang='lat' dir='ltr'><strong>utquam</strong></span> <span class='ocrx_word' id='word_1_146' title='bbox 1690 1131 2037 1200; x_wconf 74' lang='lat' dir='ltr'><strong>M,introim&#39;t:</strong></span> <span class='ocrx_word' id='word_1_147' title='bbox 2062 1152 2221 1205; x_wconf 76' lang='lat' dir='ltr'><strong>quam</strong></span> <span class='ocrx_word' id='word_1_148' title='bbox 2245 1135 2361 1188; x_wconf 83' lang='lat' dir='ltr'><strong>alii.</strong></span> 
     </span>
     <span class='ocr_line' id='line_1_13' title="bbox 152 1206 2362 1266; baseline 0 -2"><span class='ocrx_word' id='word_1_149' title='bbox 152 1221 468 1264; x_wconf 60' lang='lat' dir='ltr'><strong>mazaei-sum</strong></span> <span class='ocrx_word' id='word_1_150' title='bbox 492 1206 572 1262; x_wconf 88' lang='lat' dir='ltr'><strong>M.</strong></span> <span class='ocrx_word' id='word_1_151' title='bbox 588 1209 732 1261; x_wconf 85' lang='lat' dir='ltr'><strong>—in</strong></span> <span class='ocrx_word' id='word_1_152' title='bbox 756 1208 1008 1261; x_wconf 61' lang='lat' dir='ltr'><strong>amandas</strong></span> <span class='ocrx_word' id='word_1_153' title='bbox 1027 1208 1094 1261; x_wconf 87' lang='lat' dir='ltr'><strong>iis</strong></span> <span class='ocrx_word' id='word_1_154' title='bbox 1117 1224 1240 1261; x_wconf 88' lang='lat' dir='ltr'><strong>con-</strong></span> <span class='ocrx_word' id='word_1_155' title='bbox 1272 1238 1343 1249; x_wconf 87' lang='lat'><strong>--</strong></span> <span class='ocrx_word' id='word_1_156' title='bbox 1367 1218 1489 1261; x_wconf 75' lang='lat' dir='ltr'><strong>tunc</strong></span> <span class='ocrx_word' id='word_1_157' title='bbox 1511 1208 1849 1263; x_wconf 78' lang='lat' dir='ltr'><strong>Lambinus:</strong></span> <span class='ocrx_word' id='word_1_158' title='bbox 1872 1226 2015 1265; x_wconf 77' lang='lat' dir='ltr'><strong>nunc</strong></span> <span class='ocrx_word' id='word_1_159' title='bbox 2039 1210 2114 1264; x_wconf 91' lang='lat' dir='ltr'><strong>M.</strong></span> <span class='ocrx_word' id='word_1_160' title='bbox 2134 1229 2206 1253; x_wconf 90' lang='lat'><em>-·-—</em></span> <span class='ocrx_word' id='word_1_161' title='bbox 2234 1214 2362 1266; x_wconf 84' lang='lat' dir='ltr'><strong>Cae-</strong></span> 
     </span>
     <span class='ocr_line' id='line_1_14' title="bbox 154 1285 2359 1359; baseline -0.001 -17"><span class='ocrx_word' id='word_1_162' title='bbox 154 1290 278 1342; x_wconf 72' lang='lat' dir='ltr'><strong>siliis</strong></span> <span class='ocrx_word' id='word_1_163' title='bbox 299 1288 396 1358; x_wconf 78' lang='lat' dir='ltr'><strong>qui</strong></span> <span class='ocrx_word' id='word_1_164' title='bbox 415 1285 506 1339; x_wconf 90' lang='lat' dir='ltr'><strong>M:</strong></span> <span class='ocrx_word' id='word_1_165' title='bbox 538 1288 595 1339; x_wconf 83' lang='lat' dir='ltr'><strong>in</strong></span> <span class='ocrx_word' id='word_1_166' title='bbox 628 1286 879 1339; x_wconf 75' lang='lat' dir='ltr'><strong>evitandis</strong></span> <span class='ocrx_word' id='word_1_167' title='bbox 911 1302 1090 1338; x_wconf 81' lang='lat' dir='ltr'><strong>eorum</strong></span> <span class='ocrx_word' id='word_1_168' title='bbox 1115 1303 1238 1338; x_wconf 85' lang='lat' dir='ltr'><strong>con·</strong></span> <span class='ocrx_word' id='word_1_169' title='bbox 1272 1304 1367 1340; x_wconf 83' lang='lat' dir='ltr'><strong>sar</strong></span> <span class='ocrx_word' id='word_1_170' title='bbox 1407 1288 1543 1357; x_wconf 79' lang='lat' dir='ltr'><strong>iique</strong></span> <span class='ocrx_word' id='word_1_171' title='bbox 1575 1287 1669 1356; x_wconf 81' lang='lat' dir='ltr'><strong>qui</strong></span> <span class='ocrx_word' id='word_1_172' title='bbox 1697 1286 1897 1342; x_wconf 68' lang='lat' dir='ltr'><strong>Kshnt</strong></span> <span class='ocrx_word' id='word_1_173' title='bbox 1928 1287 2200 1359; x_wconf 81' lang='lat' dir='ltr'><strong>(Symbol.</strong></span> <span class='ocrx_word' id='word_1_174' title='bbox 2235 1288 2359 1342; x_wconf 78' lang='lat' dir='ltr'><strong>erit.</strong></span> 
     </span>
     <span class='ocr_line' id='line_1_15' title="bbox 155 1360 2366 1438; baseline 0 -20"><span class='ocrx_word' id='word_1_175' title='bbox 155 1366 302 1431; x_wconf 63' lang='lat' dir='ltr'><strong>silias,</strong></span> <span class='ocrx_word' id='word_1_176' title='bbox 345 1366 442 1434; x_wconf 79' lang='lat' dir='ltr'><strong>qui</strong></span> <span class='ocrx_word' id='word_1_177' title='bbox 471 1361 787 1430; x_wconf 81' lang='lat' dir='ltr'><strong>Manutius,</strong></span> <span class='ocrx_word' id='word_1_178' title='bbox 832 1364 888 1415; x_wconf 80' lang='lat' dir='ltr'><strong>in</strong></span> <span class='ocrx_word' id='word_1_179' title='bbox 923 1378 1106 1415; x_wconf 86' lang='lat' dir='ltr'><strong>eorum</strong></span> <span class='ocrx_word' id='word_1_180' title='bbox 1137 1364 1237 1415; x_wconf 84' lang='lat' dir='ltr'><strong>evi-</strong></span> <span class='ocrx_word' id='word_1_181' title='bbox 1273 1362 1333 1417; x_wconf 91' lang='lat' dir='ltr'><strong>in</strong></span> <span class='ocrx_word' id='word_1_182' title='bbox 1357 1362 1433 1417; x_wconf 91' lang='lat' dir='ltr'><strong>M.</strong></span> <span class='ocrx_word' id='word_1_183' title='bbox 1462 1360 1532 1415; x_wconf 88' lang='grc' dir='ltr'><strong>Τ.</strong></span> <span class='ocrx_word' id='word_1_184' title='bbox 1558 1362 1620 1417; x_wconf 82' lang='lat' dir='ltr'><strong>C.</strong></span> <span class='ocrx_word' id='word_1_185' title='bbox 1648 1362 1917 1434; x_wconf 77' lang='lat' dir='ltr'><strong>epistolas</strong></span> <span class='ocrx_word' id='word_1_186' title='bbox 1940 1383 1996 1437; x_wconf 93' lang='lat' dir='ltr'><strong>p.</strong></span> <span class='ocrx_word' id='word_1_187' title='bbox 2028 1366 2129 1438; x_wconf 85' lang='lat'><strong>9.):</strong></span> <span class='ocrx_word' id='word_1_188' title='bbox 2157 1370 2366 1419; x_wconf 80' lang='lat' dir='ltr'><strong>caesari</strong></span> 
     </span>
     <span class='ocr_line' id='line_1_16' title="bbox 156 1437 2364 1512; baseline 0.002 -17"><span class='ocrx_word' id='word_1_189' title='bbox 156 1444 320 1495; x_wconf 71' lang='lat' dir='ltr'><strong>tundis</strong></span> <span class='ocrx_word' id='word_1_190' title='bbox 351 1441 616 1506; x_wconf 78' lang='lat' dir='ltr'><strong>consiliis,</strong></span> <span class='ocrx_word' id='word_1_191' title='bbox 649 1440 743 1511; x_wconf 80' lang='lat' dir='ltr'><strong>qui</strong></span> <span class='ocrx_word' id='word_1_192' title='bbox 769 1437 1125 1511; x_wconf 76' lang='lat' dir='ltr'><strong>Wesenberg</strong></span> <span class='ocrx_word' id='word_1_193' title='bbox 1155 1438 1234 1509; x_wconf 89' lang='grc' dir='ltr'><strong>(Ρ.</strong></span> <span class='ocrx_word' id='word_1_194' title='bbox 1273 1443 1367 1512; x_wconf 79' lang='lat' dir='ltr'><strong>qui</strong></span> <span class='ocrx_word' id='word_1_195' title='bbox 1384 1439 1504 1493; x_wconf 87' lang='lat' dir='ltr'><strong>Mk.</strong></span> <span class='ocrx_word' id='word_1_196' title='bbox 1528 1470 1595 1481; x_wconf 88' lang='lat'><strong>--</strong></span> <span class='ocrx_word' id='word_1_197' title='bbox 1619 1452 1827 1509; x_wconf 77' lang='lat' dir='ltr'><strong>sperent</strong></span> <span class='ocrx_word' id='word_1_198' title='bbox 1854 1440 2123 1498; x_wconf 80' lang='lat' dir='ltr'><strong>Orellius·:</strong></span> <span class='ocrx_word' id='word_1_199' title='bbox 2156 1456 2364 1511; x_wconf 79' lang='lat' dir='ltr'><strong>superet</strong></span> 
     </span>
     <span class='ocr_line' id='line_1_17' title="bbox 159 1516 2361 1591; baseline 0 -19"><span class='ocrx_word' id='word_1_200' title='bbox 159 1525 246 1574; x_wconf 90' lang='grc'><strong>101</strong></span> <span class='ocrx_word' id='word_1_201' title='bbox 281 1519 422 1589; x_wconf 83' lang='lat' dir='ltr'><strong>sq.)‚</strong></span> <span class='ocrx_word' id='word_1_202' title='bbox 475 1518 532 1570; x_wconf 81' lang='lat' dir='ltr'><strong>in</strong></span> <span class='ocrx_word' id='word_1_203' title='bbox 579 1517 830 1571; x_wconf 71' lang='lat' dir='ltr'><strong>evitandis</strong></span> <span class='ocrx_word' id='word_1_204' title='bbox 875 1517 942 1569; x_wconf 82' lang='lat' dir='ltr'><strong>iis</strong></span> <span class='ocrx_word' id='word_1_205' title='bbox 987 1518 1235 1583; x_wconf 67' lang='lat' dir='ltr'><strong>consiliis,</strong></span> <span class='ocrx_word' id='word_1_206' title='bbox 1273 1516 1351 1571; x_wconf 87' lang='grc' dir='ltr'><strong>Μ.</strong></span> <span class='ocrx_word' id='word_1_207' title='bbox 1396 1518 1415 1587; x_wconf 95' lang='grc'><strong>11</strong></span> <span class='ocrx_word' id='word_1_208' title='bbox 1454 1516 1613 1573; x_wconf 88' lang='lat' dir='ltr'><strong>Inter</strong></span> <span class='ocrx_word' id='word_1_209' title='bbox 1658 1517 1957 1587; x_wconf 82' lang='lat' dir='ltr'><strong>epistolam</strong></span> <span class='ocrx_word' id='word_1_210' title='bbox 2004 1518 2259 1591; x_wconf 80' lang='lat' dir='ltr'><strong>quintam</strong></span> <span class='ocrx_word' id='word_1_211' title='bbox 2302 1526 2361 1575; x_wconf 81' lang='lat' dir='ltr'><strong>et</strong></span> 
     </span>
     <span class='ocr_line' id='line_1_18' title="bbox 153 1592 2359 1667; baseline 0 -18"><span class='ocrx_word' id='word_1_212' title='bbox 153 1614 282 1666; x_wconf 79' lang='lat' dir='ltr'><strong>quae</strong></span> <span class='ocrx_word' id='word_1_213' title='bbox 311 1597 448 1649; x_wconf 73' lang='lat' dir='ltr'><strong>inim</strong></span> <span class='ocrx_word' id='word_1_214' title='bbox 482 1600 634 1648; x_wconf 76' lang='lat' dir='ltr'><strong>erant</strong></span> <span class='ocrx_word' id='word_1_215' title='bbox 668 1594 738 1647; x_wconf 82' lang='lat' dir='ltr'><strong>ab</strong></span> <span class='ocrx_word' id='word_1_216' title='bbox 768 1594 899 1660; x_wconf 65' lang='lat' dir='ltr'><strong>illis,</strong></span> <span class='ocrx_word' id='word_1_217' title='bbox 943 1595 1036 1664; x_wconf 79' lang='lat' dir='ltr'><strong>qui</strong></span> <span class='ocrx_word' id='word_1_218' title='bbox 1063 1592 1236 1646; x_wconf 77' lang='lat' dir='ltr'><strong>Klotz</strong></span> <span class='ocrx_word' id='word_1_219' title='bbox 1273 1600 1486 1649; x_wconf 80' lang='lat' dir='ltr'><strong>sextam</strong></span> <span class='ocrx_word' id='word_1_220' title='bbox 1518 1593 1793 1664; x_wconf 81' lang='lat' dir='ltr'><strong>repetitur</strong></span> <span class='ocrx_word' id='word_1_221' title='bbox 1822 1596 1953 1652; x_wconf 88' lang='lat' dir='ltr'><strong>libri</strong></span> <span class='ocrx_word' id='word_1_222' title='bbox 1986 1597 2219 1652; x_wconf 79' lang='lat' dir='ltr'><strong>secundi</strong></span> <span class='ocrx_word' id='word_1_223' title='bbox 2240 1598 2359 1667; x_wconf 85' lang='lat' dir='ltr'><strong>epi-</strong></span> 
     </span>
     <span class='ocr_line' id='line_1_19' title="bbox 153 1669 1610 1741; baseline -0.001 -15"><span class='ocrx_word' id='word_1_224' title='bbox 153 1672 210 1726; x_wconf 88' lang='lat' dir='ltr'><strong>in</strong></span> <span class='ocrx_word' id='word_1_225' title='bbox 229 1671 552 1727; x_wconf 88' lang='lat' dir='ltr'><strong>Prooemio.</strong></span> <span class='ocrx_word' id='word_1_226' title='bbox 587 1672 608 1741; x_wconf 94' lang='grc'><strong>11</strong></span> <span class='ocrx_word' id='word_1_227' title='bbox 643 1676 693 1724; x_wconf 80' lang='grc'><strong>3.</strong></span> <span class='ocrx_word' id='word_1_228' title='bbox 727 1680 776 1725; x_wconf 79' lang='lat' dir='ltr'><strong>et</strong></span> <span class='ocrx_word' id='word_1_229' title='bbox 805 1679 1042 1741; x_wconf 82' lang='lat' dir='ltr'><strong>spectare</strong></span> <span class='ocrx_word' id='word_1_230' title='bbox 1063 1669 1141 1725; x_wconf 92' lang='lat' dir='ltr'><strong>M.</strong></span> <span class='ocrx_word' id='word_1_231' title='bbox 1167 1700 1236 1711; x_wconf 91' lang='lat'><strong>-—</strong></span> <span class='ocrx_word' id='word_1_232' title='bbox 1272 1670 1420 1726; x_wconf 78' lang='lat' dir='ltr'><strong>st&#39;ola</strong></span> <span class='ocrx_word' id='word_1_233' title='bbox 1440 1688 1610 1726; x_wconf 85' lang='lat' dir='ltr'><strong>nona.</strong></span> 
     </span>
     <span class='ocr_line' id='line_1_20' title="bbox 149 1746 2357 1821; baseline -0 -17"><span class='ocrx_word' id='word_1_234' title='bbox 149 1750 325 1818; x_wconf 75' lang='lat' dir='ltr'><strong>facere</strong></span> <span class='ocrx_word' id='word_1_235' title='bbox 347 1749 430 1803; x_wconf 89' lang='lat' dir='ltr'><strong>M.</strong></span> <span class='ocrx_word' id='word_1_236' title='bbox 454 1780 527 1790; x_wconf 90' lang='lat'>—</span> <span class='ocrx_word' id='word_1_237' title='bbox 558 1751 632 1803; x_wconf 83' lang='lat' dir='ltr'><strong>ad</strong></span> <span class='ocrx_word' id='word_1_238' title='bbox 650 1752 702 1802; x_wconf 80' lang='lat' dir='ltr'><strong>k.</strong></span> <span class='ocrx_word' id='word_1_239' title='bbox 738 1757 914 1803; x_wconf 67' lang='lat' dir='ltr'><strong>smus</strong></span> <span class='ocrx_word' id='word_1_240' title='bbox 943 1765 1044 1818; x_wconf 80' lang='lat' dir='ltr'><strong>que</strong></span> <span class='ocrx_word' id='word_1_241' title='bbox 1063 1746 1142 1801; x_wconf 89' lang='lat' dir='ltr'><strong>M.</strong></span> <span class='ocrx_word' id='word_1_242' title='bbox 1167 1778 1237 1789; x_wconf 89' lang='lat'><em>-</em></span> <span class='ocrx_word' id='word_1_243' title='bbox 1337 1748 1449 1819; x_wconf 86' lang='lat' dir='ltr'><strong>Ep.</strong></span> <span class='ocrx_word' id='word_1_244' title='bbox 1476 1754 1527 1803; x_wconf 88' lang='grc'><strong>6.</strong></span> <span class='ocrx_word' id='word_1_245' title='bbox 1561 1750 1610 1820; x_wconf 65' lang='grc' dir='ltr'><strong>ἓ.</strong></span> <span class='ocrx_word' id='word_1_246' title='bbox 1639 1756 1685 1801; x_wconf 94' lang='grc'><strong>1.</strong></span> <span class='ocrx_word' id='word_1_247' title='bbox 1719 1752 1873 1819; x_wconf 82' lang='lat' dir='ltr'><strong>quin]</strong></span> <span class='ocrx_word' id='word_1_248' title='bbox 1906 1752 2030 1821; x_wconf 68' lang='lat' dir='ltr'><strong>quid</strong></span> <span class='ocrx_word' id='word_1_249' title='bbox 2058 1749 2137 1803; x_wconf 89' lang='lat' dir='ltr'><strong>M.</strong></span> <span class='ocrx_word' id='word_1_250' title='bbox 2160 1780 2231 1791; x_wconf 86' lang='lat'><strong>—-</strong></span> <span class='ocrx_word' id='word_1_251' title='bbox 2263 1768 2357 1819; x_wconf 83' lang='lat' dir='ltr'><strong>ap-</strong></span> 
     </span>
     <span class='ocr_line' id='line_1_21' title="bbox 151 1824 2358 1896; baseline -0.001 -15"><span class='ocrx_word' id='word_1_252' title='bbox 151 1846 288 1881; x_wconf 85' lang='lat' dir='ltr'><strong>more</strong></span> <span class='ocrx_word' id='word_1_253' title='bbox 319 1826 400 1881; x_wconf 87' lang='lat' dir='ltr'><strong>M.</strong></span> <span class='ocrx_word' id='word_1_254' title='bbox 433 1856 509 1867; x_wconf 90' lang='lat'><em>-</em></span> <span class='ocrx_word' id='word_1_255' title='bbox 540 1828 670 1894; x_wconf 73' lang='lat' dir='ltr'><strong>sint]</strong></span> <span class='ocrx_word' id='word_1_256' title='bbox 703 1827 772 1879; x_wconf 76' lang='lat' dir='ltr'><strong>sit</strong></span> <span class='ocrx_word' id='word_1_257' title='bbox 804 1824 882 1879; x_wconf 88' lang='lat' dir='ltr'><strong>M.</strong></span> <span class='ocrx_word' id='word_1_258' title='bbox 917 1856 986 1865; x_wconf 92' lang='lat'><strong>—</strong></span> <span class='ocrx_word' id='word_1_259' title='bbox 1017 1826 1234 1878; x_wconf 81' lang='lat' dir='ltr'><strong>coelium</strong></span> <span class='ocrx_word' id='word_1_260' title='bbox 1261 1827 1415 1896; x_wconf 79' lang='lat' dir='ltr'><strong>pium</strong></span> <span class='ocrx_word' id='word_1_261' title='bbox 1448 1827 1831 1881; x_wconf 74' lang='lat' dir='ltr'><strong>addolabellom</strong></span> <span class='ocrx_word' id='word_1_262' title='bbox 1855 1824 1931 1879; x_wconf 91' lang='lat' dir='ltr'><strong>M.</strong></span> <span class='ocrx_word' id='word_1_263' title='bbox 1956 1856 2025 1865; x_wconf 91' lang='lat'><strong>——</strong></span> <span class='ocrx_word' id='word_1_264' title='bbox 2056 1843 2164 1896; x_wconf 76' lang='lat' dir='ltr'><strong>qua</strong></span> <span class='ocrx_word' id='word_1_265' title='bbox 2187 1824 2358 1879; x_wconf 84' lang='lat' dir='ltr'><strong>Lam·</strong></span> 
     </span>
     <span class='ocr_line' id='line_1_22' title="bbox 150 1901 2358 1973; baseline -0.002 -14"><span class='ocrx_word' id='word_1_266' title='bbox 150 1905 229 1959; x_wconf 87' lang='lat' dir='ltr'><strong>M:</strong></span> <span class='ocrx_word' id='word_1_267' title='bbox 265 1906 507 1959; x_wconf 78' lang='lat' dir='ltr'><strong>Caelium</strong></span> <span class='ocrx_word' id='word_1_268' title='bbox 528 1902 587 1955; x_wconf 89' lang='lat' dir='ltr'><strong>k.</strong></span> <span class='ocrx_word' id='word_1_269' title='bbox 613 1934 686 1943; x_wconf 90' lang='lat'>—</span> <span class='ocrx_word' id='word_1_270' title='bbox 717 1903 1045 1957; x_wconf 71' lang='lat' dir='ltr'><strong>Vinicianum</strong></span> <span class='ocrx_word' id='word_1_271' title='bbox 1079 1901 1234 1959; x_wconf 84' lang='lat' dir='ltr'><strong>Ursi·</strong></span> <span class='ocrx_word' id='word_1_272' title='bbox 1271 1903 1467 1958; x_wconf 78' lang='lat' dir='ltr'><strong>binus:</strong></span> <span class='ocrx_word' id='word_1_273' title='bbox 1500 1920 1661 1973; x_wconf 79' lang='lat' dir='ltr'><strong>quam</strong></span> <span class='ocrx_word' id='word_1_274' title='bbox 1680 1902 1758 1956; x_wconf 93' lang='lat' dir='ltr'><strong>M.</strong></span> <span class='ocrx_word' id='word_1_275' title='bbox 1782 1932 1852 1943; x_wconf 89' lang='lat'><strong>—-</strong></span> <span class='ocrx_word' id='word_1_276' title='bbox 1873 1903 2019 1971; x_wconf 81' lang='lat' dir='ltr'><strong>facto</strong></span> <span class='ocrx_word' id='word_1_277' title='bbox 2050 1904 2236 1956; x_wconf 77' lang='lat' dir='ltr'><strong>retudit</strong></span> <span class='ocrx_word' id='word_1_278' title='bbox 2260 1902 2358 1957; x_wconf 90' lang='lat' dir='ltr'><strong>Vi-</strong></span> 
     </span>
     <span class='ocr_line' id='line_1_23' title="bbox 151 1976 2360 2048; baseline 0 -13"><span class='ocrx_word' id='word_1_279' title='bbox 151 2000 273 2037; x_wconf 87' lang='lat' dir='ltr'><strong>nus:</strong></span> <span class='ocrx_word' id='word_1_280' title='bbox 303 1981 636 2035; x_wconf 82' lang='lat' dir='ltr'><strong>uicinianum</strong></span> <span class='ocrx_word' id='word_1_281' title='bbox 659 1978 737 2033; x_wconf 87' lang='lat' dir='ltr'><strong>M.</strong></span> <span class='ocrx_word' id='word_1_282' title='bbox 783 1976 872 2033; x_wconf 81' lang='lat' dir='ltr'><strong>cf.</strong></span> <span class='ocrx_word' id='word_1_283' title='bbox 897 1978 1044 2034; x_wconf 84' lang='lat' dir='ltr'><strong>Bell.</strong></span> <span class='ocrx_word' id='word_1_284' title='bbox 1069 1980 1232 2034; x_wconf 84' lang='lat' dir='ltr'><strong>Alex.</strong></span> <span class='ocrx_word' id='word_1_285' title='bbox 1271 1980 1505 2035; x_wconf 75' lang='lat' dir='ltr'><strong>storius:</strong></span> <span class='ocrx_word' id='word_1_286' title='bbox 1529 1980 1707 2048; x_wconf 79' lang='lat' dir='ltr'><strong>factor</strong></span> <span class='ocrx_word' id='word_1_287' title='bbox 1730 1982 1894 2035; x_wconf 77' lang='lat' dir='ltr'><strong>ettulit</strong></span> <span class='ocrx_word' id='word_1_288' title='bbox 1916 1979 1994 2034; x_wconf 89' lang='lat' dir='ltr'><strong>M.</strong></span> <span class='ocrx_word' id='word_1_289' title='bbox 2012 2010 2082 2021; x_wconf 91' lang='lat'><strong>—-</strong></span> <span class='ocrx_word' id='word_1_290' title='bbox 2104 1983 2360 2035; x_wconf 84' lang='lat' dir='ltr'><strong>sermonis</strong></span> 
     </span>
     <span class='ocr_line' id='line_1_24' title="bbox 153 2055 2357 2129; baseline -0 -17"><span class='ocrx_word' id='word_1_291' title='bbox 153 2066 227 2113; x_wconf 88' lang='grc'><strong>77.</strong></span> <span class='ocrx_word' id='word_1_292' title='bbox 241 2058 489 2113; x_wconf 82' lang='lat' dir='ltr'><strong>Henzen</strong></span> <span class='ocrx_word' id='word_1_293' title='bbox 507 2076 563 2111; x_wconf 90' lang='lat' dir='ltr'><strong>n.</strong></span> <span class='ocrx_word' id='word_1_294' title='bbox 577 2060 730 2111; x_wconf 84' lang='lat'><strong>5358.</strong></span> <span class='ocrx_word' id='word_1_295' title='bbox 751 2086 820 2096; x_wconf 87' lang='lat'><strong>--—</strong></span> <span class='ocrx_word' id='word_1_296' title='bbox 838 2058 1137 2110; x_wconf 70' lang='lat' dir='ltr'><strong>deser-amm</strong></span> <span class='ocrx_word' id='word_1_297' title='bbox 1155 2056 1232 2109; x_wconf 91' lang='lat' dir='ltr'><strong>M.</strong></span> <span class='ocrx_word' id='word_1_298' title='bbox 1271 2058 1349 2112; x_wconf 90' lang='lat' dir='ltr'><strong>M.</strong></span> <span class='ocrx_word' id='word_1_299' title='bbox 1368 2090 1437 2099; x_wconf 88' lang='grc'><strong>--</strong></span> <span class='ocrx_word' id='word_1_300' title='bbox 1456 2074 1613 2129; x_wconf 83' lang='lat' dir='ltr'><strong>quam</strong></span> <span class='ocrx_word' id='word_1_301' title='bbox 1630 2060 1785 2112; x_wconf 83' lang='lat' dir='ltr'><strong>uelim</strong></span> <span class='ocrx_word' id='word_1_302' title='bbox 1808 2057 1884 2111; x_wconf 92' lang='lat' dir='ltr'><strong>M.</strong></span> <span class='ocrx_word' id='word_1_303' title='bbox 1899 2088 1970 2127; x_wconf 84' lang='lat'><strong>··.·</strong></span> <span class='ocrx_word' id='word_1_304' title='bbox 1986 2059 2035 2111; x_wconf 83' lang='lat' dir='ltr'><strong>si</strong></span> <span class='ocrx_word' id='word_1_305' title='bbox 2052 2055 2357 2113; x_wconf 77' lang='lat' dir='ltr'><strong>Graevius:</strong></span> 
     </span>
     <span class='ocr_line' id='line_1_25' title="bbox 147 2132 2357 2203; baseline -0 -13"><span class='ocrx_word' id='word_1_306' title='bbox 147 2166 210 2177; x_wconf 91' lang='lat'><strong>——</strong></span> <span class='ocrx_word' id='word_1_307' title='bbox 231 2138 340 2190; x_wconf 86' lang='lat' dir='ltr'><strong>iam</strong></span> <span class='ocrx_word' id='word_1_308' title='bbox 363 2154 476 2189; x_wconf 86' lang='lat' dir='ltr'><strong>non</strong></span> <span class='ocrx_word' id='word_1_309' title='bbox 497 2133 811 2190; x_wconf 84' lang='lat' dir='ltr'><strong>Victorius:</strong></span> <span class='ocrx_word' id='word_1_310' title='bbox 837 2150 908 2187; x_wconf 85' lang='lat' dir='ltr'><strong>an</strong></span> <span class='ocrx_word' id='word_1_311' title='bbox 929 2152 1039 2187; x_wconf 77' lang='lat' dir='ltr'><strong>non</strong></span> <span class='ocrx_word' id='word_1_312' title='bbox 1061 2132 1139 2187; x_wconf 91' lang='lat' dir='ltr'><strong>M.</strong></span> <span class='ocrx_word' id='word_1_313' title='bbox 1165 2164 1232 2175; x_wconf 85' lang='lat'><strong>—-</strong></span> <span class='ocrx_word' id='word_1_314' title='bbox 1269 2152 1377 2189; x_wconf 90' lang='lat' dir='ltr'><strong>om.</strong></span> <span class='ocrx_word' id='word_1_315' title='bbox 1410 2134 1488 2189; x_wconf 89' lang='lat' dir='ltr'><strong>M.</strong></span> <span class='ocrx_word' id='word_1_316' title='bbox 1519 2166 1591 2177; x_wconf 92' lang='lat'><strong>—</strong></span> <span class='ocrx_word' id='word_1_317' title='bbox 1618 2138 1915 2191; x_wconf 77' lang='lat' dir='ltr'><strong>simulatast</strong></span> <span class='ocrx_word' id='word_1_318' title='bbox 1953 2138 2025 2192; x_wconf 81' lang='lat' dir='ltr'><strong>ibi</strong></span> <span class='ocrx_word' id='word_1_319' title='bbox 2055 2135 2131 2190; x_wconf 91' lang='lat' dir='ltr'><strong>M.</strong></span> <span class='ocrx_word' id='word_1_320' title='bbox 2166 2166 2236 2179; x_wconf 80' lang='lat'><strong>--</strong></span> <span class='ocrx_word' id='word_1_321' title='bbox 2268 2142 2357 2203; x_wconf 87' lang='lat' dir='ltr'><strong>re]</strong></span> 
     </span>
     <span class='ocr_line' id='line_1_26' title="bbox 146 2210 2354 2284; baseline -0.001 -15"><span class='ocrx_word' id='word_1_322' title='bbox 146 2220 222 2281; x_wconf 86' lang='lat' dir='ltr'><strong>es]</strong></span> <span class='ocrx_word' id='word_1_323' title='bbox 252 2224 330 2269; x_wconf 79' lang='lat' dir='ltr'><strong>est</strong></span> <span class='ocrx_word' id='word_1_324' title='bbox 363 2212 444 2271; x_wconf 80' lang='lat' dir='ltr'><strong>M.</strong></span> <span class='ocrx_word' id='word_1_325' title='bbox 479 2212 500 2283; x_wconf 92' lang='grc'><strong>11</strong></span> <span class='ocrx_word' id='word_1_326' title='bbox 535 2220 586 2267; x_wconf 85' lang='grc'><strong>4.</strong></span> <span class='ocrx_word' id='word_1_327' title='bbox 613 2212 829 2281; x_wconf 80' lang='lat' dir='ltr'><strong>pompei</strong></span> <span class='ocrx_word' id='word_1_328' title='bbox 857 2210 934 2265; x_wconf 89' lang='lat' dir='ltr'><strong>M.</strong></span> <span class='ocrx_word' id='word_1_329' title='bbox 961 2240 1030 2252; x_wconf 90' lang='lat'><strong>-—</strong></span> <span class='ocrx_word' id='word_1_330' title='bbox 1059 2212 1236 2282; x_wconf 75' lang='lat' dir='ltr'><strong>quoad</strong></span> <span class='ocrx_word' id='word_1_331' title='bbox 1268 2230 1355 2267; x_wconf 80' lang='lat' dir='ltr'><strong>res</strong></span> <span class='ocrx_word' id='word_1_332' title='bbox 1378 2212 1455 2267; x_wconf 89' lang='lat' dir='ltr'><strong>M.</strong></span> <span class='ocrx_word' id='word_1_333' title='bbox 1484 2244 1550 2253; x_wconf 90' lang='lat'><strong>--</strong></span> <span class='ocrx_word' id='word_1_334' title='bbox 1575 2216 1727 2279; x_wconf 80' lang='lat' dir='ltr'><strong>esset]</strong></span> <span class='ocrx_word' id='word_1_335' title='bbox 1756 2222 1886 2267; x_wconf 82' lang='lat' dir='ltr'><strong>esset</strong></span> <span class='ocrx_word' id='word_1_336' title='bbox 1910 2215 2157 2267; x_wconf 56' lang='lat' dir='ltr'><strong>iudicium</strong></span> <span class='ocrx_word' id='word_1_337' title='bbox 2180 2212 2354 2284; x_wconf 81' lang='lat' dir='ltr'><strong>Pluy-</strong></span> 
     </span>
     <span class='ocr_line' id='line_1_27' title="bbox 137 2287 2357 2361; baseline 0 -16"><span class='ocrx_word' id='word_1_338' title='bbox 137 2300 460 2361; x_wconf 68' lang='lat' dir='ltr'><strong>petereretur</strong></span> <span class='ocrx_word' id='word_1_339' title='bbox 493 2288 580 2343; x_wconf 90' lang='lat' dir='ltr'><strong>Le</strong></span> <span class='ocrx_word' id='word_1_340' title='bbox 606 2287 796 2345; x_wconf 83' lang='lat' dir='ltr'><strong>Clere:</strong></span> <span class='ocrx_word' id='word_1_341' title='bbox 829 2306 933 2358; x_wconf 82' lang='lat' dir='ltr'><strong>quo</strong></span> <span class='ocrx_word' id='word_1_342' title='bbox 962 2298 1232 2359; x_wconf 82' lang='lat' dir='ltr'><strong>appetere·</strong></span> <span class='ocrx_word' id='word_1_343' title='bbox 1268 2307 1413 2361; x_wconf 86' lang='lat' dir='ltr'><strong>gers.</strong></span> <span class='ocrx_word' id='word_1_344' title='bbox 1458 2322 1525 2333; x_wconf 90' lang='lat'>-</span> <span class='ocrx_word' id='word_1_345' title='bbox 1574 2292 1787 2345; x_wconf 79' lang='lat' dir='ltr'><strong>candidi</strong></span> <span class='ocrx_word' id='word_1_346' title='bbox 1831 2288 1921 2343; x_wconf 75' lang='lat' dir='ltr'><strong>M:</strong></span> <span class='ocrx_word' id='word_1_347' title='bbox 1950 2322 2021 2330; x_wconf 92' lang='lat'>—</span> <span class='ocrx_word' id='word_1_348' title='bbox 2063 2292 2357 2360; x_wconf 71' lang='lat' dir='ltr'><strong>deposuisse</strong></span> 
     </span>
     <span class='ocr_line' id='line_1_28' title="bbox 148 2366 2354 2439; baseline 0 -18"><span class='ocrx_word' id='word_1_349' title='bbox 148 2379 224 2421; x_wconf 80' lang='lat' dir='ltr'><strong>tur</strong></span> <span class='ocrx_word' id='word_1_350' title='bbox 245 2368 326 2421; x_wconf 86' lang='lat' dir='ltr'><strong>M.</strong></span> <span class='ocrx_word' id='word_1_351' title='bbox 351 2398 424 2409; x_wconf 88' lang='lat'>—</span> <span class='ocrx_word' id='word_1_352' title='bbox 450 2383 569 2421; x_wconf 79' lang='lat' dir='ltr'><strong>cum</strong></span> <span class='ocrx_word' id='word_1_353' title='bbox 595 2368 872 2435; x_wconf 80' lang='lat' dir='ltr'><strong>pompeius</strong></span> <span class='ocrx_word' id='word_1_354' title='bbox 895 2382 1004 2433; x_wconf 74' lang='lat' dir='ltr'><strong>esse</strong></span> <span class='ocrx_word' id='word_1_355' title='bbox 1037 2366 1094 2418; x_wconf 89' lang='lat' dir='ltr'><strong>in</strong></span> <span class='ocrx_word' id='word_1_356' title='bbox 1111 2366 1230 2435; x_wconf 72' lang='lat' dir='ltr'><strong>qal-</strong></span> <span class='ocrx_word' id='word_1_357' title='bbox 1268 2366 1450 2423; x_wconf 84' lang='lat' dir='ltr'><strong>Cobet</strong></span> <span class='ocrx_word' id='word_1_358' title='bbox 1491 2366 1787 2439; x_wconf 88' lang='lat' dir='ltr'><strong>(Mnemos.</strong></span> <span class='ocrx_word' id='word_1_359' title='bbox 1830 2366 1907 2421; x_wconf 87' lang='lat' dir='ltr'><strong>H.</strong></span> <span class='ocrx_word' id='word_1_360' title='bbox 1950 2384 2007 2438; x_wconf 88' lang='grc' dir='ltr'><strong>Ρ.</strong></span> <span class='ocrx_word' id='word_1_361' title='bbox 2041 2367 2213 2439; x_wconf 83' lang='grc'><strong>421.);</strong></span> <span class='ocrx_word' id='word_1_362' title='bbox 2253 2386 2354 2437; x_wconf 84' lang='lat' dir='ltr'><strong>po·-</strong></span> 
     </span>
     <span class='ocr_line' id='line_1_29' title="bbox 147 2442 2355 2519; baseline -0.001 -20"><span class='ocrx_word' id='word_1_363' title='bbox 147 2447 214 2500; x_wconf 83' lang='lat' dir='ltr'><strong>lia</strong></span> <span class='ocrx_word' id='word_1_364' title='bbox 235 2454 455 2501; x_wconf 79' lang='lat' dir='ltr'><strong>coactus</strong></span> <span class='ocrx_word' id='word_1_365' title='bbox 479 2453 558 2497; x_wconf 71' lang='lat' dir='ltr'><strong>est</strong></span> <span class='ocrx_word' id='word_1_366' title='bbox 581 2442 668 2495; x_wconf 79' lang='lat' dir='ltr'><strong>M:</strong></span> <span class='ocrx_word' id='word_1_367' title='bbox 694 2460 810 2497; x_wconf 81' lang='lat' dir='ltr'><strong>cum</strong></span> <span class='ocrx_word' id='word_1_368' title='bbox 832 2460 896 2497; x_wconf 75' lang='lat' dir='ltr'><strong>ex</strong></span> <span class='ocrx_word' id='word_1_369' title='bbox 914 2444 1086 2512; x_wconf 74' lang='lat' dir='ltr'><strong>qallia</strong></span> <span class='ocrx_word' id='word_1_370' title='bbox 1111 2458 1232 2519; x_wconf 79' lang='lat' dir='ltr'><strong>coa·</strong></span> <span class='ocrx_word' id='word_1_371' title='bbox 1265 2446 1431 2499; x_wconf 77' lang='lat' dir='ltr'><strong>saisse</strong></span> <span class='ocrx_word' id='word_1_372' title='bbox 1453 2444 1573 2499; x_wconf 87' lang='lat' dir='ltr'><strong>Mk.</strong></span> <span class='ocrx_word' id='word_1_373' title='bbox 1624 2442 1709 2500; x_wconf 83' lang='lat' dir='ltr'><strong>cf.</strong></span> <span class='ocrx_word' id='word_1_374' title='bbox 1730 2444 1809 2515; x_wconf 87' lang='lat' dir='ltr'><strong>H,</strong></span> <span class='ocrx_word' id='word_1_375' title='bbox 1825 2450 1907 2513; x_wconf 80' lang='lat'><strong>13,</strong></span> <span class='ocrx_word' id='word_1_376' title='bbox 1922 2450 1973 2498; x_wconf 83' lang='lat'><strong>2.</strong></span> <span class='ocrx_word' id='word_1_377' title='bbox 1997 2474 2066 2485; x_wconf 86' lang='lat'><strong>·-</strong></span> <span class='ocrx_word' id='word_1_378' title='bbox 2087 2447 2355 2499; x_wconf 70' lang='lat' dir='ltr'><strong>uxor-eada</strong></span> 
     </span>
     <span class='ocr_line' id='line_1_30' title="bbox 145 2519 2453 2595; baseline -0.001 -19"><span class='ocrx_word' id='word_1_379' title='bbox 145 2532 250 2577; x_wconf 81' lang='lat' dir='ltr'><strong>ctus</strong></span> <span class='ocrx_word' id='word_1_380' title='bbox 273 2532 410 2577; x_wconf 76' lang='lat' dir='ltr'><strong>esset</strong></span> <span class='ocrx_word' id='word_1_381' title='bbox 433 2520 566 2576; x_wconf 86' lang='lat' dir='ltr'><strong>edd.</strong></span> <span class='ocrx_word' id='word_1_382' title='bbox 590 2520 913 2589; x_wconf 85' lang='lat' dir='ltr'><strong>pleraeque.</strong></span> <span class='ocrx_word' id='word_1_383' title='bbox 963 2519 1080 2575; x_wconf 85' lang='lat' dir='ltr'><strong>Nos</strong></span> <span class='ocrx_word' id='word_1_384' title='bbox 1099 2519 1230 2575; x_wconf 89' lang='lat' dir='ltr'><strong>obe·</strong></span> <span class='ocrx_word' id='word_1_385' title='bbox 1269 2522 1405 2575; x_wconf 83' lang='lat' dir='ltr'><strong>bella</strong></span> <span class='ocrx_word' id='word_1_386' title='bbox 1446 2520 1523 2574; x_wconf 91' lang='lat' dir='ltr'><strong>M.</strong></span> <span class='ocrx_word' id='word_1_387' title='bbox 1572 2523 1593 2590; x_wconf 90' lang='grc'><strong>11</strong></span> <span class='ocrx_word' id='word_1_388' title='bbox 1642 2528 1693 2575; x_wconf 92' lang='grc'><strong>2.</strong></span> <span class='ocrx_word' id='word_1_389' title='bbox 1734 2538 1904 2592; x_wconf 83' lang='lat' dir='ltr'><strong>porro</strong></span> <span class='ocrx_word' id='word_1_390' title='bbox 1952 2524 2001 2575; x_wconf 85' lang='lat' dir='ltr'><strong>si</strong></span> <span class='ocrx_word' id='word_1_391' title='bbox 2043 2523 2355 2595; x_wconf 71' lang='lat' dir='ltr'><strong>siqnificatio</strong></span> <span class='ocrx_word' id='word_1_392' title='bbox 2444 2562 2453 2573; x_wconf 92' lang='lat'><strong>.</strong></span> 
     </span>
     <span class='ocr_line' id='line_1_31' title="bbox 145 2592 2354 2670; baseline -0 -17"><span class='ocrx_word' id='word_1_393' title='bbox 145 2599 254 2653; x_wconf 88' lang='lat' dir='ltr'><strong>lum</strong></span> <span class='ocrx_word' id='word_1_394' title='bbox 277 2598 622 2653; x_wconf 75' lang='lat' dir='ltr'><strong>addidimus.</strong></span> <span class='ocrx_word' id='word_1_395' title='bbox 645 2626 715 2637; x_wconf 88' lang='lat'><strong>—-</strong></span> <span class='ocrx_word' id='word_1_396' title='bbox 740 2598 1144 2651; x_wconf 65' lang='lat' dir='ltr'><strong>obtrectatur-um</strong></span> <span class='ocrx_word' id='word_1_397' title='bbox 1153 2592 1229 2650; x_wconf 90' lang='lat' dir='ltr'><strong>M.</strong></span> <span class='ocrx_word' id='word_1_398' title='bbox 1267 2598 1538 2655; x_wconf 83' lang='lat' dir='ltr'><strong>Orellius:</strong></span> <span class='ocrx_word' id='word_1_399' title='bbox 1554 2616 1725 2669; x_wconf 71' lang='lat' dir='ltr'><strong>porro</strong></span> <span class='ocrx_word' id='word_1_400' title='bbox 1747 2600 2058 2670; x_wconf 68' lang='lat' dir='ltr'><strong>siquificatio</strong></span> <span class='ocrx_word' id='word_1_401' title='bbox 2082 2596 2161 2652; x_wconf 91' lang='lat' dir='ltr'><strong>M.</strong></span> <span class='ocrx_word' id='word_1_402' title='bbox 2179 2630 2249 2639; x_wconf 89' lang='lat'><em>-</em></span> <span class='ocrx_word' id='word_1_403' title='bbox 2274 2603 2354 2652; x_wconf 81' lang='lat' dir='ltr'><strong>in-</strong></span> 
     </span>
     <span class='ocr_line' id='line_1_32' title="bbox 145 2673 2353 2745; baseline -0.001 -15"><span class='ocrx_word' id='word_1_404' title='bbox 145 2706 208 2717; x_wconf 80' lang='lat'><strong>—-</strong></span> <span class='ocrx_word' id='word_1_405' title='bbox 228 2680 590 2745; x_wconf 61' lang='lat' dir='ltr'><strong>aumoqatus</strong></span> <span class='ocrx_word' id='word_1_406' title='bbox 609 2684 684 2728; x_wconf 82' lang='lat' dir='ltr'><strong>est</strong></span> <span class='ocrx_word' id='word_1_407' title='bbox 708 2676 770 2728; x_wconf 83' lang='lat' dir='ltr'><strong>de</strong></span> <span class='ocrx_word' id='word_1_408' title='bbox 786 2673 1124 2729; x_wconf 82' lang='lat' dir='ltr'><strong>Lambinus:</strong></span> <span class='ocrx_word' id='word_1_409' title='bbox 1149 2676 1230 2729; x_wconf 86' lang='lat' dir='ltr'><strong>in·</strong></span> <span class='ocrx_word' id='word_1_410' title='bbox 1266 2678 1499 2731; x_wconf 72' lang='lat' dir='ltr'><strong>ter-cessit</strong></span> <span class='ocrx_word' id='word_1_411' title='bbox 1516 2675 1594 2728; x_wconf 91' lang='lat' dir='ltr'><strong>M.</strong></span> <span class='ocrx_word' id='word_1_412' title='bbox 1607 2677 1753 2740; x_wconf 87' lang='lat' dir='ltr'><strong>-—is]</strong></span> <span class='ocrx_word' id='word_1_413' title='bbox 1764 2677 1844 2729; x_wconf 83' lang='lat' dir='ltr'><strong>ius</strong></span> <span class='ocrx_word' id='word_1_414' title='bbox 1861 2674 1939 2727; x_wconf 90' lang='lat' dir='ltr'><strong>M.</strong></span> <span class='ocrx_word' id='word_1_415' title='bbox 1967 2675 1985 2743; x_wconf 93' lang='grc'><strong>11</strong></span> <span class='ocrx_word' id='word_1_416' title='bbox 2011 2681 2060 2728; x_wconf 80' lang='grc'><strong>8.</strong></span> <span class='ocrx_word' id='word_1_417' title='bbox 2071 2676 2253 2744; x_wconf 81' lang='lat' dir='ltr'><strong>foeda]</strong></span> <span class='ocrx_word' id='word_1_418' title='bbox 2267 2676 2353 2743; x_wconf 82' lang='lat' dir='ltr'><strong>fo-</strong></span> 
     </span>
     <span class='ocr_line' id='line_1_33' title="bbox 143 2750 2354 2823; baseline -0.001 -17"><span class='ocrx_word' id='word_1_419' title='bbox 143 2764 436 2823; x_wconf 73' lang='lat' dir='ltr'><strong>imoqatus</strong></span> <span class='ocrx_word' id='word_1_420' title='bbox 460 2754 525 2807; x_wconf 85' lang='lat' dir='ltr'><strong>de</strong></span> <span class='ocrx_word' id='word_1_421' title='bbox 541 2752 620 2806; x_wconf 88' lang='lat' dir='ltr'><strong>M.</strong></span> <span class='ocrx_word' id='word_1_422' title='bbox 638 2784 709 2793; x_wconf 88' lang='lat'><strong>-—·</strong></span> <span class='ocrx_word' id='word_1_423' title='bbox 723 2754 818 2805; x_wconf 72' lang='lat' dir='ltr'><strong>hoc</strong></span> <span class='ocrx_word' id='word_1_424' title='bbox 835 2761 911 2807; x_wconf 80' lang='lat' dir='ltr'><strong>est</strong></span> <span class='ocrx_word' id='word_1_425' title='bbox 933 2754 997 2805; x_wconf 83' lang='lat' dir='ltr'><strong>cle</strong></span> <span class='ocrx_word' id='word_1_426' title='bbox 1015 2754 1229 2821; x_wconf 81' lang='lat' dir='ltr'><strong>provin-</strong></span> <span class='ocrx_word' id='word_1_427' title='bbox 1267 2756 1396 2807; x_wconf 64' lang='grc' dir='ltr'><em>ἄεν-α</em></span> <span class='ocrx_word' id='word_1_428' title='bbox 1408 2752 1486 2806; x_wconf 84' lang='grc' dir='ltr'><strong>Μ.</strong></span> <span class='ocrx_word' id='word_1_429' title='bbox 1512 2755 1533 2821; x_wconf 95' lang='grc'><strong>11</strong></span> <span class='ocrx_word' id='word_1_430' title='bbox 1558 2752 1737 2817; x_wconf 78' lang='lat' dir='ltr'><strong>4.sed]</strong></span> <span class='ocrx_word' id='word_1_431' title='bbox 1748 2750 2177 2805; x_wconf 81' lang='lat' dir='ltr'><strong>seM.——-iaciant</strong></span> <span class='ocrx_word' id='word_1_432' title='bbox 2194 2751 2270 2805; x_wconf 91' lang='lat' dir='ltr'><strong>M.</strong></span> <span class='ocrx_word' id='word_1_433' title='bbox 2285 2782 2354 2793; x_wconf 91' lang='lat'><strong>—--</strong></span> 
     </span>
     <span class='ocr_line' id='line_1_34' title="bbox 146 2827 2353 2902; baseline -0.001 -19"><span class='ocrx_word' id='word_1_434' title='bbox 146 2832 230 2883; x_wconf 64' lang='lat' dir='ltr'><strong>eins</strong></span> <span class='ocrx_word' id='word_1_435' title='bbox 252 2830 366 2885; x_wconf 87' lang='lat' dir='ltr'><strong>del.</strong></span> <span class='ocrx_word' id='word_1_436' title='bbox 393 2829 714 2885; x_wconf 83' lang='lat' dir='ltr'><strong>Ernestius:</strong></span> <span class='ocrx_word' id='word_1_437' title='bbox 748 2844 924 2883; x_wconf 88' lang='lat' dir='ltr'><strong>uncos</strong></span> <span class='ocrx_word' id='word_1_438' title='bbox 946 2845 1054 2883; x_wconf 89' lang='lat' dir='ltr'><strong>om.</strong></span> <span class='ocrx_word' id='word_1_439' title='bbox 1080 2829 1137 2883; x_wconf 88' lang='lat' dir='ltr'><strong>k.</strong></span> <span class='ocrx_word' id='word_1_440' title='bbox 1160 2860 1231 2870; x_wconf 91' lang='lat'><strong>-—</strong></span> <span class='ocrx_word' id='word_1_441' title='bbox 1267 2830 1536 2902; x_wconf 75' lang='lat' dir='ltr'><strong>calficiwnt</strong></span> <span class='ocrx_word' id='word_1_442' title='bbox 1555 2827 1642 2881; x_wconf 83' lang='lat' dir='ltr'><strong>M:</strong></span> <span class='ocrx_word' id='word_1_443' title='bbox 1668 2827 1959 2895; x_wconf 77' lang='lat' dir='ltr'><strong>calfaciunt</strong></span> <span class='ocrx_word' id='word_1_444' title='bbox 1975 2827 2116 2881; x_wconf 83' lang='lat' dir='ltr'><strong>k.—·</strong></span> <span class='ocrx_word' id='word_1_445' title='bbox 2130 2846 2229 2881; x_wconf 85' lang='lat' dir='ltr'><strong>nos</strong></span> <span class='ocrx_word' id='word_1_446' title='bbox 2244 2846 2353 2882; x_wconf 84' lang='lat' dir='ltr'><strong>non</strong></span> 
     </span>
     <span class='ocr_line' id='line_1_35' title="bbox 145 2901 2354 2973; baseline -0 -12"><span class='ocrx_word' id='word_1_447' title='bbox 145 2910 430 2962; x_wconf 81' lang='lat' dir='ltr'><strong>arimenum</strong></span> <span class='ocrx_word' id='word_1_448' title='bbox 455 2906 534 2961; x_wconf 92' lang='lat' dir='ltr'><strong>M.</strong></span> <span class='ocrx_word' id='word_1_449' title='bbox 575 2938 627 2947; x_wconf 88' lang='lat'><em>-</em></span> <span class='ocrx_word' id='word_1_450' title='bbox 653 2908 828 2960; x_wconf 80' lang='lat' dir='ltr'><strong>statim</strong></span> <span class='ocrx_word' id='word_1_451' title='bbox 852 2906 942 2961; x_wconf 79' lang='lat' dir='ltr'><strong>ibit</strong></span> <span class='ocrx_word' id='word_1_452' title='bbox 967 2902 1228 2962; x_wconf 87' lang='lat' dir='ltr'><strong>Orellius.</strong></span> <span class='ocrx_word' id='word_1_453' title='bbox 1265 2908 1395 2961; x_wconf 64' lang='lat' dir='ltr'><strong>notit</strong></span> <span class='ocrx_word' id='word_1_454' title='bbox 1418 2902 1549 2960; x_wconf 74' lang='lat' dir='ltr'><strong>nest</strong></span> <span class='ocrx_word' id='word_1_455' title='bbox 1572 2925 1669 2960; x_wconf 84' lang='lat' dir='ltr'><strong>nos</strong></span> <span class='ocrx_word' id='word_1_456' title='bbox 1702 2906 1833 2959; x_wconf 68' lang='lat' dir='ltr'><strong>nihil</strong></span> <span class='ocrx_word' id='word_1_457' title='bbox 1856 2901 1941 2973; x_wconf 91' lang='lat' dir='ltr'><strong>M,</strong></span> <span class='ocrx_word' id='word_1_458' title='bbox 1976 2923 2075 2959; x_wconf 87' lang='lat' dir='ltr'><strong>nos</strong></span> <span class='ocrx_word' id='word_1_459' title='bbox 2096 2906 2179 2959; x_wconf 71' lang='lat' dir='ltr'><strong>hic</strong></span> <span class='ocrx_word' id='word_1_460' title='bbox 2200 2906 2257 2960; x_wconf 81' lang='lat' dir='ltr'><strong>k.</strong></span> <span class='ocrx_word' id='word_1_461' title='bbox 2284 2938 2354 2947; x_wconf 90' lang='lat'><strong>-—</strong></span> 
     </span>
     <span class='ocr_line' id='line_1_36' title="bbox 145 2980 2354 3054; baseline 0 -15"><span class='ocrx_word' id='word_1_462' title='bbox 145 3015 207 3025; x_wconf 88' lang='lat'><em>-</em></span> <span class='ocrx_word' id='word_1_463' title='bbox 229 2996 406 3039; x_wconf 74' lang='lat' dir='ltr'><strong>actum</strong></span> <span class='ocrx_word' id='word_1_464' title='bbox 439 2982 783 3039; x_wconf 80' lang='lat' dir='ltr'><strong>Lambinus:</strong></span> <span class='ocrx_word' id='word_1_465' title='bbox 815 2983 1016 3051; x_wconf 77' lang='lat' dir='ltr'><strong>factum</strong></span> <span class='ocrx_word' id='word_1_466' title='bbox 1049 2984 1127 3037; x_wconf 91' lang='lat' dir='ltr'><strong>M.</strong></span> <span class='ocrx_word' id='word_1_467' title='bbox 1160 3016 1229 3025; x_wconf 92' lang='lat'><strong>—</strong></span> <span class='ocrx_word' id='word_1_468' title='bbox 1263 2986 1567 3054; x_wconf 73' lang='lat' dir='ltr'><strong>riyescimus</strong></span> <span class='ocrx_word' id='word_1_469' title='bbox 1610 2980 1971 3043; x_wconf 82' lang='lat' dir='ltr'><strong>Gulielmius:</strong></span> <span class='ocrx_word' id='word_1_470' title='bbox 2026 2982 2354 3054; x_wconf 62' lang='lat' dir='ltr'><strong>frigescimus</strong></span> 
     </span>
     <span class='ocr_line' id='line_1_37' title="bbox 145 3059 2353 3133; baseline 0.001 -20"><span class='ocrx_word' id='word_1_471' title='bbox 145 3063 518 3133; x_wconf 63' lang='lat' dir='ltr'><strong>transigeretur</strong></span> <span class='ocrx_word' id='word_1_472' title='bbox 541 3063 730 3133; x_wconf 77' lang='lat' dir='ltr'><strong>aliquit</strong></span> <span class='ocrx_word' id='word_1_473' title='bbox 751 3060 829 3115; x_wconf 98' lang='lat' dir='ltr'><strong>M.</strong></span> <span class='ocrx_word' id='word_1_474' title='bbox 855 3094 924 3104; x_wconf 92' lang='lat'><em>—</em></span> <span class='ocrx_word' id='word_1_475' title='bbox 946 3063 1226 3116; x_wconf 81' lang='lat' dir='ltr'><strong>intercede·</strong></span> <span class='ocrx_word' id='word_1_476' title='bbox 1264 3060 1340 3115; x_wconf 90' lang='lat' dir='ltr'><strong>M.</strong></span> <span class='ocrx_word' id='word_1_477' title='bbox 1376 3059 1463 3117; x_wconf 81' lang='lat' dir='ltr'><strong>of.</strong></span> <span class='ocrx_word' id='word_1_478' title='bbox 1475 3059 1831 3131; x_wconf 84' lang='lat' dir='ltr'><strong>Wesenberg</strong></span> <span class='ocrx_word' id='word_1_479' title='bbox 1850 3078 1905 3131; x_wconf 89' lang='lat' dir='ltr'><strong>p.</strong></span> <span class='ocrx_word' id='word_1_480' title='bbox 1925 3066 2041 3115; x_wconf 85' lang='lat'><strong>102.</strong></span> <span class='ocrx_word' id='word_1_481' title='bbox 2058 3092 2129 3103; x_wconf 85' lang='lat'>-</span> <span class='ocrx_word' id='word_1_482' title='bbox 2147 3080 2353 3133; x_wconf 77' lang='lat' dir='ltr'><strong>quoquo</strong></span> 
     </span>
     <span class='ocr_line' id='line_1_38' title="bbox 139 3136 2353 3207; baseline 0.002 -17"><span class='ocrx_word' id='word_1_483' title='bbox 139 3148 280 3192; x_wconf 75' lang='lat' dir='ltr'><strong>retur</strong></span> <span class='ocrx_word' id='word_1_484' title='bbox 301 3138 384 3197; x_wconf 81' lang='lat' dir='ltr'><strong>M.</strong></span> <span class='ocrx_word' id='word_1_485' title='bbox 403 3170 477 3179; x_wconf 89' lang='lat'>—</span> <span class='ocrx_word' id='word_1_486' title='bbox 495 3137 676 3193; x_wconf 78' lang='lat' dir='ltr'><strong>coiecit</strong></span> <span class='ocrx_word' id='word_1_487' title='bbox 699 3137 786 3191; x_wconf 88' lang='lat' dir='ltr'><strong>M:</strong></span> <span class='ocrx_word' id='word_1_488' title='bbox 812 3142 1028 3194; x_wconf 75' lang='lat' dir='ltr'><strong>coniecit</strong></span> <span class='ocrx_word' id='word_1_489' title='bbox 1044 3138 1104 3193; x_wconf 84' lang='lat' dir='ltr'><strong>k.</strong></span> <span class='ocrx_word' id='word_1_490' title='bbox 1139 3136 1226 3193; x_wconf 82' lang='lat' dir='ltr'><strong>of.</strong></span> <span class='ocrx_word' id='word_1_491' title='bbox 1263 3141 1417 3192; x_wconf 80' lang='lat' dir='ltr'><strong>modo</strong></span> <span class='ocrx_word' id='word_1_492' title='bbox 1463 3140 1659 3207; x_wconf 75' lang='lat' dir='ltr'><strong>potuit,</strong></span> <span class='ocrx_word' id='word_1_493' title='bbox 1692 3140 1830 3191; x_wconf 86' lang='lat' dir='ltr'><strong>-sine</strong></span> <span class='ocrx_word' id='word_1_494' title='bbox 1874 3138 2086 3191; x_wconf 73' lang='lat' dir='ltr'><strong>Parthis</strong></span> <span class='ocrx_word' id='word_1_495' title='bbox 2130 3140 2353 3193; x_wconf 79' lang='lat' dir='ltr'><strong>Bibulus</strong></span> 
     </span>
     <span class='ocr_line' id='line_1_39' title="bbox 137 3210 2353 3286; baseline -0.002 -15"><span class='ocrx_word' id='word_1_496' title='bbox 137 3228 225 3285; x_wconf 78' lang='lat' dir='ltr'><strong>ep.</strong></span> <span class='ocrx_word' id='word_1_497' title='bbox 251 3222 304 3286; x_wconf 84' lang='lat'><strong>8,</strong></span> <span class='ocrx_word' id='word_1_498' title='bbox 317 3222 370 3271; x_wconf 85' lang='lat'><strong>8.</strong></span> <span class='ocrx_word' id='word_1_499' title='bbox 395 3216 505 3284; x_wconf 85' lang='grc' dir='ltr'><strong>ΙΧ,</strong></span> <span class='ocrx_word' id='word_1_500' title='bbox 533 3222 618 3284; x_wconf 86' lang='grc'><strong>20,</strong></span> <span class='ocrx_word' id='word_1_501' title='bbox 636 3222 682 3269; x_wconf 93' lang='grc'><strong>1.</strong></span> <span class='ocrx_word' id='word_1_502' title='bbox 707 3214 787 3286; x_wconf 78' lang='lat' dir='ltr'><strong>X,</strong></span> <span class='ocrx_word' id='word_1_503' title='bbox 810 3222 896 3285; x_wconf 79' lang='lat'><strong>80,</strong></span> <span class='ocrx_word' id='word_1_504' title='bbox 909 3222 958 3271; x_wconf 87' lang='lat'><strong>3.</strong></span> <span class='ocrx_word' id='word_1_505' title='bbox 977 3246 1048 3257; x_wconf 91' lang='lat'><strong>--</strong></span> <span class='ocrx_word' id='word_1_506' title='bbox 1069 3218 1228 3271; x_wconf 87' lang='lat' dir='ltr'><strong>Pom-</strong></span> <span class='ocrx_word' id='word_1_507' title='bbox 1263 3215 1498 3285; x_wconf 82' lang='lat' dir='ltr'><strong>Madvig</strong></span> <span class='ocrx_word' id='word_1_508' title='bbox 1519 3213 1635 3286; x_wconf 88' lang='lat' dir='ltr'><strong>(ap.</strong></span> <span class='ocrx_word' id='word_1_509' title='bbox 1662 3210 1929 3267; x_wconf 83' lang='lat' dir='ltr'><strong>Wesenb.</strong></span> <span class='ocrx_word' id='word_1_510' title='bbox 1948 3232 2005 3284; x_wconf 91' lang='grc' dir='ltr'><strong>Ρ.</strong></span> <span class='ocrx_word' id='word_1_511' title='bbox 2032 3215 2201 3285; x_wconf 75' lang='grc' dir='ltr'><strong>102.)ε</strong></span> <span class='ocrx_word' id='word_1_512' title='bbox 2226 3234 2353 3285; x_wconf 83' lang='lat' dir='ltr'><strong>quo-</strong></span> 
     </span>
     <span class='ocr_line' id='line_1_40' title="bbox 143 3291 2355 3366; baseline -0.002 -19"><span class='ocrx_word' id='word_1_513' title='bbox 143 3295 304 3361; x_wconf 78' lang='lat' dir='ltr'><strong>peius]</strong></span> <span class='ocrx_word' id='word_1_514' title='bbox 351 3296 599 3366; x_wconf 82' lang='lat' dir='ltr'><strong>pompeio</strong></span> <span class='ocrx_word' id='word_1_515' title='bbox 640 3292 718 3347; x_wconf 90' lang='lat' dir='ltr'><strong>M.</strong></span> <span class='ocrx_word' id='word_1_516' title='bbox 760 3324 830 3333; x_wconf 95' lang='lat'><strong>—</strong></span> <span class='ocrx_word' id='word_1_517' title='bbox 867 3294 1094 3363; x_wconf 77' lang='lat' dir='ltr'><strong>paulam</strong></span> <span class='ocrx_word' id='word_1_518' title='bbox 1137 3292 1204 3345; x_wconf 90' lang='lat' dir='ltr'><strong>M</strong></span> <span class='ocrx_word' id='word_1_519' title='bbox 1213 3310 1228 3346; x_wconf 69' lang='grc' dir='ltr'><strong><em>ε</em></strong></span> <span class='ocrx_word' id='word_1_520' title='bbox 1264 3311 1367 3365; x_wconf 79' lang='lat' dir='ltr'><strong>quo</strong></span> <span class='ocrx_word' id='word_1_521' title='bbox 1406 3292 1559 3344; x_wconf 83' lang='lat' dir='ltr'><strong>modo</strong></span> <span class='ocrx_word' id='word_1_522' title='bbox 1599 3291 1681 3343; x_wconf 74' lang='lat' dir='ltr'><strong>hic</strong></span> <span class='ocrx_word' id='word_1_523' title='bbox 1721 3292 1896 3344; x_wconf 82' lang='lat' dir='ltr'><strong>omnia</strong></span> <span class='ocrx_word' id='word_1_524' title='bbox 1936 3293 2144 3346; x_wconf 78' lang='lat' dir='ltr'><strong>iaceant</strong></span> <span class='ocrx_word' id='word_1_525' title='bbox 2184 3293 2355 3359; x_wconf 73' lang='lat' dir='ltr'><strong>potuit</strong></span> 
     </span>
     <span class='ocr_line' id='line_1_41' title="bbox 141 3366 2351 3441; baseline -0.002 -18"><span class='ocrx_word' id='word_1_526' title='bbox 141 3371 390 3425; x_wconf 76' lang='lat' dir='ltr'><strong>Paullum</strong></span> <span class='ocrx_word' id='word_1_527' title='bbox 405 3370 465 3423; x_wconf 82' lang='lat' dir='ltr'><strong>k.</strong></span> <span class='ocrx_word' id='word_1_528' title='bbox 491 3371 514 3441; x_wconf 74' lang='lat' dir='ltr'>fl</span> <span class='ocrx_word' id='word_1_529' title='bbox 539 3376 588 3425; x_wconf 85' lang='lat'><strong>5.</strong></span> <span class='ocrx_word' id='word_1_530' title='bbox 608 3372 674 3424; x_wconf 84' lang='lat' dir='ltr'><strong>de</strong></span> <span class='ocrx_word' id='word_1_531' title='bbox 686 3372 992 3439; x_wconf 73' lang='lat' dir='ltr'><strong>pamtheriis</strong></span> <span class='ocrx_word' id='word_1_532' title='bbox 1015 3372 1228 3425; x_wconf 76' lang='lat' dir='ltr'><strong>utcibu-</strong></span> <span class='ocrx_word' id='word_1_533' title='bbox 1262 3371 1376 3423; x_wconf 79' lang='lat' dir='ltr'><strong>sine</strong></span> <span class='ocrx_word' id='word_1_534' title='bbox 1388 3369 1597 3438; x_wconf 70' lang='lat' dir='ltr'><strong>parthis</strong></span> <span class='ocrx_word' id='word_1_535' title='bbox 1621 3408 1633 3419; x_wconf 93' lang='lat'><strong>.</strong></span> <span class='ocrx_word' id='word_1_536' title='bbox 1663 3367 1863 3423; x_wconf 77' lang='lat' dir='ltr'><strong>bibulus</strong></span> <span class='ocrx_word' id='word_1_537' title='bbox 1885 3366 1964 3420; x_wconf 89' lang='lat' dir='ltr'><strong>M.</strong></span> <span class='ocrx_word' id='word_1_538' title='bbox 1988 3398 2056 3407; x_wconf 91' lang='grc'><strong>--</strong></span> <span class='ocrx_word' id='word_1_539' title='bbox 2087 3369 2183 3419; x_wconf 73' lang='lat' dir='ltr'><strong>hoc</strong></span> <span class='ocrx_word' id='word_1_540' title='bbox 2206 3370 2255 3420; x_wconf 80' lang='lat' dir='ltr'><strong>si</strong></span> <span class='ocrx_word' id='word_1_541' title='bbox 2274 3366 2351 3435; x_wconf 92' lang='lat' dir='ltr'><strong>M,</strong></span> 
     </span>
     <span class='ocr_line' id='line_1_42' title="bbox 140 3442 2350 3516; baseline 0 -17"><span class='ocrx_word' id='word_1_542' title='bbox 140 3456 286 3501; x_wconf 75' lang='lat' dir='ltr'><strong>ratas</strong></span> <span class='ocrx_word' id='word_1_543' title='bbox 317 3464 566 3503; x_wconf 77' lang='lat' dir='ltr'><strong>accersas</strong></span> <span class='ocrx_word' id='word_1_544' title='bbox 597 3446 676 3501; x_wconf 89' lang='lat' dir='ltr'><strong>M.</strong></span> <span class='ocrx_word' id='word_1_545' title='bbox 704 3480 767 3490; x_wconf 87' lang='lat'><em>-</em></span> <span class='ocrx_word' id='word_1_546' title='bbox 801 3456 860 3502; x_wconf 81' lang='lat' dir='ltr'><strong>ut</strong></span> <span class='ocrx_word' id='word_1_547' title='bbox 891 3448 1036 3516; x_wconf 60' lang='lat' dir='ltr'><strong>maa]</strong></span> <span class='ocrx_word' id='word_1_548' title='bbox 1071 3456 1129 3501; x_wconf 80' lang='lat' dir='ltr'><strong>ut</strong></span> <span class='ocrx_word' id='word_1_549' title='bbox 1158 3448 1234 3500; x_wconf 86' lang='lat' dir='ltr'><strong>mi</strong></span> <span class='ocrx_word' id='word_1_550' title='bbox 1261 3448 1360 3501; x_wconf 75' lang='lat' dir='ltr'><strong>huc</strong></span> <span class='ocrx_word' id='word_1_551' title='bbox 1377 3449 1454 3499; x_wconf 86' lang='lat' dir='ltr'><strong>sic</strong></span> <span class='ocrx_word' id='word_1_552' title='bbox 1466 3442 1723 3500; x_wconf 88' lang='lat' dir='ltr'><strong>Orellius.</strong></span> <span class='ocrx_word' id='word_1_553' title='bbox 1767 3442 1854 3499; x_wconf 83' lang='lat' dir='ltr'><strong>cf.</strong></span> <span class='ocrx_word' id='word_1_554' title='bbox 1872 3442 2187 3513; x_wconf 83' lang='lat' dir='ltr'><strong>Buecheler</strong></span> <span class='ocrx_word' id='word_1_555' title='bbox 2206 3444 2350 3499; x_wconf 88' lang='lat' dir='ltr'><strong>Mus.</strong></span> 
     </span>
     <span class='ocr_line' id='line_1_43' title="bbox 141 3520 2353 3597; baseline -0.002 -19"><span class='ocrx_word' id='word_1_556' title='bbox 141 3523 256 3578; x_wconf 83' lang='lat' dir='ltr'><strong>Mk.</strong></span> <span class='ocrx_word' id='word_1_557' title='bbox 288 3556 360 3567; x_wconf 88' lang='lat'>-</span> <span class='ocrx_word' id='word_1_558' title='bbox 391 3534 470 3579; x_wconf 81' lang='lat' dir='ltr'><strong>est</strong></span> <span class='ocrx_word' id='word_1_559' title='bbox 500 3523 862 3597; x_wconf 85' lang='lat' dir='ltr'><strong>Wesenberg</strong></span> <span class='ocrx_word' id='word_1_560' title='bbox 894 3524 972 3597; x_wconf 90' lang='lat' dir='ltr'><strong>(p.</strong></span> <span class='ocrx_word' id='word_1_561' title='bbox 1015 3530 1095 3578; x_wconf 91' lang='grc'><strong>17.</strong></span> <span class='ocrx_word' id='word_1_562' title='bbox 1121 3528 1229 3593; x_wconf 90' lang='lat' dir='ltr'><strong>n.):</strong></span> <span class='ocrx_word' id='word_1_563' title='bbox 1262 3524 1445 3579; x_wconf 85' lang='lat' dir='ltr'><strong>Bhen.</strong></span> <span class='ocrx_word' id='word_1_564' title='bbox 1469 3522 1575 3577; x_wconf 89' lang='lat' dir='ltr'><strong>XI.</strong></span> <span class='ocrx_word' id='word_1_565' title='bbox 1608 3540 1663 3593; x_wconf 90' lang='lat' dir='ltr'><strong>p.</strong></span> <span class='ocrx_word' id='word_1_566' title='bbox 1690 3528 1807 3577; x_wconf 81' lang='lat'><strong>515.</strong></span> <span class='ocrx_word' id='word_1_567' title='bbox 1842 3523 1863 3593; x_wconf 93' lang='grc'><strong>11</strong></span> <span class='ocrx_word' id='word_1_568' title='bbox 1901 3528 1950 3575; x_wconf 86' lang='grc'><strong>5.</strong></span> <span class='ocrx_word' id='word_1_569' title='bbox 1987 3525 2159 3577; x_wconf 82' lang='lat' dir='ltr'><strong>calent</strong></span> <span class='ocrx_word' id='word_1_570' title='bbox 2182 3520 2259 3575; x_wconf 90' lang='lat' dir='ltr'><strong>M.</strong></span> <span class='ocrx_word' id='word_1_571' title='bbox 2284 3555 2353 3565; x_wconf 93' lang='lat'><strong>—-</strong></span> 
     </span>
     <span class='ocr_line' id='line_1_44' title="bbox 139 3599 2352 3674; baseline -0.001 -19"><span class='ocrx_word' id='word_1_572' title='bbox 139 3618 248 3655; x_wconf 86' lang='lat' dir='ltr'><strong>om.</strong></span> <span class='ocrx_word' id='word_1_573' title='bbox 271 3601 350 3655; x_wconf 90' lang='lat' dir='ltr'><strong>M.</strong></span> <span class='ocrx_word' id='word_1_574' title='bbox 380 3634 444 3644; x_wconf 91' lang='lat'><em>—</em></span> <span class='ocrx_word' id='word_1_575' title='bbox 469 3603 620 3673; x_wconf 66' lang='lat' dir='ltr'><strong>qaid]</strong></span> <span class='ocrx_word' id='word_1_576' title='bbox 647 3604 852 3674; x_wconf 83' lang='lat' dir='ltr'><strong>quidem</strong></span> <span class='ocrx_word' id='word_1_577' title='bbox 876 3601 953 3656; x_wconf 90' lang='lat' dir='ltr'><strong>M.</strong></span> <span class='ocrx_word' id='word_1_578' title='bbox 1263 3602 1619 3657; x_wconf 71' lang='lat' dir='ltr'><strong>inter-calendo</strong></span> <span class='ocrx_word' id='word_1_579' title='bbox 1642 3599 1719 3652; x_wconf 88' lang='lat' dir='ltr'><strong>M.</strong></span> <span class='ocrx_word' id='word_1_580' title='bbox 1749 3630 1812 3639; x_wconf 94' lang='lat'><strong>—</strong></span> <span class='ocrx_word' id='word_1_581' title='bbox 1847 3602 2250 3655; x_wconf 78' lang='lat' dir='ltr'><strong>alumentariam</strong></span> <span class='ocrx_word' id='word_1_582' title='bbox 2274 3599 2352 3653; x_wconf 90' lang='lat' dir='ltr'><strong>M.</strong></span> 
     </span>
     <span class='ocr_line' id='line_1_45' title="bbox 203 3676 2356 3751; baseline -0.003 -18"><span class='ocrx_word' id='word_1_583' title='bbox 203 3678 315 3749; x_wconf 86' lang='lat' dir='ltr'><strong>Ep.</strong></span> <span class='ocrx_word' id='word_1_584' title='bbox 339 3686 390 3734; x_wconf 83' lang='lat'><strong>5.</strong></span> <span class='ocrx_word' id='word_1_585' title='bbox 417 3679 468 3751; x_wconf 67' lang='grc' dir='ltr'><strong>ξ.</strong></span> <span class='ocrx_word' id='word_1_586' title='bbox 500 3686 548 3733; x_wconf 89' lang='lat'><strong>1.</strong></span> <span class='ocrx_word' id='word_1_587' title='bbox 583 3680 853 3749; x_wconf 75' lang='lat' dir='ltr'><strong>reqionum</strong></span> <span class='ocrx_word' id='word_1_588' title='bbox 886 3694 1028 3734; x_wconf 84' lang='lat' dir='ltr'><strong>corr.</strong></span> <span class='ocrx_word' id='word_1_589' title='bbox 1054 3695 1122 3734; x_wconf 85' lang='lat' dir='ltr'><strong>ex</strong></span> <span class='ocrx_word' id='word_1_590' title='bbox 1145 3697 1229 3733; x_wconf 87' lang='lat' dir='ltr'><strong>re-</strong></span> <span class='ocrx_word' id='word_1_591' title='bbox 1273 3712 1330 3721; x_wconf 90' lang='lat'><em>-</em></span> <span class='ocrx_word' id='word_1_592' title='bbox 1357 3696 1464 3751; x_wconf 80' lang='lat' dir='ltr'><strong>qua</strong></span> <span class='ocrx_word' id='word_1_593' title='bbox 1486 3677 1571 3733; x_wconf 81' lang='lat' dir='ltr'><strong>Le</strong></span> <span class='ocrx_word' id='word_1_594' title='bbox 1596 3676 1789 3743; x_wconf 84' lang='lat' dir='ltr'><strong>Clerc:</strong></span> <span class='ocrx_word' id='word_1_595' title='bbox 1812 3689 1957 3749; x_wconf 79' lang='lat' dir='ltr'><strong>&#39;quas</strong></span> <span class='ocrx_word' id='word_1_596' title='bbox 1989 3676 2065 3731; x_wconf 88' lang='lat' dir='ltr'><strong>M.</strong></span> <span class='ocrx_word' id='word_1_597' title='bbox 2092 3706 2160 3716; x_wconf 87' lang='lat'><em>-</em></span> <span class='ocrx_word' id='word_1_598' title='bbox 2194 3678 2275 3728; x_wconf 78' lang='lat' dir='ltr'><strong>me</strong></span> <span class='ocrx_word' id='word_1_599' title='bbox 2306 3677 2356 3727; x_wconf 84' lang='lat' dir='ltr'><strong>ei</strong></span> 
     </span>
     <span class='ocr_line' id='line_1_46' title="bbox 143 3750 2353 3827; baseline -0.002 -17"><span class='ocrx_word' id='word_1_600' title='bbox 143 3757 390 3827; x_wconf 70' lang='lat' dir='ltr'><strong>liyionum</strong></span> <span class='ocrx_word' id='word_1_601' title='bbox 419 3754 501 3811; x_wconf 85' lang='lat' dir='ltr'><strong>M.</strong></span> <span class='ocrx_word' id='word_1_602' title='bbox 523 3786 596 3797; x_wconf 91' lang='lat'><strong>--</strong></span> <span class='ocrx_word' id='word_1_603' title='bbox 626 3758 722 3811; x_wconf 73' lang='lat' dir='ltr'><strong>hoc</strong></span> <span class='ocrx_word' id='word_1_604' title='bbox 753 3758 904 3821; x_wconf 71' lang='lat' dir='ltr'><strong>modo</strong></span> <span class='ocrx_word' id='word_1_605' title='bbox 935 3772 1050 3811; x_wconf 85' lang='lat' dir='ltr'><strong>rem</strong></span> <span class='ocrx_word' id='word_1_606' title='bbox 1081 3756 1228 3811; x_wconf 91' lang='lat' dir='ltr'><strong>Ben-</strong></span> <span class='ocrx_word' id='word_1_607' title='bbox 1263 3759 1319 3811; x_wconf 84' lang='lat' dir='ltr'><strong>in</strong></span> <span class='ocrx_word' id='word_1_608' title='bbox 1342 3754 1613 3811; x_wconf 87' lang='lat' dir='ltr'><strong>Orellius:</strong></span> <span class='ocrx_word' id='word_1_609' title='bbox 1637 3772 1717 3808; x_wconf 90' lang='lat' dir='ltr'><strong>me</strong></span> <span class='ocrx_word' id='word_1_610' title='bbox 1742 3757 1799 3807; x_wconf 81' lang='lat' dir='ltr'><strong>in</strong></span> <span class='ocrx_word' id='word_1_611' title='bbox 1824 3753 1901 3807; x_wconf 93' lang='lat' dir='ltr'><strong>M.</strong></span> <span class='ocrx_word' id='word_1_612' title='bbox 1920 3784 1990 3793; x_wconf 89' lang='lat'><strong>——</strong></span> <span class='ocrx_word' id='word_1_613' title='bbox 2010 3752 2253 3827; x_wconf 74' lang='lat' dir='ltr'><strong>opinione</strong></span> <span class='ocrx_word' id='word_1_614' title='bbox 2274 3750 2353 3807; x_wconf 89' lang='lat' dir='ltr'><strong>M.</strong></span> 
     </span>
     <span class='ocr_line' id='line_1_47' title="bbox 141 3828 2355 3904; baseline -0.003 -16"><span class='ocrx_word' id='word_1_615' title='bbox 141 3833 347 3904; x_wconf 77' lang='lat' dir='ltr'><strong>gelius:</strong></span> <span class='ocrx_word' id='word_1_616' title='bbox 379 3835 480 3889; x_wconf 72' lang='lat' dir='ltr'><strong>hoc</strong></span> <span class='ocrx_word' id='word_1_617' title='bbox 503 3852 651 3889; x_wconf 83' lang='lat' dir='ltr'><strong>more</strong></span> <span class='ocrx_word' id='word_1_618' title='bbox 673 3832 750 3887; x_wconf 89' lang='grc' dir='ltr'><strong>Μ.</strong></span> <span class='ocrx_word' id='word_1_619' title='bbox 775 3862 848 3875; x_wconf 86' lang='lat'><strong>--</strong></span> <span class='ocrx_word' id='word_1_620' title='bbox 877 3838 964 3900; x_wconf 81' lang='lat' dir='ltr'><strong>ut]</strong></span> <span class='ocrx_word' id='word_1_621' title='bbox 987 3842 1037 3887; x_wconf 79' lang='lat' dir='ltr'><strong>et</strong></span> <span class='ocrx_word' id='word_1_622' title='bbox 1059 3832 1136 3887; x_wconf 87' lang='lat' dir='ltr'><strong>M.</strong></span> <span class='ocrx_word' id='word_1_623' title='bbox 1162 3863 1231 3874; x_wconf 92' lang='lat'><strong>-—</strong></span> <span class='ocrx_word' id='word_1_624' title='bbox 1332 3832 1440 3904; x_wconf 88' lang='lat' dir='ltr'><strong>Ep.</strong></span> <span class='ocrx_word' id='word_1_625' title='bbox 1470 3838 1519 3886; x_wconf 88' lang='grc'><strong>7.</strong></span> <span class='ocrx_word' id='word_1_626' title='bbox 1544 3830 1592 3903; x_wconf 69' lang='lat'><strong>§-</strong></span> <span class='ocrx_word' id='word_1_627' title='bbox 1626 3834 1801 3885; x_wconf 57' lang='lat' dir='ltr'><strong>lxo-ito</strong></span> <span class='ocrx_word' id='word_1_628' title='bbox 1826 3830 1935 3886; x_wconf 89' lang='lat' dir='ltr'><strong>del.</strong></span> <span class='ocrx_word' id='word_1_629' title='bbox 1961 3828 2260 3901; x_wconf 81' lang='lat' dir='ltr'><strong>Pluygers.</strong></span> <span class='ocrx_word' id='word_1_630' title='bbox 2285 3860 2355 3869; x_wconf 89' lang='lat'><strong>—</strong></span> 
     </span>
     <span class='ocr_line' id='line_1_48' title="bbox 139 3905 2353 3983; baseline -0.003 -19"><span class='ocrx_word' id='word_1_631' title='bbox 139 3922 389 3981; x_wconf 76' lang='lat' dir='ltr'><strong>quantum</strong></span> <span class='ocrx_word' id='word_1_632' title='bbox 417 3912 638 3983; x_wconf 73' lang='lat' dir='ltr'><strong>yloriae·</strong></span> <span class='ocrx_word' id='word_1_633' title='bbox 661 3912 736 3965; x_wconf 82' lang='lat' dir='ltr'><strong>ad</strong></span> <span class='ocrx_word' id='word_1_634' title='bbox 764 3912 1077 3983; x_wconf 65' lang='lat' dir='ltr'><strong>triumphum</strong></span> <span class='ocrx_word' id='word_1_635' title='bbox 1101 3929 1232 3981; x_wconf 79' lang='lat' dir='ltr'><strong>opus</strong></span> <span class='ocrx_word' id='word_1_636' title='bbox 1263 3912 1381 3965; x_wconf 80' lang='lat' dir='ltr'><strong>istic</strong></span> <span class='ocrx_word' id='word_1_637' title='bbox 1404 3926 1544 3965; x_wconf 86' lang='lat' dir='ltr'><strong>corr.</strong></span> <span class='ocrx_word' id='word_1_638' title='bbox 1572 3926 1640 3964; x_wconf 88' lang='lat' dir='ltr'><strong>ex</strong></span> <span class='ocrx_word' id='word_1_639' title='bbox 1662 3909 1814 3961; x_wconf 80' lang='lat' dir='ltr'><strong>istinc</strong></span> <span class='ocrx_word' id='word_1_640' title='bbox 1832 3905 1909 3960; x_wconf 90' lang='lat' dir='ltr'><strong>M.</strong></span> <span class='ocrx_word' id='word_1_641' title='bbox 1938 3907 1957 3978; x_wconf 90' lang='grc'><strong>11</strong></span> <span class='ocrx_word' id='word_1_642' title='bbox 1982 3912 2029 3960; x_wconf 91' lang='grc'><strong>2.</strong></span> <span class='ocrx_word' id='word_1_643' title='bbox 2052 3908 2353 3960; x_wconf 81' lang='lat' dir='ltr'><strong>adulescen-</strong></span> 
     </span>
     <span class='ocr_line' id='line_1_49' title="bbox 139 3980 2353 4061; baseline -0.004 -19"><span class='ocrx_word' id='word_1_644' title='bbox 139 3998 266 4043; x_wconf 76' lang='lat' dir='ltr'><strong>esset</strong></span> <span class='ocrx_word' id='word_1_645' title='bbox 277 3988 586 4061; x_wconf 83' lang='lat' dir='ltr'><strong>Pluygers.</strong></span> <span class='ocrx_word' id='word_1_646' title='bbox 603 4018 674 4029; x_wconf 93' lang='lat'>—</span> <span class='ocrx_word' id='word_1_647' title='bbox 693 3990 1080 4045; x_wconf 74' lang='lat' dir='ltr'><strong>contemtionem</strong></span> <span class='ocrx_word' id='word_1_648' title='bbox 1097 3988 1174 4043; x_wconf 89' lang='lat' dir='ltr'><strong>M.</strong></span> <span class='ocrx_word' id='word_1_649' title='bbox 1199 3992 1218 4057; x_wconf 90' lang='grc'><strong>11</strong></span> <span class='ocrx_word' id='word_1_650' title='bbox 1266 3990 1369 4042; x_wconf 82' lang='lat' dir='ltr'><strong>tior</strong></span> <span class='ocrx_word' id='word_1_651' title='bbox 1400 3997 1477 4041; x_wconf 83' lang='lat' dir='ltr'><strong>est</strong></span> <span class='ocrx_word' id='word_1_652' title='bbox 1505 3989 1630 4041; x_wconf 80' lang='lat' dir='ltr'><strong>illae</strong></span> <span class='ocrx_word' id='word_1_653' title='bbox 1658 3986 1826 4059; x_wconf 80' lang='lat' dir='ltr'><strong>filium</strong></span> <span class='ocrx_word' id='word_1_654' title='bbox 1859 3982 1937 4038; x_wconf 90' lang='lat' dir='ltr'><strong>M.</strong></span> <span class='ocrx_word' id='word_1_655' title='bbox 1967 4014 2037 4024; x_wconf 93' lang='lat'><strong>—-</strong></span> <span class='ocrx_word' id='word_1_656' title='bbox 2063 3985 2234 4053; x_wconf 80' lang='lat' dir='ltr'><strong>paula</strong></span> <span class='ocrx_word' id='word_1_657' title='bbox 2266 3980 2353 4034; x_wconf 83' lang='lat' dir='ltr'><strong>M:</strong></span> 
     </span>
     <span class='ocr_line' id='line_1_50' title="bbox 139 4060 2353 4123; baseline -0.004 -4"><span class='ocrx_word' id='word_1_658' title='bbox 139 4070 186 4119; x_wconf 84' lang='grc'><strong>2.</strong></span> <span class='ocrx_word' id='word_1_659' title='bbox 217 4067 366 4119; x_wconf 65' lang='grc' dir='ltr'><strong>πίσω</strong></span> <span class='ocrx_word' id='word_1_660' title='bbox 397 4076 474 4119; x_wconf 73' lang='lat' dir='ltr'><strong>est</strong></span> <span class='ocrx_word' id='word_1_661' title='bbox 495 4064 577 4121; x_wconf 88' lang='lat' dir='ltr'><strong>M.</strong></span> <span class='ocrx_word' id='word_1_662' title='bbox 611 4096 680 4107; x_wconf 92' lang='lat'><strong>—-</strong></span> <span class='ocrx_word' id='word_1_663' title='bbox 716 4068 780 4121; x_wconf 82' lang='lat' dir='ltr'><strong>de</strong></span> <span class='ocrx_word' id='word_1_664' title='bbox 805 4067 1002 4123; x_wconf 83' lang='lat' dir='ltr'><strong>Galliis</strong></span> <span class='ocrx_word' id='word_1_665' title='bbox 1032 4064 1229 4121; x_wconf 86' lang='lat' dir='ltr'><strong>Manu·</strong></span> <span class='ocrx_word' id='word_1_666' title='bbox 1265 4066 1467 4121; x_wconf 80' lang='lat' dir='ltr'><strong>Paulla</strong></span> <span class='ocrx_word' id='word_1_667' title='bbox 1488 4063 1544 4117; x_wconf 87' lang='lat' dir='ltr'><strong>k.</strong></span> <span class='ocrx_word' id='word_1_668' title='bbox 1570 4094 1638 4103; x_wconf 98' lang='lat'><strong>—</strong></span> <span class='ocrx_word' id='word_1_669' title='bbox 1672 4063 1830 4117; x_wconf 70' lang='lat' dir='ltr'><strong>mari</strong></span> <span class='ocrx_word' id='word_1_670' title='bbox 1848 4060 1925 4117; x_wconf 91' lang='lat' dir='ltr'><strong>M.</strong></span> <span class='ocrx_word' id='word_1_671' title='bbox 1942 4092 2019 4109; x_wconf 62' lang='grc' dir='ltr'><strong>ι-</strong></span> <span class='ocrx_word' id='word_1_672' title='bbox 2044 4062 2353 4118; x_wconf 69' lang='lat' dir='ltr'><strong>rettulerant</strong></span> 
     </span>
     <span class='ocr_line' id='line_1_51' title="bbox 243 4149 1885 4197; baseline -0.001 0"><span class='ocrx_word' id='word_1_673' title='bbox 243 4152 464 4197; x_wconf 61' lang='lat' dir='ltr'><strong>Cicereius</strong></span> <span class='ocrx_word' id='word_1_674' title='bbox 483 4154 566 4197; x_wconf 75' lang='lat' dir='ltr'><strong>vol.</strong></span> <span class='ocrx_word' id='word_1_675' title='bbox 585 4150 660 4196; x_wconf 78' lang='lat' dir='ltr'><strong>IX.</strong></span> <span class='ocrx_word' id='word_1_676' title='bbox 1109 4180 1113 4185; x_wconf 91' lang='lat'><em>-</em></span> <span class='ocrx_word' id='word_1_677' title='bbox 1849 4149 1885 4189; x_wconf 81' lang='grc' dir='ltr'><strong>Ο</strong></span> 
     </span>
    </p>
   </div>
  </div>
 </body>
</html>
