2675 4559
2164 56 2179 77 ,ι
2220 66 2226 73 .
2322 51 2387 73 ==⁴

506 222 642 290 354
1130 233 1206 287 Μ.
1242 230 1516 290 TULLII
1551 230 1951 290 CICERONIS

510 364 836 444 multaque
890 357 1287 433 acciderunt,
1340 357 1410 421 in
1462 355 1698 441 quibus
1757 367 1822 421 et
1872 354 2359 422 benevolentiam
2397 354 2506 420 eius
2598 425 2599 428 Ἴ

510 480 658 540 erga
698 477 798 520 me
834 453 1157 541 experirer
1192 463 1257 518 et
1291 451 1505 517 fidem.
1582 451 1800 535 itaque
1835 451 1890 515 si
1923 449 2078 535 quid
2114 459 2224 515 aut
2252 448 2394 514 mihi
2424 462 2510 516 aut

506 572 792 613 meorum
827 549 1109 635 cuipiam
1142 547 1211 612 in
1229 546 1394 612 Asia
1420 569 1582 632 opus
1624 556 1740 622 est,
1778 545 1861 610 ad
1895 543 2066 610 hunc
2100 544 2360 611 scribere
2391 565 2511 609 con·
2552 577 2555 583 ·

506 648 702 720 suevi,
746 643 931 710 huius
969 666 1119 710 cum
1153 664 1352 728 opera
1386 652 1451 708 et
1483 641 1631 716 fide,
1668 650 1806 705 tum
1842 639 2031 704 domo
2067 650 2133 705 et
2165 661 2233 706 re
2266 638 2354 704 uti
2381 647 2511 717 tam-

506 760 698 820 quam
746 760 905 804 mea.
994 737 1155 805 haec
1200 736 1284 802 ad
1326 747 1393 802 te
1437 757 1512 802 eo
1558 735 1848 822 pluribus
1893 732 2148 820 scripsi,
2201 745 2272 799 ut
2309 734 2511 798 intelle-

505 856 686 916 gfiffls
726 854 828 897 me
854 854 984 897 non
1002 835 1036 914 †
1054 833 1321 918 vulgare
1358 852 1479 896 nec
1505 829 1863 906 ambitiose,
1898 828 2014 894 sed
2050 839 2125 894 ut
2156 849 2270 914 pro
2302 825 2510 893 homine

506 928 726 992 intimo
762 949 839 993 ac
882 927 1041 992 mihi
1085 925 1562 1014 pernecessario
1598 923 1896 990 scribere.
1953 922 2135 1009 'peto
2178 923 2363 1010 igitur
2391 945 2425 987 a
2450 932 2511 995 te,

506 1040 574 1084 ut.
614 1024 678 1084 in
714 1044 790 1105 sa
825 1021 1274 1097 controversia,
1310 1021 1507 1105 q'uam
1543 1018 1737 1085 habet
1765 1018 1846 1084 de
1875 1017 2078 1083 fundo
2115 1039 2260 1082 cum
2285 1016 2512 1102 quodam

506 1116 928 1200 Colophonio,
966 1125 1029 1180 et
1062 1115 1131 1179 in
1159 1114 1387 1180 ceteris
1427 1113 1641 1190 rebus,
1677 1123 1992 1197 quantum
2026 1111 2188 1177 fides
2222 1108 2330 1184 tua
2357 1110 2516 1198 patie-

506 1224 606 1272 ηπ
642 1219 1075 1292 quantumque
1110 1219 1224 1273 tuo·
1258 1207 1596 1273 commodo
1630 1207 1890 1293 poteris,
1927 1216 2181 1272 tantum
2214 1206 2272 1272 ei
2304 1203 2514 1270 honoris

506 1304 626 1368 mei
678 1325 867 1368 causa
910 1301 1304 1380 commodes,
1351 1302 1498 1378 etsi,
1544 1311 1619 1366 ut
1670 1300 1808 1366 eius
1850 1301 2233 1368 modestiam
2273 1298 2515 1386 cognovi,

502 1400 718 1480 gravis
751 1395 870 1460 tibi
913 1396 1089 1462 nulla
1123 1396 1193 1461 in
1225 1419 1294 1463 re
1330 1395 1480 1462 erit:
1535 1393 1591 1460 si
1638 1406 1703 1462 et
1734 1418 1880 1477 mea
1915 1394 2444 1463 commendatione
2471 1403 2514 1456 et

506 1516 618 1552 sua
666 1490 977 1576 probitate
1035 1491 1378 1558 adsecutus
1422 1490 1572 1567 erit,
1632 1500 1704 1555 ut
1755 1489 1836 1556 de
1889 1513 1958 1557 se
2011 1491 2182 1557 bene
2224 1489 2515 1559 existimes,

502 1588 718 1648 omnia
759 1608 829 1652 se
873 1585 1179 1671 adeptum
1223 1584 1652 1651 arbitrabitur.
1756 1595 1832 1650 ut
1870 1585 2072 1672 igitur
2118 1607 2265 1652 eum
2296 1581 2515 1668 recipias

504 1682 566 1740 311
624 1680 814 1744 fidem
858 1679 1226 1765 habeasque
1269 1679 1338 1744 in
1383 1701 1649 1744 numero
1698 1689 1954 1745 tuorum
1965 1725 1986 1758 ,
2043 1691 2110 1746 te
2163 1678 2517 1745 vehementer

506 1776 694 1840 etiam
734 1785 923 1859 atque
968 1774 1162 1840 etiam
1197 1795 1387 1860 rogo:
1433 1794 1585 1859 ego,
1639 1793 1806 1857 quae
1852 1783 1916 1840 te
1951 1773 2122 1840 velle
2158 1791 2431 1858 quaeque
2458 1766 2519 1832 ad

502 1884 562 1932 ts
626 1869 942 1952 pertinere
1006 1867 1394 1945 arbitrabor,
1465 1866 1679 1932 omnia
1754 1867 2040 1934 studiose
2107 1867 2517 1954 diligenterque

506 1966 759 2028 euralm.

1435 2111 1618 2168 LXX.

1169 2214 1287 2271 Sor.
1304 2215 1522 2271 Romae
1543 2233 1593 2270 a.
1613 2231 1669 2268 u.
1690 2231 1739 2269 c.
1760 2214 1878 2270 708.

630 2320 698 2372 Π.
738 2316 1013 2373 CICERO
1048 2319 1116 2372 P.
1157 2315 1518 2375 SERVILIO
1557 2316 1969 2374 COLLEGAE
2006 2315 2178 2374 SAL.
2213 2315 2421 2374 PLUR-

630 2431 802 2512 Quia
833 2453 965 2497 non
999 2442 1095 2499 est
1130 2432 1408 2498 obscura
1455 2444 1568 2498 tua
1599 2432 1666 2498 in
1702 2454 1805 2498 me
1841 2433 2310 2510 benevolentia,
2341 2431 2422 2498 sic
2448 2428 2517 2502 fit,

498 2548 562 2592 ut
606 2527 788 2592 multi
831 2550 948 2614 per
981 2550 1084 2594 me
1129 2527 1246 2594 tibi
1290 2529 1490 2595 velint
1534 2527 1967 2594 commendari
1975 2553 1994 2606 3
2039 2550 2168 2615 ego
2206 2539 2406 2594 autem
2435 2524 2518 2589 tri-

498 2624 626 2684 hus
666 2643 1147 2706 nonnumquam
1178 2622 1247 2688 in
1281 2623 1542 2708 volgus,
1589 2622 1703 2687 sed
1736 2623 2118 2708 plerumque
2165 2619 2517 2692 necessariis,

498 2736 566 2780 ut
610 2720 726 2780 hoc
758 2727 1073 2802 tempore3
1110 2735 1263 2781 nam
1299 2738 1446 2781 cum
1483 2716 1561 2781 T.
1589 2716 1831 2803 Ampio
1866 2715 2078 2781 Balbo
2114 2717 2274 2782 mihi
2304 2734 2516 2782 summa

498 2810 890 2874 familiaritas
920 2810 1458 2895 necessitudoque
1480 2821 1605 2876 est:
1641 2809 1779 2876 eius
1805 2809 2130 2889 libertum,
2149 2811 2230 2877 Τ.
2249 2808 2518 2896 Ampium

498 2901 950 2981 Menandrum,
986 2902 1311 2968 hominem
1348 2903 1522 2990 frugi
1566 2913 1628 2968 et
1665 2902 2049 2984 modestum,
2086 2915 2154 2970 et
2187 2916 2441 2992 patrono
2469 2910 2515 2963 et

498 2996 678 3056 nohis
714 2995 1123 3062 vehementer
1155 2997 1526 3084 probatum,
1571 2996 1689 3062 tibi
1724 2997 2102 3064 commendo
2148 2999 2439 3066 maiorem
2466 2992 2514 3058 in

498 3092 773 3154 mumdum.
860 3089 1273 3158 vehementer
1320 3091 1482 3171 mihi
1531 3102 1789 3178 gratum
1838 3091 2098 3169 feceris,
2156 3093 2242 3171 si,
2292 3091 2513 3177 quibus-

494 3207 767 3268 cumque
801 3183 995 3250 rebus
1032 3185 1169 3252 sine
1203 3196 1317 3251 tua
1351 3185 1640 3252 molestia
1685 3187 1953 3274 poteris,
1999 3187 2057 3253 ei
2095 3183 2511 3253 commodaris:

490 3280 662 3356 quusi
702 3289 771 3344 ut
803 3277 1024 3356 facias,
1059 3289 1123 3345 te
1157 3274 1585 3347 vehementer*
1604 3281 1797 3346 etiam
1833 3291 2028 3366 atque
2063 3281 2260 3348 etiam
2293 3300 2451 3366 rogo.

1403 3429 1619 3485 LXXI.

1162 3531 1279 3587 Scr.
1300 3531 1514 3586 Romae
1534 3549 1584 3587 a.
1605 3549 1660 3586 u.
1682 3548 1733 3586 c.
1755 3533 1872 3588 708.
1933 3611 1939 3617 .

730 3630 804 3684 Μ.
842 3630 1119 3689 CICERO
1156 3632 1211 3689 S.
1248 3633 1323 3688 D.
1360 3633 1427 3688 P.
1465 3632 1828 3691 SERVILIO
1865 3633 2294 3694 COLLEGAE.

618 3744 858 3810 Multos
905 3745 1021 3811 tibi
1059 3747 1502 3813 commendem
1536 3771 1797 3816 necesse
1833 3760 1956 3826 est,
2004 3752 2304 3836 quoniam
2340 3742 2508 3813 omni-

490 3836 606 3896 hus
646 3852 795 3904 nota
827 3850 1047 3905 nostra
1080 3840 1490 3908 necessitudo
1527 3852 1624 3908 est
1659 3853 1900 3929 tuaque
1935 3866 2093 3932 erga
2125 3867 2230 3912 me
2265 3844 2506 3909 benevo-

482 3928 674 3988 leussia
686 3956 705 4004 3-
758 3930 873 3995 sed
916 3941 1133 3998 tamen
1180 3936 1301 4001 etsi
1336 3937 1624 4003 omnium
1660 3961 1884 4017 causa,
1939 3961 2100 4024 quos
2143 3931 2503 4004 commendo,

486 4020 646 4080 'mlle
686 4020 914 4098 debeo,
958 4035 1174 4092 tamen
1210 4051 1360 4094 cum
1395 4031 1691 4098 omnibus
1727 4055 1857 4098 non
1893 4033 2120 4100 eadem
2153 4030 2310 4098 mihi
2341 4044 2501 4095 causa
