2675 4559
473 312 605 378 274
1079 323 1155 376 M.
1198 321 1472 379 TULLII
1507 319 1906 378 CICERONIS

470 447 723 525 essetis,
773 402 1021 513 utinam
1054 469 1136 512 ne
1171 467 1295 532 ego
1330 443 1592 530 quidem
1635 441 1872 510 essem!
1924 443 2080 529 quid
2115 445 2276 510 enim
2307 446 2469 510 mole-

470 541 669 608 stius?
711 541 827 607 sed
860 553 1105 618 tamen,
1142 561 1291 606 cum
1326 562 1450 626 ego
1485 539 1827 606 sensissem
1862 539 1996 605 de
1975 539 2086 616 fle,
2131 538 2240 622 qui
2269 540 2470 606 exerci-

470 646 574 700 tus
626 635 967 714 haberent,
1021 635 1403 703 sententiam
1453 634 1607 701 ferri
1651 644 1973 746 oportere,
2026 587 2192 699 idem
2231 633 2340 712 illi,
2383 635 2472 716 qui

470 730 707 808 solent,
742 731 1196 809 reclamarunt3
1231 730 1452 814 itaque
1489 729 1742 815 excepti
1777 728 1969 795 etiam
2003 729 2153 794 estis
2187 751 2285 794 me
2315 727 2471 793 vehe-

470 833 716 890 menter
750 835 1171 910 repugnante.
1225 823 1527 908 quocirca
1562 819 1903 908 Segulium
1937 821 2356 910 neglegamus,
2385 821 2472 905 qui

464 940 572 984 res
606 937 807 983 novas
841 917 1109 1002 quaerit,
1146 939 1276 982 non
1311 938 1442 1003 quo
1476 926 1756 984 veterem
1793 916 2142 983 comederit
2168 950 2253 965 -·
2273 915 2472 980 nullam

471 1011 643 1077 enim
676 1011 901 1076 habuit
935 1047 1051 1088 ——,
1096 1010 1211 1078 sed
1252 1010 1420 1076 hanc
1454 1010 1660 1098 ipsam
1695 1015 2018 1076 recentem
2061 1031 2288 1075 novam
2315 1009 2473 1074 devo-

409 1128 435 1168 s
469 1105 654 1171 ravit.
710 1104 885 1190 quod
912 1116 1124 1170 autem
1154 1105 1380 1169 scribis
1413 1113 1499 1181 te,
1536 1101 1710 1190 quod
1735 1123 1853 1188 pro
1881 1114 1946 1169 te
1979 1103 2121 1190 ipso
2146 1125 2272 1169 non
2294 1102 2472 1177 facias,

396 3746 421 3784 1

468 1199 537 1264 id
569 1221 687 1284 pro
722 1219 826 1264 me
848 1199 1087 1283 facere,
1139 1208 1212 1263 ut
1247 1196 1326 1263 de
1361 1219 1465 1263 me
1502 1197 1728 1282 timeas
1764 1197 2036 1281 aliquid,
2082 1197 2252 1263 omni
2283 1207 2364 1274 te,
2399 1195 2473 1258 vir

470 1293 709 1380 optime
753 1290 1037 1374 mihique
1083 1290 1405 1357 carissime
1451 1287 1714 1378 [Brute]
1728 1338 1747 1368 ,
1802 1289 1882 1356 de
1926 1313 2033 1356 me
2075 1301 2250 1356 metu
2287 1291 2471 1356 libero:

470 1406 591 1472 ego
618 1385 808 1462 enim,
844 1405 1014 1470 quae
1038 1384 1358 1470 provideri
1385 1395 1706 1470 poterunt,
1741 1405 1871 1450 non
1897 1384 2088 1450 fallar
2120 1381 2189 1450 in
2213 1385 2312 1462 iis3
2340 1405 2472 1468 quae

469 1476 830 1544 cautionem
882 1500 1012 1546 non
1062 1478 1421 1556 habebunt,
1477 1478 1558 1546 de
1601 1478 1681 1544 iis
1724 1499 1856 1545 non
1899 1477 1992 1544 ita
2044 1478 2229 1546 valde
2275 1477 2472 1542 laboro.
2505 1504 2514 1517 ·

470 1573 590 1637 sim
635 1571 808 1637 enim
850 1571 1165 1657 inpudens
1178 1619 1197 1650 ,
1252 1572 1309 1637 si
1360 1572 1505 1659 plus
1548 1573 1867 1658 postulem
1880 1620 1900 1651 ,
1953 1593 2152 1658 quam
2201 1571 2414 1638 homini
2447 1593 2474 1632 a

469 1689 682 1732 rerum
716 1675 947 1731 natura
982 1665 1177 1731 tribui
1212 1676 1441 1753 potest.
1529 1667 1704 1750 quod
1737 1666 1896 1731 mihi
1928 1660 2272 1754 praecipis,
2303 1676 2367 1730 ut
2395 1685 2474 1728 ca-

468 1783 656 1826 veam
707 1783 789 1826 ne
838 1760 1121 1825 timendo
1174 1761 1382 1848 magis
1426 1760 1650 1826 timere
1695 1783 1920 1848 cogar,
1975 1773 2043 1828 et
2095 1761 2388 1850 sapienter
2428 1768 2475 1822 et

468 1855 851 1921 amicissime
884 1855 1231 1942 praecipis3
1278 1853 1394 1921 sed
1429 1854 1620 1920 velim
1654 1854 1772 1919 tibi
1805 1855 2228 1942 persuadeas,
2278 1876 2404 1920 cum
2430 1861 2476 1914 te

468 1960 713 2016 constet
748 1949 1057 2016 excellere
1100 1950 1223 2014 hoc
1258 1971 1494 2038 genere
1528 1948 1811 2027 virtutis,
1851 1959 1932 2014 ut
1975 1971 2324 2036 numquam
2355 1945 2477 2014 exti-

467 2063 744 2120 mescaS,
779 2063 1132 2126 numquam
1164 2043 1568 2128 perturbere,
1613 2065 1716 2106 me
1751 2042 1902 2108 huic
1937 2053 2094 2110 tuae
2130 2042 2336 2110 virtuti
2363 2061 2476 2126 pro-

466 2137 639 2202 xime
682 2135 1013 2202 accedere:
1068 2157 1262 2220 quam
1297 2138 1382 2202 ob
1417 2160 1554 2203 rem
1597 2159 1716 2202 nec
1750 2147 2043 2204 metuam
2089 2138 2404 2223 quicquam
2431 2143 2474 2199 et

468 2230 709 2295 cavebo
756 2231 989 2295 omnia.
1078 2230 1191 2296 sed
1234 2231 1381 2297 vide
1425 2255 1508 2298 ne
1551 2240 1664 2296 tua
1705 2230 1864 2310 iam,
1914 2233 2007 2296 mi
2055 2233 2282 2309 Brute,
2327 2229 2476 2313 culpa

466 2323 685 2387 futura
720 2323 802 2387 sit
810 2369 829 2399 ,
866 2324 923 2387 si
956 2344 1079 2410 ego
1114 2324 1459 2408 quicquam
1495 2325 1783 2404 timeam3
1821 2325 1948 2391 tuIs
1983 2327 2162 2391 enim
2197 2325 2400 2412 opibus
2428 2332 2473 2386 et

466 2415 803 2481 consulatu
858 2427 999 2494 tuo,
1054 2417 1247 2482 etiam
1292 2417 1346 2482 si
1388 2418 1596 2483 timidi
1640 2439 1951 2496 essemus,
2005 2432 2226 2488 tamen
2268 2437 2475 2484 omnem

466 2509 761 2576 timorem
785 2509 1201 2587 abiceremus,
1237 2511 1612 2596 praesertim
1650 2535 1796 2578 cum
1819 2535 2202 2600 persuasum
2227 2511 2475 2580 omnibus

469 2613 639 2670 esset
681 2603 963 2688 mihique
1005 2603 1313 2682 maxime,
1369 2628 1408 2670 a
1451 2615 1514 2671 te
1558 2627 1676 2670 nos
1722 2607 1909 2672 unice
1955 2606 2158 2694 diligi.
2243 2603 2474 2676 consiliis

465 2698 611 2776 tuis,
648 2717 814 2782 quae
850 2697 1072 2763 scribis
1108 2696 1188 2763 de
1222 2708 1524 2782 quattuor
1557 2699 1916 2786 legionibus
1951 2699 2163 2786 deque
2197 2701 2356 2786 agris
2385 2695 2475 2762 ad-

466 2792 793 2878 signandis
848 2792 931 2856 ab
984 2792 1267 2876 utrisque
1320 2803 1634 2870 vestrum,
1703 2793 2120 2862 vehementer
2178 2791 2472 2860 adsentior.

462 2885 699 2969 itaque,
737 2905 886 2950 cum
920 2885 1180 2969 quidam
1218 2885 1297 2952 de
1332 2886 1592 2972 collegis
1627 2885 1856 2954 nostris
1893 2889 2211 2975 agrariam
2245 2884 2473 2954 curatio-

460 2998 609 3042 nem
643 2976 1026 3064 ligurrirent,
1065 2975 1418 3044 disturbavi
1449 3003 1586 3045 rem
1620 2990 1946 3066 totamque
1982 2983 2184 3048 vobis·
2199 2982 2471 3066 integram

462 3071 803 3136 reservavi.
858 3071 915 3135 si
941 3071 1098 3155 quid
1125 3073 1244 3137 erit
1269 3073 1577 3139 occultius
1605 3085 1690 3151 et,
1716 3085 1789 3139 ut
1815 3074 2060 3154 scribis,
2096 3075 2469 3144 reconditum,

462 3185 750 3230 meorum
786 3165 1064 3251 aliquem
1098 3165 1378 3244 mittam,
1422 3185 1550 3251 quo
1585 3166 1836 3234 fidelius
1873 3168 1957 3236 ad
1991 3179 2054 3236 te
2089 3169 2328 3236 litterae
2355 3183 2470 3252 per·

461 3259 767 3326 ferantur.
818 3282 916 3348 pr.
952 3260 1121 3326 Non.
1157 3261 1303 3326 Iun.

1381 3409 1576 3468 XXII.

902 3511 1021 3568 Ser.
1039 3511 1255 3568 Romae
1268 3529 1460 3568 mense
1480 3511 1719 3579 Quintili
1734 3531 1788 3570 a.
1806 3531 1862 3570 u.
1881 3529 1930 3570 c.
1950 3515 2070 3570 711.

966 3613 1046 3668 M.
1081 3613 1356 3670 CICERO
1393 3613 1450 3671 S.
1485 3615 1560 3670 D.
1595 3615 1671 3670 D.
1705 3615 1990 3674 BRUTO.

586 3722 756 3790 Cum
784 3726 1001 3813 Appio
1025 3724 1303 3794 'Claudio
1332 3725 1410 3794 O.
1440 3727 1486 3793 f.
1518 3749 1766 3796 summa
1791 3729 1948 3795 mihi
1980 3725 2364 3796 necessitudo
2388 3731 2465 3787 est

454 3818 671 3882 multis
708 3818 847 3886 eius
879 3819 1105 3888 officiis
1142 3833 1207 3888 et
1250 3822 1411 3889 meis
1448 3823 1685 3890 mutuis
1731 3825 2090 3891 constituta.
2178 3832 2318 3909 peto
2349 3841 2384 3882 a
2412 3825 2462 3878 te

454 3911 760 3976 maiorem
796 3915 863 3979 in
898 3915 1161 3982 modum
1195 3919 1297 3986 vel
1333 3917 1744 3987 humanitatis
1780 3929 1929 3986 tuae
1963 3919 2063 3986 vel
2107 3940 2249 3984 mea
2280 3931 2460 3982 causa,

452 4011 524 4064 ut
568 4021 715 4067 eum
759 4011 1130 4076 auctoritate
1166 4022 1305 4089 tua,
1349 4031 1516 4098 quae
1549 4013 1896 4102 plurimum
1927 4013 2124 4089 valet,
2159 4025 2459 4077 conserva-

450 4101 589 4158 tum
637 4097 813 4163 velis.
916 4104 1061 4168 volo
1112 4116 1204 4183 te,
1258 4129 1408 4172 cum
1455 4107 1837 4174 fortissimus
1889 4107 1986 4175 vir
2037 4103 2318 4213 cognitus
2363 4095 2452 4169 sis,
