<?xml version="1.0" encoding="UTF-8"?>
<!DOCTYPE html PUBLIC "-//W3C//DTD XHTML 1.0 Transitional//EN"
    "http://www.w3.org/TR/xhtml1/DTD/xhtml1-transitional.dtd">
<html xmlns="http://www.w3.org/1999/xhtml" xml:lang="en" lang="en">
 <head>
  <title>
</title>
<meta http-equiv="Content-Type" content="text/html;charset=utf-8" />
  <meta name='ocr-system' content='tesseract 3.04.00' />
  <meta name='ocr-capabilities' content='ocr_page ocr_carea ocr_par ocr_line ocrx_word'/>
</head>
<body>
  <div class='ocr_page' id='page_1' title='image "./mtulliiciceroni12unkngoog/mtulliiciceroni12unkngoog_0241.png"; bbox 0 0 2675 4559; ppageno 0'>
   <div class='ocr_carea' id='block_1_1' title="bbox 687 227 2200 327">
    <p class='ocr_par' dir='ltr' id='par_1_1' title="bbox 687 227 2200 327">
     <span class='ocr_line' id='line_1_1' title="bbox 687 227 2200 327; baseline 0 -35"><span class='ocrx_word' id='word_1_1' title='bbox 687 235 1244 327; x_wconf 72' lang='lat' dir='ltr'><strong>EPISTOLARpM</strong></span> <span class='ocrx_word' id='word_1_2' title='bbox 1276 237 1409 293; x_wconf 88' lang='lat' dir='ltr'><strong>VII.</strong></span> <span class='ocrx_word' id='word_1_3' title='bbox 1449 239 1672 294; x_wconf 80' lang='lat'>14-17.</span> <span class='ocrx_word' id='word_1_4' title='bbox 2077 227 2200 293; x_wconf 80' lang='grc'><strong>157</strong></span> 
     </span>
    </p>
   </div>
   <div class='ocr_carea' id='block_1_2' title="bbox 161 357 2203 712">
    <p class='ocr_par' dir='ltr' id='par_1_2' title="bbox 161 357 2203 712">
     <span class='ocr_line' id='line_1_2' title="bbox 166 357 2202 443; baseline 0.001 -16"><span class='ocrx_word' id='word_1_5' title='bbox 166 373 254 427; x_wconf 85' lang='lat' dir='ltr'><strong>sat</strong></span> <span class='ocrx_word' id='word_1_6' title='bbox 286 359 525 426; x_wconf 83' lang='lat' dir='ltr'><strong>fatuas’</strong></span> <span class='ocrx_word' id='word_1_7' title='bbox 574 359 802 426; x_wconf 85' lang='lat' dir='ltr'><strong>dedisti</strong></span> <span class='ocrx_word' id='word_1_8' title='bbox 812 384 831 436; x_wconf 92' lang='lat'>;</span> <span class='ocrx_word' id='word_1_9' title='bbox 869 359 1129 436; x_wconf 85' lang='lat' dir='ltr'><strong>deinde,</strong></span> <span class='ocrx_word' id='word_1_10' title='bbox 1167 357 1342 443; x_wconf 87' lang='lat' dir='ltr'><strong>quod</strong></span> <span class='ocrx_word' id='word_1_11' title='bbox 1375 359 1443 424; x_wconf 89' lang='lat' dir='ltr'><strong>in</strong></span> <span class='ocrx_word' id='word_1_12' title='bbox 1477 361 1814 427; x_wconf 80' lang='lat' dir='ltr'><strong>Britannia</strong></span> <span class='ocrx_word' id='word_1_13' title='bbox 1847 384 1978 428; x_wconf 89' lang='lat' dir='ltr'><strong>non</strong></span> <span class='ocrx_word' id='word_1_14' title='bbox 2009 363 2202 430; x_wconf 89' lang='lat' dir='ltr'><strong>nimis</strong></span> 
     </span>
     <span class='ocr_line' id='line_1_3' title="bbox 165 455 2200 543; baseline 0 -21"><span class='ocrx_word' id='word_1_15' title='bbox 165 459 577 543; x_wconf 71' lang='grc' dir='ltr'><strong><em>φιλοθέωρον</em></strong></span> <span class='ocrx_word' id='word_1_16' title='bbox 610 467 677 520; x_wconf 90' lang='lat' dir='ltr'><strong>te</strong></span> <span class='ocrx_word' id='word_1_17' title='bbox 721 455 1097 540; x_wconf 82' lang='lat' dir='ltr'><strong>praebuisti,</strong></span> <span class='ocrx_word' id='word_1_18' title='bbox 1150 455 1342 540; x_wconf 87' lang='lat' dir='ltr'><strong>plane</strong></span> <span class='ocrx_word' id='word_1_19' title='bbox 1375 477 1507 518; x_wconf 90' lang='lat' dir='ltr'><strong>non</strong></span> <span class='ocrx_word' id='word_1_20' title='bbox 1549 457 1974 541; x_wconf 84' lang='lat' dir='ltr'><strong>reprehend03</strong></span> <span class='ocrx_word' id='word_1_21' title='bbox 2027 481 2200 523; x_wconf 88' lang='lat' dir='ltr'><strong>nunc</strong></span> 
     </span>
     <span class='ocr_line' id='line_1_4' title="bbox 162 547 2203 636; baseline 0.002 -22"><span class='ocrx_word' id='word_1_22' title='bbox 162 572 303 616; x_wconf 83' lang='lat' dir='ltr'><strong>vero</strong></span> <span class='ocrx_word' id='word_1_23' title='bbox 336 551 405 614; x_wconf 88' lang='lat' dir='ltr'><strong>in</strong></span> <span class='ocrx_word' id='word_1_24' title='bbox 440 549 723 614; x_wconf 89' lang='lat' dir='ltr'><strong>hibernis</strong></span> <span class='ocrx_word' id='word_1_25' title='bbox 757 548 1030 614; x_wconf 84' lang='lat' dir='ltr'><strong>intectus</strong></span> <span class='ocrx_word' id='word_1_26' title='bbox 1067 547 1223 612; x_wconf 84' lang='lat' dir='ltr'><strong>mihi</strong></span> <span class='ocrx_word' id='word_1_27' title='bbox 1258 549 1523 626; x_wconf 85' lang='lat' dir='ltr'><strong>videris3</strong></span> <span class='ocrx_word' id='word_1_28' title='bbox 1569 549 1786 636; x_wconf 88' lang='lat' dir='ltr'><strong>itaque</strong></span> <span class='ocrx_word' id='word_1_29' title='bbox 1823 563 1885 618; x_wconf 91' lang='lat' dir='ltr'><strong>te</strong></span> <span class='ocrx_word' id='word_1_30' title='bbox 1921 574 2203 618; x_wconf 68' lang='lat' dir='ltr'><strong>commo-2</strong></span> 
     </span>
     <span class='ocr_line' id='line_1_5' title="bbox 161 665 2054 712; baseline 0.001 -4"><span class='ocrx_word' id='word_1_31' title='bbox 161 667 299 711; x_wconf 83' lang='lat' dir='ltr'><strong>vere</strong></span> <span class='ocrx_word' id='word_1_32' title='bbox 332 669 463 712; x_wconf 90' lang='lat' dir='ltr'><strong>non</strong></span> <span class='ocrx_word' id='word_1_33' title='bbox 500 665 705 710; x_wconf 87' lang='lat' dir='ltr'><strong>curas.</strong></span> <span class='ocrx_word' id='word_1_34' title='bbox 2049 667 2054 672; x_wconf 89' lang='lat'><em>·</em></span> 
     </span>
    </p>
   </div>
   <div class='ocr_carea' id='block_1_3' title="bbox 236 779 2200 868">
    <p class='ocr_par' dir='ltr' id='par_1_3' title="bbox 236 779 2200 868">
     <span class='ocr_line' id='line_1_6' title="bbox 236 779 2200 868; baseline 0.001 -19"><span class='ocrx_word' id='word_1_35' title='bbox 236 803 697 868; x_wconf 80' lang='lat' dir='ltr'><strong>usquequaque</strong></span> <span class='ocrx_word' id='word_1_36' title='bbox 734 803 957 866; x_wconf 81' lang='lat' dir='ltr'><strong>sapere</strong></span> <span class='ocrx_word' id='word_1_37' title='bbox 995 791 1271 868; x_wconf 86' lang='lat' dir='ltr'><strong>oportet:</strong></span> <span class='ocrx_word' id='word_1_38' title='bbox 1308 781 1378 846; x_wconf 91' lang='lat' dir='ltr'><strong>id</strong></span> <span class='ocrx_word' id='word_1_39' title='bbox 1413 779 1532 846; x_wconf 88' lang='lat' dir='ltr'><strong>erit</strong></span> <span class='ocrx_word' id='word_1_40' title='bbox 1566 783 1765 848; x_wconf 89' lang='lat' dir='ltr'><strong>telum</strong></span> <span class='ocrx_word' id='word_1_41' title='bbox 1800 784 2200 850; x_wconf 87' lang='lat' dir='ltr'><strong>acerrimum.</strong></span> 
     </span>
    </p>
   </div>
   <div class='ocr_carea' id='block_1_4' title="bbox 162 923 2200 1106">
    <p class='ocr_par' dir='ltr' id='par_1_4' title="bbox 162 923 2200 1106">
     <span class='ocr_line' id='line_1_7' title="bbox 162 923 2199 1016; baseline 0 -22"><span class='ocrx_word' id='word_1_42' title='bbox 162 949 269 1016; x_wconf 88' lang='lat' dir='ltr'><strong>ego</strong></span> <span class='ocrx_word' id='word_1_43' title='bbox 310 928 368 994; x_wconf 91' lang='lat' dir='ltr'><strong>si</strong></span> <span class='ocrx_word' id='word_1_44' title='bbox 413 927 573 992; x_wconf 82' lang='lat' dir='ltr'><strong>foris</strong></span> <span class='ocrx_word' id='word_1_45' title='bbox 616 927 957 992; x_wconf 87' lang='lat' dir='ltr'><strong>cenitarem</strong></span> <span class='ocrx_word' id='word_1_46' title='bbox 970 972 988 1002; x_wconf 91' lang='lat'><strong>,</strong></span> <span class='ocrx_word' id='word_1_47' title='bbox 1037 923 1159 990; x_wconf 86' lang='lat' dir='ltr'><strong>Cn.</strong></span> <span class='ocrx_word' id='word_1_48' title='bbox 1197 923 1506 1004; x_wconf 77' lang='lat' dir='ltr'><strong>Octavio,</strong></span> <span class='ocrx_word' id='word_1_49' title='bbox 1551 926 1851 992; x_wconf 81' lang='lat' dir='ltr'><strong>familiari</strong></span> <span class='ocrx_word' id='word_1_50' title='bbox 1885 939 2025 1006; x_wconf 87' lang='lat' dir='ltr'><strong>tuo,</strong></span> <span class='ocrx_word' id='word_1_51' title='bbox 2069 949 2199 994; x_wconf 88' lang='lat' dir='ltr'><strong>non</strong></span> 
     </span>
     <span class='ocr_line' id='line_1_8' title="bbox 163 1019 2200 1106; baseline 0 -20"><span class='ocrx_word' id='word_1_52' title='bbox 163 1023 497 1088; x_wconf 80' lang='lat' dir='ltr'><strong>defuissem</strong></span> <span class='ocrx_word' id='word_1_53' title='bbox 509 1046 527 1098; x_wconf 92' lang='lat'>;</span> <span class='ocrx_word' id='word_1_54' title='bbox 565 1021 669 1085; x_wconf 90' lang='lat' dir='ltr'><strong>cui</strong></span> <span class='ocrx_word' id='word_1_55' title='bbox 706 1032 921 1084; x_wconf 85' lang='lat' dir='ltr'><strong>tamen</strong></span> <span class='ocrx_word' id='word_1_56' title='bbox 956 1019 1107 1096; x_wconf 84' lang='lat' dir='ltr'><strong>dixi,</strong></span> <span class='ocrx_word' id='word_1_57' title='bbox 1146 1041 1313 1084; x_wconf 42' lang='lat' dir='ltr'><strong>cum,</strong></span> <span class='ocrx_word' id='word_1_58' title='bbox 1328 1041 1434 1085; x_wconf 88' lang='lat' dir='ltr'><strong>me</strong></span> <span class='ocrx_word' id='word_1_59' title='bbox 1469 1021 1849 1106; x_wconf 82' lang='lat' dir='ltr'><strong>aliquotiens</strong></span> <span class='ocrx_word' id='word_1_60' title='bbox 1883 1022 2200 1098; x_wconf 85' lang='lat' dir='ltr'><strong>invitaret,</strong></span> 
     </span>
    </p>
   </div>
   <div class='ocr_carea' id='block_1_5' title="bbox 52 1114 2202 1296">
    <p class='ocr_par' dir='ltr' id='par_1_5' title="bbox 52 1114 2202 1296">
     <span class='ocr_line' id='line_1_9' title="bbox 52 1114 2202 1207; baseline 0 -28"><span class='ocrx_word' id='word_1_61' title='bbox 52 1146 55 1207; x_wconf 35' lang='grc' dir='ltr'>ἑ</span> <span class='ocrx_word' id='word_1_62' title='bbox 163 1123 284 1180; x_wconf 86' lang='lat' dir='ltr'><strong>‘oro</strong></span> <span class='ocrx_word' id='word_1_63' title='bbox 316 1127 408 1193; x_wconf 79' lang='lat' dir='ltr'><strong>te,</strong></span> <span class='ocrx_word' id='word_1_64' title='bbox 444 1115 589 1199; x_wconf 89' lang='lat' dir='ltr'><strong>quis</strong></span> <span class='ocrx_word' id='word_1_65' title='bbox 624 1125 696 1178; x_wconf 85' lang='lat' dir='ltr'><strong>tu</strong></span> <span class='ocrx_word' id='word_1_66' title='bbox 732 1114 867 1180; x_wconf 81' lang='lat' dir='ltr'><strong>es?’</strong></span> <span class='ocrx_word' id='word_1_67' title='bbox 914 1114 1027 1178; x_wconf 90' lang='lat' dir='ltr'><strong>sed</strong></span> <span class='ocrx_word' id='word_1_68' title='bbox 1062 1114 1478 1191; x_wconf 85' lang='lat' dir='ltr'><strong>mehercules,</strong></span> <span class='ocrx_word' id='word_1_69' title='bbox 1514 1125 1695 1180; x_wconf 87' lang='lat' dir='ltr'><strong>extra</strong></span> <span class='ocrx_word' id='word_1_70' title='bbox 1726 1116 1972 1193; x_wconf 87' lang='lat' dir='ltr'><strong>iocum,</strong></span> <span class='ocrx_word' id='word_1_71' title='bbox 2008 1117 2202 1180; x_wconf 89' lang='lat' dir='ltr'><strong>homo</strong></span> 
     </span>
     <span class='ocr_line' id='line_1_10' title="bbox 52 1209 2202 1296; baseline 0.001 -22"><span class='ocrx_word' id='word_1_72' title='bbox 52 1218 54 1243; x_wconf 82' lang='lat'><strong>²</strong></span> <span class='ocrx_word' id='word_1_73' title='bbox 162 1211 351 1274; x_wconf 86' lang='lat' dir='ltr'><strong>bellus</strong></span> <span class='ocrx_word' id='word_1_74' title='bbox 390 1221 517 1286; x_wconf 84' lang='lat' dir='ltr'><strong>est3</strong></span> <span class='ocrx_word' id='word_1_75' title='bbox 556 1209 785 1274; x_wconf 88' lang='lat' dir='ltr'><strong>vellem</strong></span> <span class='ocrx_word' id='word_1_76' title='bbox 820 1229 967 1273; x_wconf 89' lang='lat' dir='ltr'><strong>eum</strong></span> <span class='ocrx_word' id='word_1_77' title='bbox 1003 1218 1215 1273; x_wconf 88' lang='lat' dir='ltr'><strong>tecum</strong></span> <span class='ocrx_word' id='word_1_78' title='bbox 1250 1209 1648 1274; x_wconf 87' lang='lat' dir='ltr'><strong>abduxisses.</strong></span> <span class='ocrx_word' id='word_1_79' title='bbox 1703 1210 1860 1294; x_wconf 88' lang='lat' dir='ltr'><strong>qnid</strong></span> <span class='ocrx_word' id='word_1_80' title='bbox 1893 1211 2100 1296; x_wconf 83' lang='lat' dir='ltr'><strong>agatis</strong></span> <span class='ocrx_word' id='word_1_81' title='bbox 2137 1220 2202 1276; x_wconf 89' lang='lat' dir='ltr'><strong>et</strong></span> 
     </span>
    </p>
   </div>
   <div class='ocr_carea' id='block_1_6' title="bbox 160 1301 2200 1766">
    <p class='ocr_par' dir='ltr' id='par_1_6' title="bbox 160 1301 2200 1766">
     <span class='ocr_line' id='line_1_11' title="bbox 162 1301 2197 1390; baseline 0 -22"><span class='ocrx_word' id='word_1_82' title='bbox 162 1303 380 1388; x_wconf 82' lang='lat' dir='ltr'><strong>ecquid</strong></span> <span class='ocrx_word' id='word_1_83' title='bbox 407 1304 477 1367; x_wconf 89' lang='lat' dir='ltr'><strong>in</strong></span> <span class='ocrx_word' id='word_1_84' title='bbox 494 1303 752 1368; x_wconf 81' lang='lat' dir='ltr'><strong>Italiam</strong></span> <span class='ocrx_word' id='word_1_85' title='bbox 778 1301 1026 1368; x_wconf 87' lang='lat' dir='ltr'><strong>venturi</strong></span> <span class='ocrx_word' id='word_1_86' title='bbox 1058 1302 1193 1367; x_wconf 88' lang='lat' dir='ltr'><strong>sitis</strong></span> <span class='ocrx_word' id='word_1_87' title='bbox 1220 1303 1345 1368; x_wconf 87' lang='lat' dir='ltr'><strong>hac</strong></span> <span class='ocrx_word' id='word_1_88' title='bbox 1368 1303 1600 1381; x_wconf 90' lang='lat' dir='ltr'><strong>hieme,</strong></span> <span class='ocrx_word' id='word_1_89' title='bbox 1627 1304 1735 1369; x_wconf 84' lang='lat' dir='ltr'><strong>fac</strong></span> <span class='ocrx_word' id='word_1_90' title='bbox 1760 1305 1950 1390; x_wconf 88' lang='lat' dir='ltr'><strong>plane</strong></span> <span class='ocrx_word' id='word_1_91' title='bbox 1979 1305 2197 1370; x_wconf 86' lang='lat' dir='ltr'><strong>sciam.</strong></span> 
     </span>
     <span class='ocr_line' id='line_1_12' title="bbox 160 1397 2200 1466; baseline 0.001 -5"><span class='ocrx_word' id='word_1_92' title='bbox 160 1399 393 1466; x_wconf 78' lang='lat' dir='ltr'><strong>Balbus</strong></span> <span class='ocrx_word' id='word_1_93' title='bbox 440 1397 597 1462; x_wconf 83' lang='lat' dir='ltr'><strong>mihi</strong></span> <span class='ocrx_word' id='word_1_94' title='bbox 642 1397 1039 1462; x_wconf 78' lang='lat' dir='ltr'><strong>confirmavit</strong></span> <span class='ocrx_word' id='word_1_95' title='bbox 1080 1409 1145 1464; x_wconf 88' lang='lat' dir='ltr'><strong>te</strong></span> <span class='ocrx_word' id='word_1_96' title='bbox 1188 1397 1453 1465; x_wconf 86' lang='lat' dir='ltr'><strong>divitem</strong></span> <span class='ocrx_word' id='word_1_97' title='bbox 1503 1399 1820 1466; x_wconf 76' lang='lat' dir='ltr'><strong>futurumz</strong></span> <span class='ocrx_word' id='word_1_98' title='bbox 1873 1400 1942 1464; x_wconf 90' lang='lat' dir='ltr'><strong>id</strong></span> <span class='ocrx_word' id='word_1_99' title='bbox 1983 1411 2200 1466; x_wconf 84' lang='lat' dir='ltr'><strong>utrum</strong></span> 
     </span>
     <span class='ocr_line' id='line_1_13' title="bbox 160 1491 2199 1572; baseline 0.001 -14"><span class='ocrx_word' id='word_1_100' title='bbox 160 1491 440 1558; x_wconf 85' lang='lat' dir='ltr'><strong>Romano</strong></span> <span class='ocrx_word' id='word_1_101' title='bbox 475 1514 653 1558; x_wconf 88' lang='lat' dir='ltr'><strong>more</strong></span> <span class='ocrx_word' id='word_1_102' title='bbox 695 1491 945 1557; x_wconf 89' lang='lat' dir='ltr'><strong>locutus</strong></span> <span class='ocrx_word' id='word_1_103' title='bbox 982 1491 1091 1569; x_wconf 89' lang='lat' dir='ltr'><strong>sit,</strong></span> <span class='ocrx_word' id='word_1_104' title='bbox 1144 1492 1309 1558; x_wconf 88' lang='lat' dir='ltr'><strong>bene</strong></span> <span class='ocrx_word' id='word_1_105' title='bbox 1343 1505 1748 1559; x_wconf 87' lang='lat' dir='ltr'><strong>nummatum</strong></span> <span class='ocrx_word' id='word_1_106' title='bbox 1791 1505 1856 1559; x_wconf 91' lang='lat' dir='ltr'><strong>te</strong></span> <span class='ocrx_word' id='word_1_107' title='bbox 1889 1494 2199 1572; x_wconf 85' lang='lat' dir='ltr'><strong>futurum,</strong></span> 
     </span>
     <span class='ocr_line' id='line_1_14' title="bbox 161 1585 2200 1672; baseline 0.002 -22"><span class='ocrx_word' id='word_1_108' title='bbox 161 1611 248 1664; x_wconf 82' lang='lat' dir='ltr'><strong>an,</strong></span> <span class='ocrx_word' id='word_1_109' title='bbox 282 1609 417 1672; x_wconf 87' lang='lat' dir='ltr'><strong>qno</strong></span> <span class='ocrx_word' id='word_1_110' title='bbox 450 1587 644 1651; x_wconf 89' lang='lat' dir='ltr'><strong>modo</strong></span> <span class='ocrx_word' id='word_1_111' title='bbox 674 1585 875 1651; x_wconf 87' lang='lat' dir='ltr'><strong>Stoici</strong></span> <span class='ocrx_word' id='word_1_112' title='bbox 910 1585 1151 1663; x_wconf 81' lang='lat' dir='ltr'><strong>dicunt,</strong></span> <span class='ocrx_word' id='word_1_113' title='bbox 1187 1587 1394 1651; x_wconf 84' lang='lat' dir='ltr'><strong>omnis</strong></span> <span class='ocrx_word' id='word_1_114' title='bbox 1429 1609 1572 1652; x_wconf 88' lang='lat' dir='ltr'><strong>esse</strong></span> <span class='ocrx_word' id='word_1_115' title='bbox 1597 1587 1846 1664; x_wconf 78' lang='lat' dir='ltr'><strong>divites,</strong></span> <span class='ocrx_word' id='word_1_116' title='bbox 1883 1590 1996 1672; x_wconf 89' lang='lat' dir='ltr'><strong>qui</strong></span> <span class='ocrx_word' id='word_1_117' title='bbox 2021 1591 2200 1656; x_wconf 85' lang='lat' dir='ltr'><strong>caelo</strong></span> 
     </span>
     <span class='ocr_line' id='line_1_15' title="bbox 162 1679 2200 1766; baseline 0.001 -22"><span class='ocrx_word' id='word_1_118' title='bbox 162 1693 215 1744; x_wconf 88' lang='lat' dir='ltr'><strong>et</strong></span> <span class='ocrx_word' id='word_1_119' title='bbox 244 1692 415 1748; x_wconf 83' lang='lat' dir='ltr'><strong>terra</strong></span> <span class='ocrx_word' id='word_1_120' title='bbox 448 1681 579 1745; x_wconf 85' lang='lat' dir='ltr'><strong>frui</strong></span> <span class='ocrx_word' id='word_1_121' title='bbox 622 1679 896 1766; x_wconf 85' lang='lat' dir='ltr'><strong>possint,</strong></span> <span class='ocrx_word' id='word_1_122' title='bbox 941 1692 1166 1766; x_wconf 87' lang='lat' dir='ltr'><strong>postea</strong></span> <span class='ocrx_word' id='word_1_123' title='bbox 1206 1680 1450 1746; x_wconf 84' lang='lat' dir='ltr'><strong>videro.</strong></span> <span class='ocrx_word' id='word_1_124' title='bbox 1539 1682 1652 1766; x_wconf 90' lang='lat' dir='ltr'><strong>qui</strong></span> <span class='ocrx_word' id='word_1_125' title='bbox 1693 1681 1884 1746; x_wconf 88' lang='lat' dir='ltr'><strong>istinc</strong></span> <span class='ocrx_word' id='word_1_126' title='bbox 1915 1683 2200 1760; x_wconf 87' lang='lat' dir='ltr'><strong>veniunt,</strong></span> 
     </span>
    </p>
   </div>
   <div class='ocr_carea' id='block_1_7' title="bbox 53 1775 2202 1863">
    <p class='ocr_par' dir='ltr' id='par_1_7' title="bbox 53 1775 2202 1863">
     <span class='ocr_line' id='line_1_16' title="bbox 53 1775 2202 1863; baseline 0.001 -23"><span class='ocrx_word' id='word_1_127' title='bbox 53 1851 55 1861; x_wconf 39' lang='lat'><strong>,</strong></span> <span class='ocrx_word' id='word_1_128' title='bbox 162 1776 515 1863; x_wconf 83' lang='lat' dir='ltr'><strong>superbiam</strong></span> <span class='ocrx_word' id='word_1_129' title='bbox 550 1787 731 1840; x_wconf 89' lang='lat' dir='ltr'><strong>tuam</strong></span> <span class='ocrx_word' id='word_1_130' title='bbox 758 1787 1079 1852; x_wconf 84' lang='lat' dir='ltr'><strong>accusant,</strong></span> <span class='ocrx_word' id='word_1_131' title='bbox 1116 1775 1291 1860; x_wconf 86' lang='lat' dir='ltr'><strong>quod</strong></span> <span class='ocrx_word' id='word_1_132' title='bbox 1316 1787 1559 1862; x_wconf 86' lang='lat' dir='ltr'><strong>negent</strong></span> <span class='ocrx_word' id='word_1_133' title='bbox 1592 1787 1656 1842; x_wconf 89' lang='lat' dir='ltr'><strong>te</strong></span> <span class='ocrx_word' id='word_1_134' title='bbox 1681 1775 2202 1862; x_wconf 77' lang='lat' dir='ltr'><strong>percontantibus</strong></span> 
     </span>
    </p>
   </div>
   <div class='ocr_carea' id='block_1_8' title="bbox 161 1869 2203 2126">
    <p class='ocr_par' dir='ltr' id='par_1_8' title="bbox 161 1869 2203 2126">
     <span class='ocr_line' id='line_1_17' title="bbox 161 1869 2202 1957; baseline 0 -23"><span class='ocrx_word' id='word_1_135' title='bbox 161 1871 561 1957; x_wconf 86' lang='lat' dir='ltr'><strong>respondere3</strong></span> <span class='ocrx_word' id='word_1_136' title='bbox 614 1869 728 1934; x_wconf 89' lang='lat' dir='ltr'><strong>sed</strong></span> <span class='ocrx_word' id='word_1_137' title='bbox 770 1881 984 1936; x_wconf 83' lang='lat' dir='ltr'><strong>tamen</strong></span> <span class='ocrx_word' id='word_1_138' title='bbox 1020 1880 1117 1936; x_wconf 85' lang='lat' dir='ltr'><strong>est</strong></span> <span class='ocrx_word' id='word_1_139' title='bbox 1156 1870 1333 1954; x_wconf 91' lang='lat' dir='ltr'><strong>quod</strong></span> <span class='ocrx_word' id='word_1_140' title='bbox 1377 1869 1693 1956; x_wconf 62' lang='lat' dir='ltr'><strong>gaudeam</strong></span> <span class='ocrx_word' id='word_1_141' title='bbox 1749 1882 1998 1936; x_wconf 81' lang='lat' dir='ltr'><strong>constat</strong></span> <span class='ocrx_word' id='word_1_142' title='bbox 2031 1869 2202 1936; x_wconf 85' lang='lat' dir='ltr'><strong>enim</strong></span> 
     </span>
     <span class='ocr_line' id='line_1_18' title="bbox 161 1963 2203 2051; baseline 0.001 -23"><span class='ocrx_word' id='word_1_143' title='bbox 161 1965 315 2030; x_wconf 84' lang='lat' dir='ltr'><strong>inter</strong></span> <span class='ocrx_word' id='word_1_144' title='bbox 344 1964 553 2030; x_wconf 89' lang='lat' dir='ltr'><strong>omnis</strong></span> <span class='ocrx_word' id='word_1_145' title='bbox 594 1963 917 2030; x_wconf 87' lang='lat' dir='ltr'><strong>neminem</strong></span> <span class='ocrx_word' id='word_1_146' title='bbox 958 1976 1023 2031; x_wconf 83' lang='lat' dir='ltr'><strong>te</strong></span> <span class='ocrx_word' id='word_1_147' title='bbox 1057 1987 1187 2030; x_wconf 90' lang='lat' dir='ltr'><strong>uno</strong></span> <span class='ocrx_word' id='word_1_148' title='bbox 1226 1963 1720 2032; x_wconf 85' lang='lat' dir='ltr'><strong>Samarobrivae</strong></span> <span class='ocrx_word' id='word_1_149' title='bbox 1751 1965 1908 2030; x_wconf 81' lang='lat' dir='ltr'><strong>iuris</strong></span> <span class='ocrx_word' id='word_1_150' title='bbox 1944 1965 2203 2051; x_wconf 77' lang='lat' dir='ltr'><strong>peritio-</strong></span> 
     </span>
     <span class='ocr_line' id='line_1_19' title="bbox 162 2081 478 2126; baseline 0.006 -4"><span class='ocrx_word' id='word_1_151' title='bbox 162 2081 284 2124; x_wconf 84' lang='lat' dir='ltr'><strong>rem</strong></span> <span class='ocrx_word' id='word_1_152' title='bbox 318 2081 478 2126; x_wconf 89' lang='lat' dir='ltr'><strong>esse.</strong></span> 
     </span>
    </p>
   </div>
   <div class='ocr_carea' id='block_1_9' title="bbox 607 2209 1738 2472">
    <p class='ocr_par' dir='ltr' id='par_1_9' title="bbox 607 2209 1738 2472">
     <span class='ocr_line' id='line_1_20' title="bbox 1078 2209 1269 2267; baseline -0.016 0"><span class='ocrx_word' id='word_1_153' title='bbox 1078 2209 1191 2267; x_wconf 91' lang='lat' dir='ltr'><strong>XV</strong></span> <span class='ocrx_word' id='word_1_154' title='bbox 1193 2211 1269 2266; x_wconf 87' lang='grc' dir='ltr'><strong>ΙΙ.</strong></span> 
     </span>
     <span class='ocr_line' id='line_1_21' title="bbox 607 2311 1738 2372; baseline -0.001 -3"><span class='ocrx_word' id='word_1_155' title='bbox 607 2311 725 2369; x_wconf 86' lang='lat' dir='ltr'><strong>Scr.</strong></span> <span class='ocrx_word' id='word_1_156' title='bbox 744 2311 959 2368; x_wconf 81' lang='lat' dir='ltr'><strong>Romae</strong></span> <span class='ocrx_word' id='word_1_157' title='bbox 978 2331 1167 2370; x_wconf 89' lang='lat' dir='ltr'><strong>mense</strong></span> <span class='ocrx_word' id='word_1_158' title='bbox 1188 2313 1384 2370; x_wconf 84' lang='lat' dir='ltr'><strong>Sextili</strong></span> <span class='ocrx_word' id='word_1_159' title='bbox 1404 2331 1454 2370; x_wconf 87' lang='lat' dir='ltr'><strong>a.</strong></span> <span class='ocrx_word' id='word_1_160' title='bbox 1475 2331 1530 2368; x_wconf 90' lang='lat' dir='ltr'><strong>u.</strong></span> <span class='ocrx_word' id='word_1_161' title='bbox 1549 2331 1598 2370; x_wconf 87' lang='lat' dir='ltr'><strong>c.</strong></span> <span class='ocrx_word' id='word_1_162' title='bbox 1621 2315 1738 2372; x_wconf 81' lang='lat'><strong>700.</strong></span> 
     </span>
     <span class='ocr_line' id='line_1_22' title="bbox 712 2414 1624 2472; baseline 0.001 -1"><span class='ocrx_word' id='word_1_163' title='bbox 712 2414 988 2472; x_wconf 77' lang='lat' dir='ltr'>CICERO</span> <span class='ocrx_word' id='word_1_164' title='bbox 1024 2416 1421 2472; x_wconf 84' lang='lat' dir='ltr'><strong>TREBATIO</strong></span> <span class='ocrx_word' id='word_1_165' title='bbox 1459 2417 1624 2472; x_wconf 85' lang='lat' dir='ltr'><strong>SAL.</strong></span> 
     </span>
    </p>
   </div>
   <div class='ocr_carea' id='block_1_10' title="bbox 167 2529 2199 3090">
    <p class='ocr_par' dir='ltr' id='par_1_10' title="bbox 167 2529 2199 3090">
     <span class='ocr_line' id='line_1_23' title="bbox 278 2529 2197 2620; baseline 0.002 -24"><span class='ocrx_word' id='word_1_166' title='bbox 278 2530 379 2596; x_wconf 85' lang='lat' dir='ltr'><strong>Ex</strong></span> <span class='ocrx_word' id='word_1_167' title='bbox 414 2532 541 2596; x_wconf 90' lang='lat' dir='ltr'><strong>tuis</strong></span> <span class='ocrx_word' id='word_1_168' title='bbox 588 2531 813 2598; x_wconf 87' lang='lat' dir='ltr'><strong>litteris</strong></span> <span class='ocrx_word' id='word_1_169' title='bbox 849 2543 911 2597; x_wconf 89' lang='lat' dir='ltr'><strong>et</strong></span> <span class='ocrx_word' id='word_1_170' title='bbox 951 2529 1199 2612; x_wconf 86' lang='lat' dir='ltr'><strong>Quinto</strong></span> <span class='ocrx_word' id='word_1_171' title='bbox 1234 2531 1414 2596; x_wconf 87' lang='lat' dir='ltr'><strong>fratri</strong></span> <span class='ocrx_word' id='word_1_172' title='bbox 1461 2533 1700 2619; x_wconf 83' lang='lat' dir='ltr'><strong>gratias</strong></span> <span class='ocrx_word' id='word_1_173' title='bbox 1737 2533 1842 2620; x_wconf 85' lang='lat' dir='ltr'><strong>egi</strong></span> <span class='ocrx_word' id='word_1_174' title='bbox 1877 2545 1944 2599; x_wconf 92' lang='lat' dir='ltr'><strong>et</strong></span> <span class='ocrx_word' id='word_1_175' title='bbox 1983 2545 2047 2598; x_wconf 92' lang='lat' dir='ltr'><strong>te</strong></span> <span class='ocrx_word' id='word_1_176' title='bbox 2084 2534 2197 2598; x_wconf 89' lang='lat' dir='ltr'><strong>ali-</strong></span> 
     </span>
     <span class='ocr_line' id='line_1_24' title="bbox 167 2625 2197 2711; baseline 0.002 -22"><span class='ocrx_word' id='word_1_177' title='bbox 167 2626 401 2708; x_wconf 84' lang='lat' dir='ltr'><strong>quando</strong></span> <span class='ocrx_word' id='word_1_178' title='bbox 432 2625 818 2691; x_wconf 87' lang='lat' dir='ltr'><strong>conlaudare</strong></span> <span class='ocrx_word' id='word_1_179' title='bbox 845 2648 1129 2711; x_wconf 91' lang='lat' dir='ltr'><strong>possum,</strong></span> <span class='ocrx_word' id='word_1_180' title='bbox 1164 2627 1339 2710; x_wconf 90' lang='lat' dir='ltr'><strong>quod</strong></span> <span class='ocrx_word' id='word_1_181' title='bbox 1364 2627 1494 2690; x_wconf 85' lang='lat' dir='ltr'><strong>iam</strong></span> <span class='ocrx_word' id='word_1_182' title='bbox 1519 2627 1752 2692; x_wconf 89' lang='lat' dir='ltr'><strong>videris</strong></span> <span class='ocrx_word' id='word_1_183' title='bbox 1783 2640 1956 2693; x_wconf 87' lang='lat' dir='ltr'><strong>certa</strong></span> <span class='ocrx_word' id='word_1_184' title='bbox 1981 2629 2197 2711; x_wconf 92' lang='lat' dir='ltr'><strong>aliqua</strong></span> 
     </span>
     <span class='ocr_line' id='line_1_25' title="bbox 168 2719 2196 2806; baseline 0.001 -23"><span class='ocrx_word' id='word_1_185' title='bbox 168 2719 223 2783; x_wconf 84' lang='lat' dir='ltr'><strong>in</strong></span> <span class='ocrx_word' id='word_1_186' title='bbox 252 2720 561 2786; x_wconf 85' lang='lat' dir='ltr'><strong>sententia</strong></span> <span class='ocrx_word' id='word_1_187' title='bbox 596 2719 970 2786; x_wconf 86' lang='lat' dir='ltr'><strong>constitisse.</strong></span> <span class='ocrx_word' id='word_1_188' title='bbox 1055 2731 1207 2786; x_wconf 81' lang='lat' dir='ltr'><strong>nam</strong></span> <span class='ocrx_word' id='word_1_189' title='bbox 1251 2721 1600 2806; x_wconf 86' lang='lat' dir='ltr'><strong>primorum</strong></span> <span class='ocrx_word' id='word_1_190' title='bbox 1635 2743 1928 2786; x_wconf 89' lang='lat' dir='ltr'><strong>mensum</strong></span> <span class='ocrx_word' id='word_1_191' title='bbox 1970 2720 2196 2786; x_wconf 85' lang='lat' dir='ltr'><strong>litteris</strong></span> 
     </span>
     <span class='ocr_line' id='line_1_26' title="bbox 168 2815 2199 2900; baseline 0 -20"><span class='ocrx_word' id='word_1_192' title='bbox 168 2815 274 2880; x_wconf 83' lang='lat' dir='ltr'><strong>tuis</strong></span> <span class='ocrx_word' id='word_1_193' title='bbox 323 2815 733 2884; x_wconf 85' lang='lat' dir='ltr'><strong>vehementer</strong></span> <span class='ocrx_word' id='word_1_194' title='bbox 786 2817 1259 2894; x_wconf 86' lang='lat' dir='ltr'><strong>commovebar,</strong></span> <span class='ocrx_word' id='word_1_195' title='bbox 1314 2817 1488 2900; x_wconf 87' lang='lat' dir='ltr'><strong>quod</strong></span> <span class='ocrx_word' id='word_1_196' title='bbox 1540 2817 1697 2882; x_wconf 86' lang='lat' dir='ltr'><strong>mihi</strong></span> <span class='ocrx_word' id='word_1_197' title='bbox 1745 2815 2066 2883; x_wconf 89' lang='lat' dir='ltr'><strong>interdum</strong></span> <span class='ocrx_word' id='word_1_198' title='bbox 2109 2853 2199 2866; x_wconf 90' lang='lat'><strong>——</strong></span> 
     </span>
     <span class='ocr_line' id='line_1_27' title="bbox 172 2909 2198 2996; baseline 0 -21"><span class='ocrx_word' id='word_1_199' title='bbox 172 2930 305 2992; x_wconf 82' lang='lat' dir='ltr'><strong>pace</strong></span> <span class='ocrx_word' id='word_1_200' title='bbox 347 2922 460 2975; x_wconf 90' lang='lat' dir='ltr'><strong>tua</strong></span> <span class='ocrx_word' id='word_1_201' title='bbox 504 2909 775 2975; x_wconf 87' lang='lat' dir='ltr'><strong>dixerim</strong></span> <span class='ocrx_word' id='word_1_202' title='bbox 808 2946 897 2957; x_wconf 92' lang='lat'><strong>—</strong></span> <span class='ocrx_word' id='word_1_203' title='bbox 927 2910 1087 2976; x_wconf 87' lang='lat' dir='ltr'><strong>levis</strong></span> <span class='ocrx_word' id='word_1_204' title='bbox 1131 2911 1197 2974; x_wconf 92' lang='lat' dir='ltr'><strong>in</strong></span> <span class='ocrx_word' id='word_1_205' title='bbox 1250 2911 1428 2977; x_wconf 88' lang='lat' dir='ltr'><strong>urbis</strong></span> <span class='ocrx_word' id='word_1_206' title='bbox 1481 2911 1984 2996; x_wconf 86' lang='lat' dir='ltr'><strong>urbanitatisque</strong></span> <span class='ocrx_word' id='word_1_207' title='bbox 2029 2912 2198 2978; x_wconf 88' lang='lat' dir='ltr'><strong>desi-</strong></span> 
     </span>
     <span class='ocr_line' id='line_1_28' title="bbox 174 3000 2194 3090; baseline 0.003 -25"><span class='ocrx_word' id='word_1_208' title='bbox 174 3000 343 3082; x_wconf 84' lang='lat' dir='ltr'><strong>derio,</strong></span> <span class='ocrx_word' id='word_1_209' title='bbox 372 3005 698 3070; x_wconf 90' lang='lat' dir='ltr'><strong>interdum</strong></span> <span class='ocrx_word' id='word_1_210' title='bbox 724 3004 929 3090; x_wconf 89' lang='lat' dir='ltr'><strong>piger,</strong></span> <span class='ocrx_word' id='word_1_211' title='bbox 950 3005 1274 3070; x_wconf 89' lang='lat' dir='ltr'><strong>interdum</strong></span> <span class='ocrx_word' id='word_1_212' title='bbox 1300 3005 1562 3072; x_wconf 87' lang='lat' dir='ltr'><strong>timidus</strong></span> <span class='ocrx_word' id='word_1_213' title='bbox 1587 3006 1656 3070; x_wconf 88' lang='lat' dir='ltr'><strong>in</strong></span> <span class='ocrx_word' id='word_1_214' title='bbox 1680 3007 1900 3072; x_wconf 88' lang='lat' dir='ltr'><strong>labore</strong></span> <span class='ocrx_word' id='word_1_215' title='bbox 1917 3003 2194 3085; x_wconf 84' lang='lat' dir='ltr'><strong>militari,</strong></span> 
     </span>
    </p>
   </div>
   <div class='ocr_carea' id='block_1_11' title="bbox 62 3099 2200 3182">
    <p class='ocr_par' dir='ltr' id='par_1_11' title="bbox 62 3099 2200 3182">
     <span class='ocr_line' id='line_1_29' title="bbox 62 3099 2200 3182; baseline 0.003 -23"><span class='ocrx_word' id='word_1_216' title='bbox 62 3157 64 3160; x_wconf 10' lang='grc' dir='ltr'><em>Α</em></span> <span class='ocrx_word' id='word_1_217' title='bbox 172 3119 335 3182; x_wconf 84' lang='lat' dir='ltr'><strong>saepe</strong></span> <span class='ocrx_word' id='word_1_218' title='bbox 370 3111 585 3164; x_wconf 81' lang='lat' dir='ltr'><strong>autem</strong></span> <span class='ocrx_word' id='word_1_219' title='bbox 620 3099 841 3175; x_wconf 85' lang='lat' dir='ltr'><strong>etiam,</strong></span> <span class='ocrx_word' id='word_1_220' title='bbox 894 3099 1069 3182; x_wconf 89' lang='lat' dir='ltr'><strong>quod</strong></span> <span class='ocrx_word' id='word_1_221' title='bbox 1104 3123 1144 3164; x_wconf 87' lang='lat' dir='ltr'><strong>a</strong></span> <span class='ocrx_word' id='word_1_222' title='bbox 1187 3110 1250 3164; x_wconf 90' lang='lat' dir='ltr'><strong>te</strong></span> <span class='ocrx_word' id='word_1_223' title='bbox 1285 3099 1742 3166; x_wconf 86' lang='lat' dir='ltr'><strong>alienissimum</strong></span> <span class='ocrx_word' id='word_1_224' title='bbox 1777 3111 1900 3175; x_wconf 86' lang='lat' dir='ltr'><strong>est,</strong></span> <span class='ocrx_word' id='word_1_225' title='bbox 1954 3101 2200 3166; x_wconf 85' lang='lat' dir='ltr'><strong>subim-</strong></span> 
     </span>
    </p>
   </div>
   <div class='ocr_carea' id='block_1_12' title="bbox 172 3191 2256 4128">
    <p class='ocr_par' dir='ltr' id='par_1_12' title="bbox 172 3191 2256 4128">
     <span class='ocr_line' id='line_1_30' title="bbox 172 3191 2200 3279; baseline 0.002 -25"><span class='ocrx_word' id='word_1_226' title='bbox 172 3191 391 3272; x_wconf 86' lang='lat' dir='ltr'><strong>pudens</strong></span> <span class='ocrx_word' id='word_1_227' title='bbox 425 3191 757 3258; x_wconf 78' lang='lat' dir='ltr'><strong>videbare:</strong></span> <span class='ocrx_word' id='word_1_228' title='bbox 793 3203 1121 3276; x_wconf 85' lang='lat' dir='ltr'><strong>tamquam</strong></span> <span class='ocrx_word' id='word_1_229' title='bbox 1149 3193 1318 3258; x_wconf 82' lang='lat' dir='ltr'><strong>enim</strong></span> <span class='ocrx_word' id='word_1_230' title='bbox 1347 3191 1780 3278; x_wconf 85' lang='lat' dir='ltr'><strong>syngrapham</strong></span> <span class='ocrx_word' id='word_1_231' title='bbox 1806 3192 1890 3257; x_wconf 88' lang='lat' dir='ltr'><strong>ad</strong></span> <span class='ocrx_word' id='word_1_232' title='bbox 1923 3193 2200 3279; x_wconf 83' lang='lat' dir='ltr'><strong>impera-</strong></span> 
     </span>
     <span class='ocr_line' id='line_1_31' title="bbox 174 3285 2195 3372; baseline 0.001 -25"><span class='ocrx_word' id='word_1_233' title='bbox 174 3295 366 3363; x_wconf 86' lang='lat' dir='ltr'><strong>torem,</strong></span> <span class='ocrx_word' id='word_1_234' title='bbox 392 3309 524 3352; x_wconf 89' lang='lat' dir='ltr'><strong>non</strong></span> <span class='ocrx_word' id='word_1_235' title='bbox 551 3287 887 3372; x_wconf 88' lang='lat' dir='ltr'><strong>epistolam</strong></span> <span class='ocrx_word' id='word_1_236' title='bbox 912 3288 1255 3364; x_wconf 86' lang='lat' dir='ltr'><strong>attulisses,</strong></span> <span class='ocrx_word' id='word_1_237' title='bbox 1281 3287 1374 3352; x_wconf 90' lang='lat' dir='ltr'><strong>sic</strong></span> <span class='ocrx_word' id='word_1_238' title='bbox 1401 3285 1673 3372; x_wconf 88' lang='lat' dir='ltr'><strong>pecunia</strong></span> <span class='ocrx_word' id='word_1_239' title='bbox 1699 3287 1914 3351; x_wconf 88' lang='lat' dir='ltr'><strong>ablata</strong></span> <span class='ocrx_word' id='word_1_240' title='bbox 1931 3286 2195 3350; x_wconf 87' lang='lat' dir='ltr'><strong>domum</strong></span> 
     </span>
     <span class='ocr_line' id='line_1_32' title="bbox 172 3379 2193 3466; baseline 0 -24"><span class='ocrx_word' id='word_1_241' title='bbox 172 3379 346 3446; x_wconf 86' lang='lat' dir='ltr'><strong>redire</strong></span> <span class='ocrx_word' id='word_1_242' title='bbox 380 3381 792 3466; x_wconf 87' lang='lat' dir='ltr'><strong>properabas,</strong></span> <span class='ocrx_word' id='word_1_243' title='bbox 827 3399 947 3445; x_wconf 86' lang='lat' dir='ltr'><strong>nec</strong></span> <span class='ocrx_word' id='word_1_244' title='bbox 972 3379 1089 3444; x_wconf 88' lang='lat' dir='ltr'><strong>tibi</strong></span> <span class='ocrx_word' id='word_1_245' title='bbox 1121 3381 1191 3445; x_wconf 85' lang='lat' dir='ltr'><strong>in</strong></span> <span class='ocrx_word' id='word_1_246' title='bbox 1215 3393 1496 3446; x_wconf 85' lang='lat' dir='ltr'><strong>mentem</strong></span> <span class='ocrx_word' id='word_1_247' title='bbox 1522 3379 1822 3444; x_wconf 87' lang='lat' dir='ltr'><strong>veniebat</strong></span> <span class='ocrx_word' id='word_1_248' title='bbox 1855 3400 1964 3444; x_wconf 89' lang='lat' dir='ltr'><strong>eos</strong></span> <span class='ocrx_word' id='word_1_249' title='bbox 1998 3379 2193 3464; x_wconf 88' lang='lat' dir='ltr'><strong>ipsos,</strong></span> 
     </span>
     <span class='ocr_line' id='line_1_33' title="bbox 174 3474 2195 3562; baseline 0.002 -28"><span class='ocrx_word' id='word_1_250' title='bbox 174 3474 261 3553; x_wconf 89' lang='lat' dir='ltr'><strong>qui</strong></span> <span class='ocrx_word' id='word_1_251' title='bbox 300 3495 445 3540; x_wconf 85' lang='lat' dir='ltr'><strong>cnm</strong></span> <span class='ocrx_word' id='word_1_252' title='bbox 490 3474 877 3562; x_wconf 80' lang='lat' dir='ltr'><strong>syngraphis</strong></span> <span class='ocrx_word' id='word_1_253' title='bbox 933 3475 1255 3540; x_wconf 86' lang='lat' dir='ltr'><strong>venissent</strong></span> <span class='ocrx_word' id='word_1_254' title='bbox 1297 3475 1773 3540; x_wconf 84' lang='lat' dir='ltr'><strong>Alexandream</strong></span> <span class='ocrx_word' id='word_1_255' title='bbox 1786 3519 1805 3550; x_wconf 93' lang='lat'><strong>,</strong></span> <span class='ocrx_word' id='word_1_256' title='bbox 1857 3494 2195 3538; x_wconf 89' lang='lat' dir='ltr'><strong>nummum</strong></span> 
     </span>
     <span class='ocr_line' id='line_1_34' title="bbox 175 3565 2256 3655; baseline -0.001 -24"><span class='ocrx_word' id='word_1_257' title='bbox 175 3565 355 3632; x_wconf 80' lang='lat' dir='ltr'><strong>adhuc</strong></span> <span class='ocrx_word' id='word_1_258' title='bbox 400 3570 653 3634; x_wconf 84' lang='lat' dir='ltr'><strong>nullum</strong></span> <span class='ocrx_word' id='word_1_259' title='bbox 704 3568 957 3634; x_wconf 85' lang='lat' dir='ltr'><strong>auferre</strong></span> <span class='ocrx_word' id='word_1_260' title='bbox 1009 3569 1310 3654; x_wconf 83' lang='lat' dir='ltr'><strong>potuisse.</strong></span> <span class='ocrx_word' id='word_1_261' title='bbox 1401 3591 1554 3655; x_wconf 87' lang='lat' dir='ltr'><strong>ego,</strong></span> <span class='ocrx_word' id='word_1_262' title='bbox 1609 3569 1662 3633; x_wconf 87' lang='lat' dir='ltr'><strong>si</strong></span> <span class='ocrx_word' id='word_1_263' title='bbox 1707 3569 1834 3634; x_wconf 88' lang='lat' dir='ltr'><strong>mei</strong></span> <span class='ocrx_word' id='word_1_264' title='bbox 1877 3567 2194 3634; x_wconf 87' lang='lat' dir='ltr'><strong>commodi</strong></span> <span class='ocrx_word' id='word_1_265' title='bbox 2228 3588 2256 3628; x_wconf 75' lang='lat' dir='ltr'><strong>s</strong></span> 
     </span>
     <span class='ocr_line' id='line_1_35' title="bbox 175 3661 2194 3739; baseline 0.002 -18"><span class='ocrx_word' id='word_1_266' title='bbox 175 3661 451 3728; x_wconf 76' lang='lat' dir='ltr'><strong>rationem</strong></span> <span class='ocrx_word' id='word_1_267' title='bbox 488 3663 823 3738; x_wconf 85' lang='lat' dir='ltr'><strong>ducerem,</strong></span> <span class='ocrx_word' id='word_1_268' title='bbox 867 3674 931 3729; x_wconf 89' lang='lat' dir='ltr'><strong>te</strong></span> <span class='ocrx_word' id='word_1_269' title='bbox 962 3683 1217 3728; x_wconf 88' lang='lat' dir='ltr'><strong>mecum</strong></span> <span class='ocrx_word' id='word_1_270' title='bbox 1250 3685 1395 3728; x_wconf 87' lang='lat' dir='ltr'><strong>esse</strong></span> <span class='ocrx_word' id='word_1_271' title='bbox 1435 3662 1712 3728; x_wconf 85' lang='lat' dir='ltr'><strong>maxime</strong></span> <span class='ocrx_word' id='word_1_272' title='bbox 1749 3661 2010 3739; x_wconf 82' lang='lat' dir='ltr'><strong>vellem3</strong></span> <span class='ocrx_word' id='word_1_273' title='bbox 2063 3682 2194 3726; x_wconf 89' lang='lat' dir='ltr'><strong>non</strong></span> 
     </span>
     <span class='ocr_line' id='line_1_36' title="bbox 177 3754 2194 3845; baseline 0.004 -32"><span class='ocrx_word' id='word_1_274' title='bbox 177 3754 317 3819; x_wconf 80' lang='lat' dir='ltr'><strong>enim</strong></span> <span class='ocrx_word' id='word_1_275' title='bbox 358 3757 666 3824; x_wconf 86' lang='lat' dir='ltr'><strong>mediocri</strong></span> <span class='ocrx_word' id='word_1_276' title='bbox 710 3756 1055 3824; x_wconf 83' lang='lat' dir='ltr'><strong>adficiebar</strong></span> <span class='ocrx_word' id='word_1_277' title='bbox 1097 3758 1201 3823; x_wconf 81' lang='lat' dir='ltr'><strong>vel</strong></span> <span class='ocrx_word' id='word_1_278' title='bbox 1245 3757 1576 3845; x_wconf 85' lang='lat' dir='ltr'><strong>voluptate</strong></span> <span class='ocrx_word' id='word_1_279' title='bbox 1609 3781 1691 3824; x_wconf 87' lang='lat' dir='ltr'><strong>ex</strong></span> <span class='ocrx_word' id='word_1_280' title='bbox 1735 3755 2194 3823; x_wconf 86' lang='lat' dir='ltr'><strong>consuetudine</strong></span> 
     </span>
     <span class='ocr_line' id='line_1_37' title="bbox 176 3849 2196 3940; baseline 0.004 -33"><span class='ocrx_word' id='word_1_281' title='bbox 176 3860 361 3915; x_wconf 85' lang='lat' dir='ltr'><strong>nostra</strong></span> <span class='ocrx_word' id='word_1_282' title='bbox 392 3852 497 3917; x_wconf 83' lang='lat' dir='ltr'><strong>vel</strong></span> <span class='ocrx_word' id='word_1_283' title='bbox 532 3851 805 3916; x_wconf 87' lang='lat' dir='ltr'><strong>utilitate</strong></span> <span class='ocrx_word' id='word_1_284' title='bbox 840 3874 919 3917; x_wconf 87' lang='lat' dir='ltr'><strong>ex</strong></span> <span class='ocrx_word' id='word_1_285' title='bbox 954 3851 1217 3918; x_wconf 87' lang='lat' dir='ltr'><strong>consilio</strong></span> <span class='ocrx_word' id='word_1_286' title='bbox 1252 3863 1446 3936; x_wconf 84' lang='lat' dir='ltr'><strong>atque</strong></span> <span class='ocrx_word' id='word_1_287' title='bbox 1481 3873 1676 3940; x_wconf 84' lang='lat' dir='ltr'><strong>opera</strong></span> <span class='ocrx_word' id='word_1_288' title='bbox 1709 3863 1841 3917; x_wconf 86' lang='lat' dir='ltr'><strong>tua.</strong></span> <span class='ocrx_word' id='word_1_289' title='bbox 1897 3849 2012 3918; x_wconf 87' lang='lat' dir='ltr'><strong>sed</strong></span> <span class='ocrx_word' id='word_1_290' title='bbox 2045 3871 2196 3916; x_wconf 87' lang='lat' dir='ltr'><strong>cum</strong></span> 
     </span>
     <span class='ocr_line' id='line_1_38' title="bbox 180 3945 2199 4014; baseline 0.004 -12"><span class='ocrx_word' id='word_1_291' title='bbox 180 3947 227 4002; x_wconf 85' lang='lat' dir='ltr'><strong>te</strong></span> <span class='ocrx_word' id='word_1_292' title='bbox 254 3965 327 4008; x_wconf 87' lang='lat' dir='ltr'><strong>ex</strong></span> <span class='ocrx_word' id='word_1_293' title='bbox 360 3945 793 4010; x_wconf 85' lang='lat' dir='ltr'><strong>adulescentia</strong></span> <span class='ocrx_word' id='word_1_294' title='bbox 826 3957 938 4014; x_wconf 86' lang='lat' dir='ltr'><strong>tua</strong></span> <span class='ocrx_word' id='word_1_295' title='bbox 980 3946 1049 4010; x_wconf 92' lang='lat' dir='ltr'><strong>in</strong></span> <span class='ocrx_word' id='word_1_296' title='bbox 1084 3947 1430 4012; x_wconf 86' lang='lat' dir='ltr'><strong>amicitiam</strong></span> <span class='ocrx_word' id='word_1_297' title='bbox 1465 3959 1528 4013; x_wconf 88' lang='lat' dir='ltr'><strong>et</strong></span> <span class='ocrx_word' id='word_1_298' title='bbox 1571 3947 1764 4014; x_wconf 88' lang='lat' dir='ltr'><strong>fidem</strong></span> <span class='ocrx_word' id='word_1_299' title='bbox 1799 3967 2008 4012; x_wconf 84' lang='lat' dir='ltr'><strong>meam</strong></span> <span class='ocrx_word' id='word_1_300' title='bbox 2044 3965 2199 4010; x_wconf 85' lang='lat' dir='ltr'><strong>con-</strong></span> 
     </span>
     <span class='ocr_line' id='line_1_39' title="bbox 180 4033 2192 4128; baseline 0.003 -29"><span class='ocrx_word' id='word_1_301' title='bbox 180 4033 429 4116; x_wconf 84' lang='lat' dir='ltr'><strong>tulisses,</strong></span> <span class='ocrx_word' id='word_1_302' title='bbox 482 4062 735 4128; x_wconf 84' lang='lat' dir='ltr'><strong>semper</strong></span> <span class='ocrx_word' id='word_1_303' title='bbox 776 4051 841 4106; x_wconf 89' lang='lat' dir='ltr'><strong>te</strong></span> <span class='ocrx_word' id='word_1_304' title='bbox 874 4063 1003 4106; x_wconf 89' lang='lat' dir='ltr'><strong>non</strong></span> <span class='ocrx_word' id='word_1_305' title='bbox 1036 4042 1227 4107; x_wconf 87' lang='lat' dir='ltr'><strong>modo</strong></span> <span class='ocrx_word' id='word_1_306' title='bbox 1260 4043 1571 4108; x_wconf 82' lang='lat' dir='ltr'><strong>tuendum</strong></span> <span class='ocrx_word' id='word_1_307' title='bbox 1613 4041 1798 4120; x_wconf 88' lang='lat' dir='ltr'><strong>mihi,</strong></span> <span class='ocrx_word' id='word_1_308' title='bbox 1852 4042 1966 4107; x_wconf 88' lang='lat' dir='ltr'><strong>sed</strong></span> <span class='ocrx_word' id='word_1_309' title='bbox 2001 4040 2192 4108; x_wconf 88' lang='lat' dir='ltr'><strong>etiam</strong></span> 
     </span>
    </p>
   </div>
  </div>
 </body>
</html>
