2675 4559
471 211 598 279 186
860 186 866 191 ⁷
1080 225 1157 279 M.
1195 224 1469 320 'runnu
1502 222 1902 279 cronnoms

471 348 572 414 bis
600 359 735 414 erat
752 349 1022 413 Hirrum
1048 348 1285 412 diutius
1314 347 1663 412 dicturum:
1698 346 2154 433 prehendimus
2187 370 2375 426 eum3
2410 372 2527 414 non

475 445 667 505 mado
703 464 830 507 non
864 441 1045 519 fecit,
1089 442 1232 519 sed,
1278 463 1427 507 cum
1470 441 1551 506 de
1594 442 1815 507 hostiis
1864 454 2170 528 ageretur
2208 456 2277 509 et
2324 458 2531 530 posset

475 561 609 601 reni
647 536 960 621 inpedire,
995 537 1079 613 si,
1115 546 1189 600 ut
1220 547 1679 611 numeraretur,
1714 538 2084 622 postularet,
2124 539 2367 616 tacuit3
2404 551 2531 603 tan-

475 645 611 693 tum
635 629 866 695 Catoni
898 630 1207 694 adsensus
1243 640 1358 705 est,
1394 630 1505 713 qui
1532 629 1612 694 de
1649 640 1711 695 te
1737 630 1988 695 locutus
2022 628 2387 697 honorifice
2412 654 2529 696 non

479 725 763 789 derra-rat
795 723 1318 809 supplicationes3
1356 723 1578 788 tertius
1614 723 1697 787 ad
1730 723 1847 788 hos
1874 723 2217 789 Favonius
2250 727 2527 790 accessit.

475 841 603 897 qua
635 841 699 881 rs
735 838 850 902 pro
881 816 1188 901 cuiusque
1214 827 1445 882 natura
1471 828 1535 882 et
1568 817 1855 882 instituto
1881 818 2131 903 gratiae
2161 828 2320 882 sunt
2348 840 2526 903 agen-

475 913 619 973 das:
671 913 795 991 his,
828 910 1005 994 quod
1038 920 1286 974 tantum
1321 910 1715 975 voluntatem
1748 910 2204 986 ostenderunt,
2241 933 2364 997 pro
2399 934 2525 975 sen-

475 1005 699 1081 tentia,
757 1026 905 1070 cum
947 1004 1234 1089 inpedire
1275 1014 1567 1089 possent,
1619 1024 1748 1069 non
1798 1015 2179 1090 pugnarunt
2190 1028 2212 1082 ς
2272 1002 2523 1069 Curioni

475 1121 643 1173 vern,
683 1097 855 1181 quod
883 1097 963 1162 de
998 1119 1257 1162 suarum
1293 1098 1615 1162 actionum
1641 1118 1833 1162 cursu
1867 1107 1979 1161 tua
2012 1119 2223 1162 causa
2260 1097 2521 1162 deflexit.

475 1217 623 1253 nani
654 1192 929 1257 Furnius
965 1202 1029 1257 et
1054 1191 1391 1269 Lentulus,
1426 1204 1501 1255 ut
1533 1191 1910 1268 debuerunt,
1946 1192 2135 1275 quasi
2176 1214 2403 1257 eorum
2433 1214 2519 1255 res

479 1303 639 1349 esset
655 1337 671 1361 ,
719 1308 846 1349 nna
888 1286 1224 1350 nobiscum
1261 1284 1711 1353 circumierunt
1744 1296 1811 1351 et
1851 1286 2255 1352 laborarunt.
2350 1285 2521 1350 Balbi

475 1401 731 1461 qunspie
767 1376 1048 1445 Cornelii
1082 1400 1344 1465 operam
1380 1390 1444 1445 et
1486 1378 1889 1445 sedulitatem
1930 1381 2207 1445 laudare
2242 1402 2493 1466 possum
2502 1401 2516 1451 ;

475 1497 623 1533 nam
663 1494 806 1537 sum
843 1470 1122 1538 Curione
1158 1473 1569 1539 vehementer
1603 1475 1854 1539 locutus
1890 1484 1987 1539 est
2012 1485 2079 1539 et
2116 1496 2297 1549 eum,
2335 1474 2388 1537 si
2421 1471 2519 1535 ali-

475 1581 568 1629 ter
615 1569 894 1642 lusisset,
945 1567 1241 1632 iniuriam
1289 1565 1554 1633 Caesari
1596 1566 1915 1633 facturum
1960 1567 2157 1645 dixit,
2214 1579 2355 1632 tum
2398 1566 2515 1631 eius

475 1661 663 1725 fidem
719 1661 784 1725 in
835 1660 1249 1747 suspitionem
1303 1661 1588 1726 adduxit.
1686 1661 2014 1727 decrerant
2070 1662 2341 1746 quidem
2354 1707 2372 1736 ,
2422 1657 2515 1741 qui

475 1757 691 1837 iniquis
727 1754 992 1841 transigi
1024 1755 1357 1831 volebant,
1391 1753 1693 1831 Domitii,
1732 1752 2097 1839 Scipiones:
2137 1754 2378 1839 quibus
2409 1751 2514 1814 hac

475 1873 543 1909 rs.
571 1849 651 1909 nd
679 1849 1191 1914 intercessionem
1218 1848 1609 1914 evocandam
1635 1848 2192 1933 interpellantibus
2222 1845 2512 1913 venustis-

475 1941 631 2005 sime
655 1937 851 2006 Curio
877 1940 1204 2026 respondit
1230 1964 1300 2007 se
1327 1962 1403 2007 eo
1428 1941 1731 2008 libentius
1755 1963 1886 2007 non
1910 1942 2333 2017 intercedere,
2362 1936 2511 2023 quod

415 2061 435 2097 n
475 2037 804 2113 quasdam,
840 2034 951 2117 qui
986 2034 1416 2112 decernerent,
1453 2034 1697 2101 videret
1731 2034 1955 2100 confici
1989 2036 2184 2101 nolle.
2242 2033 2411 2119 quod
2441 2028 2508 2092 ad

475 2149 607 2189 [sm
655 2126 976 2209 publicam
1018 2128 1264 2203 attinet,
1315 2128 1385 2192 in
1428 2150 1624 2193 unam
1669 2150 1928 2195 causam
1960 2130 2175 2194 omnis
2213 2121 2507 2193 contentio

475 2221 760 2285 saniesta
794 2232 910 2298 est,
948 2222 1028 2289 de
1062 2224 1429 2309 provinciis,
1465 2224 1534 2287 in
1569 2245 1699 2308 qua
1734 2224 1945 2289 adhuc
1980 2235 2097 2289 est.
2159 2218 2503 2289 incubuisse

475 2337 617 2377 sinn
667 2325 892 2379 senatu
924 2314 1274 2403 Pompeius
1310 2317 1593 2395 videtur,
1638 2328 1710 2382 ut
1748 2316 1989 2384 Caesar
2032 2318 2139 2384 Id.
2178 2312 2502 2382 Novembr-

475 2409 761 2474 tl-ssedat:
819 2406 1017 2475 Curio
1063 2412 1280 2477 omnia
1320 2413 1535 2498 potius
1580 2414 1792 2478 subire
1838 2413 2171 2479 constituit
2216 2431 2403 2497 quam
2446 2402 2501 2467 id

475 2505 631 2585 patig
671 2514 910 2570 eeteras
947 2527 1096 2571 suas
1133 2508 1367 2573 abiecit
1400 2508 1701 2575 actiones.
1771 2509 1970 2573 nostri
2005 2529 2223 2593 porr0,
2259 2524 2413 2589 quos
2443 2510 2501 2563 tu

475 2601 631 2661 itt-nne
687 2599 878 2676 nosti,
934 2600 1016 2664 ad
1060 2601 1416 2667 extremum
1469 2614 1791 2668 certamen
1841 2625 1976 2667 rem
2030 2602 2349 2667 deducere
2391 2612 2500 2657 non

471 2697 766 2786 {indm-int.
855 2717 1086 2763 scaena
1136 2697 1230 2762 rei
1282 2698 1476 2762 totius
1521 2696 1706 2762 haec:
1760 2696 2140 2781 Pompeius,
2196 2705 2499 2773 tamquam
2611 2780 2612 2783 Ἴ

471 2787 817 2853 «Caesarem
860 2811 988 2854 non
1039 2790 1381 2877 inpugnat,
1438 2790 1580 2867 sed,
1635 2790 1808 2874 quod
1858 2790 1960 2857 illi¹
1995 2810 2277 2874 aequum
2318 2788 2493 2870 putet,

471 2885 830 2958 timistituat,
851 2881 940 2946 ait
960 2879 1313 2947 Curionem
1342 2905 1646 2967 quaerere
1676 2882 2052 2959 discordias3
2090 2881 2280 2947 valde
2309 2884 2495 2973 auten}

471 2997 594 3037 nnn
655 2975 782 3037 vult
834 2985 898 3039 et
947 2976 1137 3059 plane
1189 2977 1372 3043 timet
1424 2975 1769 3042 Caesarem
1822 2977 2149 3042 consulem
2204 2972 2493 3055 designan

467 3069 663 3153 prius,
695 3089 887 3153 quam
916 3070 1262 3136 exercitum
1293 3081 1357 3137 et
1382 3071 1775 3157 provinciam
1802 3071 2153 3136 tradiderit.
2211 3060 2493 3148 accipitur

471 3165 619 3225 satis
667 3162 829 3228 male
865 3186 905 3227 a
941 3161 1250 3242 Curione,
1297 3177 1363 3232 et
1403 3176 1573 3231 totus
1609 3165 1746 3230 eius
1793 3165 2112 3231 secundus
2152 3156 2488 3228 consulatus

471 3261 844 3341 exagitatur.
900 3257 1024 3324 hoo
1056 3260 1177 3325 tibi
1211 3259 1383 3325 dico:
1421 3260 1476 3324 si
1511 3258 1805 3324 omnibus
1839 3258 2032 3325 rebus
2074 3258 2362 3342 prement
2380 3241 2490 3307 Cu·

471 3353 731 3429 fiunem,
769 3348 1011 3418 Caesar
1037 3353 1338 3419 defendet
1370 3353 1879 3429 intercessorem3
1914 3352 1971 3417 si
1986 3385 2076 3398 —-
2098 3346 2272 3434 quod
2298 3338 2487 3406 viden·
2537 3382 2540 3387 ·

411 3469 431 3501 4
475 3465 571 3509 tur
591 3485 675 3493 —-
691 3444 1214 3524 reformidabant,
1234 3444 1497 3523 Caesar,
1516 3446 1732 3530 quoad
1758 3446 1947 3522 volet,
1974 3441 2275 3508 manebit.
2322 3447 2487 3518 quam

471 3541 739 3621 quisque
773 3540 1152 3605 sententiam
1179 3540 1429 3617 dixerit,
1464 3540 1532 3605 in
1560 3539 2010 3606 commentario
2036 3549 2135 3603 est
2159 3551 2362 3599 rerum
2398 3540 2485 3624 m:-

471 3633 806 3697 hamarum:
844 3653 924 3698 ex
943 3653 1070 3716 quo
1095 3644 1184 3709 tu,
1203 3654 1371 3717 quae
1398 3632 1595 3719 digna
1620 3644 1787 3711 sunt,
1817 3633 2057 3717 selige,
2072 3629 2271 3694 multa
2296 3632 2483 3686 trans,

471 3725 753 3809 inprimis
795 3725 1094 3791 ludorum
1138 3726 1549 3812 explosiones
1573 3737 1637 3791 et
1680 3726 1978 3791 funerum
2028 3736 2093 3789 et
2134 3714 2480 3802 ineptiarum

471 3837 818 3885 ceterarum
827 3843 846 3895 3
899 3821 1086 3905 plura
1137 3820 1330 3886 habet
1382 3820 1583 3884 utilia.
1683 3820 1959 3905 denique
1994 3817 2177 3882 ⁴malo
2227 3809 2291 3874 in
2340 3802 2477 3906 hanc

467 3929 711 3997 partem
747 3934 956 3980 errare
971 3961 989 3989 ,
1023 3925 1095 3979 ut
1129 3936 1294 3998 quae
1327 3936 1458 3979 non
1495 3913 1812 3980 desideres
1848 3912 2071 3978 audias
2106 3924 2294 3993 quam
2326 3908 2475 4000 qino-

471 4029 659 4085 quarn
675 4057 691 4081 ,
739 4007 908 4090 quod
943 4029 1104 4091 opus
1141 4006 1251 4085 sit,
1292 4009 1849 4093 praetermittatur.
1940 4005 2055 4071 tibi
2090 4017 2271 4069 curae
2303 3989 2471 4054 fulsssse

2603 4189 2610 4254 -ss„
2605 4091 2612 4157 ΑΛ...
2614 4014 2616 4017 Α
