2675 4559
791 260 1350 320 EPISTOLARUM
1381 263 1485 320 XI.
1523 266 1572 320 1.
1593 264 1643 322 2.
2115 257 2244 326 259

190 385 337 452 Sex'.
364 385 753 472 Pompeium
788 396 852 452 et
886 387 1167 452 Bassum
1196 382 1570 464 Caecilium,
1608 388 1720 473 qui
1755 389 1912 454 mihi
1946 390 2244 460 videntur

188 481 304 546 hoc
336 480 563 546 nuntio
600 481 681 546 de
719 478 999 546 Caesare
1034 480 1249 546 adlato
1281 481 1592 548 firmiores
1627 482 1855 562 futuri3
1893 487 2046 552 satis
2081 497 2242 553 tem-

184 597 333 661 pore
370 574 457 640 ad
490 597 603 641 eos
638 576 1038 653 accedemus,
1077 575 1193 641 ubi
1225 576 1384 661 quid
1420 578 1674 645 valeant
1711 579 2060 648 scierimus.
2122 603 2240 668 pro

184 665 413 734 Cassio
434 680 502 734 et
528 679 612 746 te,
638 670 697 735 si
723 669 881 755 quid
906 694 1010 737 me
1029 669 1241 736 velitis
1258 670 1565 756 recipere,
1593 672 1924 760 recipiam3
1959 675 2242 761 postulat

100 783 113 792 ·
180 763 351 828 enim
395 762 521 829 hoc
568 764 821 830 Hirtius
866 776 939 830 ut
988 764 1245 830 faciam.
1332 787 1492 852 rogo
1545 787 1660 832 vos
1714 788 1909 851 quam
1961 769 2240 855 primum
2274 791 2299 832 5

180 857 335 922 mihi
384 856 747 924 rescribatis
780 895 869 906 -
900 882 1054 924 nam
1104 881 1235 924 non
1288 859 1514 926 dubito
1563 859 1721 946 quin
1765 861 1847 928 de
1899 862 1996 930 his
2043 865 2237 930 rebus

178 963 325 1018 ante
352 951 581 1018 horam
606 966 900 1039 quartam
918 954 1169 1019 Hirtius
1197 955 1533 1021 certiorem
1559 978 1663 1022 me
1699 957 1782 1022 sit
1814 956 2102 1023 facturus
2120 995 2206 1006 --
2216 983 2235 1036 3

176 1067 369 1130 quem
394 1047 461 1112 in
490 1047 707 1114 locum
734 1048 1073 1114 convenire
1098 1049 1438 1134 possimus,
1476 1070 1603 1133 quo
1631 1073 1734 1118 me
1762 1050 1972 1118 velitis
1997 1052 2237 1130 venire,

174 1140 525 1206 rescribite.
618 1153 764 1227 post
808 1141 1227 1207 novissimum
1270 1143 1470 1210 Hirtii
1521 1166 1882 1213 sermonem
1930 1145 2237 1231 placitum
2271 1167 2296 1208 s

172 1245 271 1299 est
314 1234 478 1300 mihi
518 1235 843 1321 postulare
886 1246 960 1300 ut
1002 1234 1223 1302 liceret
1264 1237 1450 1303 nobis
1495 1236 1743 1305 Romae
1787 1261 1927 1305 esse
1977 1239 2236 1326 publico

172 1327 520 1413 praesidio:
557 1330 732 1413 quod
755 1330 897 1395 illos
915 1330 1100 1395 nobis
1119 1352 1533 1398 concessuros
1561 1353 1690 1397 non
1715 1343 1904 1419 put03
1933 1355 2235 1420 magnam

170 1423 347 1488 enim
378 1423 690 1489 invidiam
730 1424 809 1489 iis
853 1422 1184 1490 faciemus.
1272 1424 1432 1490 nihil
1479 1437 1695 1492 tamen
1728 1448 1860 1493 non
1904 1429 2234 1513 postulan-

168 1516 329 1582 dum
363 1517 616 1603 putavi,
652 1517 825 1604 quod
860 1540 1139 1604 aequum
1176 1541 1315 1585 esse
1352 1531 1717 1585 statuerem.

1166 1751 1245 1807 ΙΙ.

648 1853 765 1912 Scr.
784 1855 1027 1912 Lanuvii
1043 1872 1235 1911 mense
1250 1855 1403 1910 Maio
1426 1872 1476 1910 a.
1494 1873 1551 1910 u.
1570 1871 1618 1910 c.
1641 1856 1758 1911 710.

200 1956 519 2016 BRUTUS
552 1957 658 2014 ET
693 1955 1007 2015 CASSIUS
1042 1956 1498 2014 PRAETORES
1536 1957 1611 2011 Μ.
1650 1957 2000 2015 ANTONIO
2037 1959 2196 2016 OOS.

296 2081 409 2148 De
463 2092 577 2148 tua
625 2079 753 2148 fide
804 2091 870 2148 et
920 2078 1370 2148 benevolentia
1410 2081 1480 2146 in
1521 2103 1638 2148 nos
1682 2080 1808 2148 nisi
1855 2103 2231 2168 persuasum
2268 2105 2290 2143 1

162 2188 334 2242 esset
361 2175 573 2253 nobis,
590 2199 715 2240 non
740 2175 1333 2262 conscripsissemus
1361 2175 1528 2240 haec
1547 2175 1694 2253 tibi3
1727 2198 1894 2262 quae
1921 2176 2230 2263 profecto,

164 2270 475 2353 quoniam
507 2269 707 2336 istum
738 2269 1025 2336 animum
1060 2269 1259 2336 habes
1272 2316 1291 2346 ‚
1336 2269 1406 2334 in
1440 2269 1746 2356 optimam
1780 2281 2030 2356 partem
2065 2272 2232 2338 acci-

160 2365 330 2450 piesz
379 2363 681 2434 scribitur
714 2364 901 2431 nobis
912 2385 1239 2474 ‘magnam
1273 2375 1722 2431 veteranorum
1755 2365 2228 2434 multitudinem

160 2459 445 2526 Romam
490 2459 867 2526 convenisse
907 2459 1039 2524 iam
1082 2470 1147 2524 et
1188 2459 1274 2524 ad
1306 2457 1641 2526 Kalendas
1675 2459 1898 2524 Iunias
1941 2459 2228 2527 futuram

160 2554 369 2619 multo
404 2551 741 2623 maiorem·
779 2553 860 2620 de
894 2564 959 2622 te
992 2553 1049 2618 si
1084 2553 1450 2620 dubitemus
1485 2564 1598 2619 aut
1632 2575 1994 2630 vereamur,
2029 2554 2229 2622 simus

156 2645 367 2714 nostri
422 2645 793 2725 dissimilem
847 2646 965 2714 sed
1012 2657 1215 2723 certe,
1268 2669 1418 2712 cum
1469 2645 1594 2732 ipsi
1645 2646 1716 2712 in
1757 2657 1870 2711 tua
1915 2658 2228 2732 potestate

158 2741 479 2806 fuerimus
516 2751 755 2826 tuoque
792 2739 1053 2807 adducti
1088 2740 1352 2806 consilio
1379 2739 1806 2806 dimiserimus
1841 2762 1923 2806 ex
1956 2740 2229 2806 munici-

157 2835 282 2921 piis
318 2843 575 2902 nostros
610 2834 1033 2912 necessarios,
1086 2857 1296 2920 neque
1347 2835 1555 2902 solum
1595 2833 1834 2911 edict0,
1877 2833 1993 2903 sed
2035 2833 2228 2902 etiam

161 2929 393 2996 litteris
440 2928 509 2994 id
546 2928 915 3006 fecerimus,
962 2929 1144 3018 digni
1176 2951 1428 3005 sumus,
1473 2950 1636 3014 quos
1672 2927 1912 2994 habeas
1947 2928 2042 2994 tui
2077 2949 2230 2996 con-

158 3023 289 3090 silii
320 3022 692 3110 participes,
727 3023 797 3088 in
820 3045 900 3090 ea
932 3023 1308 3110 praesertim
1342 3045 1432 3100 re,
1467 3045 1636 3108 quae
1661 3023 1747 3088 ad
1781 3045 1899 3089 nos
1933 3023 2226 3108 pertinet.

160 3139 295 3202 qua
326 3139 399 3186 re
435 3119 715 3205 petimus
750 3141 791 3183 a
823 3129 919 3196 te,
962 3117 1165 3188 facias
1199 3141 1317 3184 nos
1362 3119 1662 3186 certiores
1697 3129 1849 3184 tuae
1883 3119 2228 3184 voluntatis
2263 3135 2288 3174 ἰ’

164 3214 235 3278 in
264 3235 419 3291 nos3
456 3224 727 3300 putesne
752 3235 871 3280 nos
906 3223 1081 3280 tutos
1102 3211 1289 3280 fore·
1268 3235 1338 3278 m
1365 3222 1544 3280 tanta
1569 3211 1930 3295 frequentia
1953 3211 2226 3278 militum

162 3321 643 3387 veteranorum,
685 3329 847 3393 quos
882 3307 1077 3376 etiam
1110 3307 1193 3374 de
1234 3306 1606 3393 reponenda
1649 3327 1762 3370 ara
1796 3305 2076 3392 cogitare
2113 3327 2228 3370 au·-

160 3403 407 3481 dimum
446 3403 623 3488 quod
650 3401 815 3472 velle
840 3414 905 3470 et
932 3402 1205 3488 probare
1231 3401 1342 3467 vix
1367 3401 1711 3486 quisquam
1738 3419 1926 3510 posse
1953 3398 2225 3475 videtur,

162 3501 273 3586 qui
306 3523 431 3566 nos
466 3501 707 3568 salvos
715 3509 781 3568 et
812 3499 1113 3566 honestos
1157 3497 1331 3566 velit.
1419 3517 1536 3562 nos
1572 3495 1656 3561 ab
1689 3494 1869 3562 initio
1905 3505 2226 3580 spectasse

164 3594 367 3662 otium
410 3615 535 3662 nec
576 3593 921 3680 quicquam
965 3592 1141 3658 aliud
1182 3591 1478 3659 libertate
1522 3588 1848 3656 communi
1899 3587 2226 3672 quaesisse

163 3690 373 3754 exitus
424 3687 731 3756 declarat.
816 3687 1041 3756 fallere
1082 3707 1274 3752 nemo
1316 3706 1438 3750 nos
1481 3695 1692 3772 potest
1733 3683 1856 3750 nisi
1901 3692 2002 3760 tu,
2053 3681 2228 3767 quod

162 3794 333 3850 certe
366 3781 557 3850 abest
601 3781 685 3848 ab
722 3791 834 3849 tua
868 3781 1105 3850 virtute
1140 3793 1205 3847 et
1245 3779 1405 3857 fide;
1451 3778 1568 3848 sed
1601 3777 1766 3844 alius
1799 3799 1989 3842 nemo
2023 3776 2228 3842 facul-

162 3887 361 3944 tatem
395 3877 597 3944 habet
632 3876 993 3962 decipiendi
1024 3898 1171 3954 nos3
1217 3875 1335 3940 tibi
1377 3874 1552 3944 enim
1585 3872 1698 3940 uni
1745 3870 2130 3938 credidimus
2165 3880 2231 3938 et

164 3972 468 4040 credituri
519 3993 763 4038 sumus.
817 4019 825 4024 -
862 3971 1143 4038 maximo
1194 3971 1422 4037 timore
1475 3967 1555 4035 de
1607 3966 1790 4034 nobis
1847 3964 2230 4035 adficiuntur
2263 3982 2288 4024 ι

163 4068 354 4136 amici
396 4067 634 4146 nostri3
688 4067 923 4153 quibus
958 4067 1079 4134 etsi
1122 4077 1235 4134 tua
1277 4065 1438 4132 fides
1473 4064 1962 4216 exploratsiqest,
2015 4072 2230 4128 tamen

1863 4165 1889 4192 ι
