2675 4559
448 169 579 238 214
1064 183 1141 237 Μ.
1180 181 1458 239 TULLII
1490 180 1892 239 CICERONIS
1955 236 1959 238 ,

448 307 691 374 scilicet
734 306 1015 372 ornatius
1027 331 1045 383 ;
1102 305 1403 392 epistolas
1456 327 1609 370 vero
1654 305 1985 371 cotidianis
2029 305 2237 372 verbis
2271 315 2449 373 texere

388 427 414 465 2
448 401 744 470 solemus.
809 400 925 467 sed
957 411 1195 477 tamen,
1229 400 1321 464 mi
1353 398 1577 477 Paete,
1613 399 1726 483 qui
1759 398 1878 464 tibi
1913 399 2087 465 venit
2117 399 2183 465 in
2216 412 2452 466 mentem

447 517 685 580 negare
743 494 1079 581 Papirium
1149 513 1543 578 quemquam
1609 513 1919 577 umquam
1988 493 2109 560 nisi
2173 495 2452 581 plebeium

447 589 684 655 fuisse?
735 588 998 654 fuerunt
1034 589 1202 655 enim
1237 587 1491 674 patricii
1522 587 1842 653 minorum
1873 587 2191 674 gentium,
2224 609 2455 672 quorum

447 683 747 769 princeps
764 679 847 747 L.
866 682 1169 768 Papirius
1184 681 1612 768 Mugillanus,
1648 682 1761 767 qui
1787 703 2014 748 censor
2047 704 2192 748 cum
2206 682 2284 746 L.
2303 677 2456 748 Sem·

452 776 672 860 pronio
699 777 1000 842 Atratino
1030 776 1175 854 fuit,
1194 781 1361 842 'cum
1387 787 1536 842 ante
1564 776 1788 842 consul
1817 797 1965 842 cum
1993 776 2215 854 eodem
2249 775 2457 850 fuisset,

448 872 629 936 annis
664 881 809 956 post
848 871 1124 938 Romam
1158 870 1478 938 conditam
1516 893 1747 947 cccm3
1792 868 1908 937 sed
1953 882 2094 937 tum
2124 869 2458 956 Papisii&-

452 966 785 1032 rsbamini.
873 977 1021 1052 post
1072 967 1245 1033 hunc
1286 990 1416 1031 xm.
1463 966 1725 1032 fuerunt
1767 966 1926 1032 sella
1969 966 2175 1032 curuli
2223 976 2355 1032 ante
2390 961 2455 1029 L.

452 1060 781 1144 Papirium
817 1058 1157 1136 Crassum,
1201 1062 1315 1145 qui
1339 1061 1636 1147 -primum
1667 1061 1973 1147 Papisius
2009 1072 2108 1127 est
2140 1059 2342 1126 vocari
2371 1058 2457 1123 de·

452 1156 635 1220 situs:
671 1154 727 1220 is
763 1155 1033 1221 dictator
1066 1177 1215 1221 cum
1241 1155 1323 1219 L.
1345 1155 1610 1241 Papirio
1642 1152 1944 1233 Cursore,
1981 1155 2282 1242 magistro
2312 1151 2457 1236 equi-

452 1269 584 1312 tum
600 1296 615 1324 ,
668 1248 875 1315 factus
922 1260 1018 1315 est
1061 1250 1243 1315 annis
1286 1260 1434 1335 post
1467 1250 1746 1317 Romam
1789 1251 2116 1317 conditam
2139 1271 2382 1316 *ccccm
2411 1255 2458 1311 et

452 1342 866 1424 quadriennio
919 1354 1064 1428 post
1108 1345 1331 1409 consul
1376 1366 1524 1410 cum
1568 1345 1658 1409 K.
1694 1344 1975 1413 Duilio..
2031 1344 2204 1413 hunc
2240 1351 2456 1411 secutus

452 1456 540 1500 555
584 1432 853 1514 Cursor,
888 1436 1081 1504 homo
1117 1438 1306 1504 valde
1339 1438 1717 1517 honoratus3
1752 1439 1987 1506 deinde
2022 1439 2107 1507 L.
2140 1439 2345 1514 Maso,
2375 1456 2459 1499 ae·

452 1530 699 1597 dilisius
712 1555 732 1608 3
765 1531 918 1598 inde
951 1532 1137 1607 multi
1151 1532 1492 1599 Musones:
1530 1555 1804 1618 quorum
1833 1533 2098 1618 quidem
2123 1545 2194 1600 tu
2216 1528 2458 1597 omnium

388 1648 412 1684 5
448 1626 858 1708 patriciorum
899 1627 1213 1714 imagines
1257 1628 1498 1694 habeas
1544 1630 1711 1696 volo.
1800 1628 2037 1695 deinde
2073 1626 2379 1695 Carbones
2409 1634 2457 1687 et

452 1719 653 1784 Turdi
695 1720 1148 1805 insequuntur:
1203 1722 1271 1787 hi
1315 1722 1552 1808 plebeii
1584 1722 1874 1798 fuerunt,
1922 1745 2088 1807 quos
2133 1731 2456 1787 contemnas

452 1835 708 1881 censeo:
762 1838 917 1882 nam
956 1829 1210 1902 praeter
1251 1816 1426 1883 hunc
1462 1813 1540 1882 C.
1580 1813 1981 1894 Carbonem,
2033 1838 2223 1901 quem
2254 1812 2458 1878 Dama-

452 1908 669 1992 sippus
717 1909 980 1986 occidit,
1034 1910 1190 1977 civis
1225 1933 1262 1976 e
1307 1933 1379 1976 re
1420 1910 1682 1998 publica
1717 1907 2096 1981 Carbonum
2137 1929 2314 1975 nemo
2345 1904 2457 1970 fuit.

452 2024 500 2064 55
488 2004 867 2088 5-58ῃονὶωυε
887 2001 1012 2069 Cn.
1034 2002 1404 2071 Carbonem
1439 2017 1505 2071 et
1533 2006 1670 2071 eius
1704 2005 1971 2073 fratrem
1999 2027 2300 2074 scurram:
2333 1997 2458 2086 quid

452 2100 544 2160 1115
592 2097 961 2182 inprobius?
1014 2097 1095 2164 de
1139 2099 1265 2164 hoc
1316 2099 1524 2165 amico
1566 2122 1743 2178 me0,
1793 2101 2084 2170 Rubriae
2135 2100 2288 2176 filio,
2334 2091 2458 2160 1111111

452 2192 612 2252 dico.
668 2202 795 2256 tres
830 2191 924 2256 illi
958 2191 1188 2259 fratres
1222 2193 1505 2270 fuerunt,
1543 2192 1622 2260 C.
1646 2192 1769 2261 Cn.
1796 2194 1896 2260 M.
1927 2192 2283 2262 Carbones:
2313 2191 2458 2254 Mar-

451 2308 560 2348 5115
596 2284 676 2349 P.
713 2285 951 2351 Flacco
987 2298 1338 2354 accusante
1383 2288 1844 2356 condemnatus
1890 2302 2010 2365 est,
2064 2290 2170 2356 fur
2209 2304 2457 2372 magnus,

451 2404 528 2442 555
568 2376 813 2456 Sicilia3
862 2377 1069 2447 Gaius
1105 2393 1445 2449 accusante
1480 2382 1565 2447 L.
1603 2381 1841 2450 Crasso
1885 2383 2282 2452 cantharidas
2321 2398 2459 2445 sum·

449 2472 649 2556 [1551556
686 2472 944 2539 dicitur·
981 2474 1037 2540 is
1074 2486 1138 2541 et
1172 2476 1466 2542 tribunus
1501 2479 1589 2562 pl.
1627 2477 1964 2545 seditiosus
2003 2489 2068 2546 et
2091 2478 2170 2544 P.
2191 2468 2458 2541 Africano

448 2568 576 2628 151151
612 2567 899 2634 attulisse
944 2570 1342 2637 existimatus
1389 2581 1504 2636 est.
1594 2571 1717 2638 hoc
1751 2594 1937 2651 vero,
1982 2573 2095 2659 qui
2130 2563 2401 2656 Lilybaei
2428 2585 2459 2624 a

450 2660 758 2746 Pompeio
809 2673 1027 2728 nostro
1090 2677 1188 2731 est
1249 2665 1654 2744 interfectus,
1716 2666 2048 2753 inprobior
2105 2686 2286 2733 nemo
2339 2676 2455 2724 meo

451 2756 680 2822 inclinio
734 2756 877 2822 fuit.
966 2758 1096 2824 iam
1146 2771 1331 2845 pater
1393 2761 1530 2826 eius
1585 2772 1921 2827 accusatus
1975 2785 2018 2828 a
2069 2761 2166 2826 M.
2211 2751 2457 2824 Antonio

448 2853 686 2916 sutorio
732 2863 1085 2919 atramento
1131 2855 1463 2921 absolutus
1509 2867 1788 2943 putatur.
1877 2879 2010 2942 qua
2053 2881 2123 2923 re
2158 2855 2237 2921 ad
2279 2862 2456 2940 patres

448 2967 673 3010 55511550
709 2958 1028 3014 revertare
1038 2973 1057 3025 3
1094 2949 1329 3034 plebeii
1365 2972 1560 3035 quam
1596 2950 1832 3017 fuerint
1865 2950 2217 3037 inportuni,
2252 2946 2424 3014 vides·

1375 3185 1569 3240 XXII.

1199 3287 1318 3344 Sor.
1339 3289 1735 3357 annojncerto.

1180 3390 1458 3457 CICERO
1491 3390 1768 3446 PAETO.

388 3536 400 3568 1
572 3512 785 3577 Amo
810 3512 1262 3578 verecundiam
1317 3515 1420 3579 vel
1482 3513 1693 3599 potius
1754 3513 2114 3580 libertatem
2162 3501 2453 3608 loquendi3

444 3604 621 3684 atqui
663 3605 787 3670 hoc
823 3605 1071 3672 Zenoni
1113 3608 1385 3693 placuit,
1430 3607 1675 3674 homini
1707 3609 2071 3676 mehercule
2114 3617 2317 3679 acuto,
2356 3593 2451 3664 8181

444 3696 833 3764 academiae
868 3711 1123 3768 nostrae
1160 3725 1311 3769 cum
1338 3725 1416 3768 eo
1441 3724 1682 3790 magna
1714 3704 1856 3770 rixa
1881 3715 1998 3770 est.
2051 3702 2182 3777 sed,
2216 3710 2284 3764 ut
2314 3693 2454 3765 dico,

444 3796 649 3876 placet
687 3794 951 3875 Stoicis,
998 3819 1115 3863 suo
1152 3820 1477 3883 quamque
1511 3821 1650 3864 rem
1677 3800 1939 3867 nomine
1975 3797 2300 3887 appellare
2375 3784 2450 3850 810

444 3888 608 3952 enim
646 3889 992 3958 disserunt·
1045 3893 1205 3959 nihil
1250 3917 1391 3961 esse
1436 3894 1817 3973 obscenum,
1867 3893 2027 3961 nihil
2059 3905 2237 3977 turpe
2275 3883 2444 3952 diota?

440 4004 619 4056 1151111,
672 3984 727 4048 si
774 3987 948 4069 quod
993 3988 1074 4054 sit
1116 3989 1187 4055 in
1230 3989 1623 4057 obscenitate
1666 3943 2014 4076 flagitium,
2062 3988 2128 4055 id
2161 3993 2264 4052 aut
2303 3979 2362 4043 in
2388 3990 2443 4036 1⁸0
