2675 4559
441 198 570 266 292
975 202 980 204 ’
1057 200 1136 254 Μ.
1171 195 1446 254 TULLII
1479 187 1881 250 CICERONIS

441 333 618 424 quod
651 325 944 396 maximis
977 323 1074 390 rei
1115 319 1413 408 publicae
1446 313 1729 384 tenebris
1766 309 2131 398 comperisti
2150 343 2281 385 -—,
2322 329 2473 371 nune

443 443 508 496 te
542 424 922 494 habebimus
958 429 1186 486 testem
1208 415 1411 480 nostri
1438 423 1503 478 et
1534 411 1603 476 in
1628 420 1695 476 te
1722 419 1785 474 et
1819 407 1889 474 in
1914 402 2476 474 coniunctissimam

443 523 563 591 'tibi
595 541 735 586 rem
767 514 1094 604 publicam
1129 509 1385 585 amoris,
1424 517 1507 583 et,
1541 525 1709 590 quae
1744 521 1937 586 saepe
1970 497 2297 585 pollicitus
2330 517 2392 560 es
2421 505 2479 558 te

445 629 512 685 et
543 615 916 687 taciturum,
963 607 1118 672 dum
1163 602 1577 678 serviremus,
1614 608 1680 665 et
1722 597 2041 661 dicturum
2086 593 2173 658 de
2206 611 2311 656 me
2342 599 2483 664 tum,

447 733 596 778 cum
645 706 806 773 mihi
851 701 1190 790 profutura
1234 707 1477 772 essent,
1526 713 1701 758 nunc
1750 689 1862 755 illa
1903 709 2035 753 non
2076 707 2207 772 ego
2246 683 2485 768 quidem

449 805 576 872 dici
609 812 790 868 tanto
825 819 1020 884 opere
1049 791 1433 861 desiderabo
1468 809 1667 874 qnam
1708 782 1928 850 sentiri
1962 803 2003 848 a
2034 791 2101 846 te
2146 780 2311 865 ipso.
2390 798 2487 840 ne·
2602 861 2604 882 λ

713 895 730 912 0
1007 890 1023 906 Ο

449 921 577 986 que
630 919 802 964 emm
853 912 1142 958 omnium
1181 885 1422 952 iudicio
1464 882 1685 949 malim
1736 901 1839 945 me
1884 901 1926 942 a
1960 887 2030 942 te
2068 869 2487 942 commendari
2603 917 2604 926 ,

449 1016 646 1080 qnam
669 993 810 1078 ipse
837 999 950 1053 tuo
975 983 1213 1052 iudicio
1241 981 1435 1066 digne
1460 999 1540 1044 ac
1566 997 1813 1042 mereor
1838 969 2327 1039 commendatus
2352 987 2489 1039 esse,
2603 979 2604 1024 ἴ

449 1101 524 1154 ut
565 1087 726 1152 haec
768 1079 1114 1149 novissima
1155 1087 1377 1142 nostra
1418 1073 1591 1138 facta
1633 1091 1763 1135 non
1798 1067 2012 1136 subita
2052 1087 2181 1132 nec
2214 1069 2491 1129 inconve-

452 1181 723 1258 nientia,
767 1177 883 1243 sed
917 1173 1146 1240 similia
1188 1170 1314 1235 illis
1352 1164 1875 1254 cogitationibus,
1916 1182 2199 1245 quarum
2232 1169 2307 1224 tu
2336 1153 2491 1221 testis

455 1301 524 1344 es
538 1323 556 1354 ‚
595 1275 808 1340 'fuisse
853 1269 1097 1336 iudices
1143 1285 1376 1348 meque
1412 1263 1497 1327 ad
1538 1259 1846 1346 optimam
1880 1279 2060 1344 spem
2104 1254 2353 1342 patriae
2382 1271 2491 1315 non

455 1368 792 1436 minimum
845 1363 965 1429 tibi
1015 1361 1140 1446 ipsi
1189 1355 1676 1444 producendum
1723 1363 1933 1438 putes.
2022 1360 2179 1416 sunt
2222 1347 2365 1424 tibi,
2410 1343 2495 1408 M.

457 1461 660 1538 Tulli,
695 1457 882 1524 liberi
915 1453 1387 1542 propinquique
1422 1447 1604 1535 digni
1638 1446 1899 1532 quidem
1933 1455 1999 1510 te
2035 1455 2103 1510 et
2138 1441 2363 1508 merito
2396 1435 2492 1502 tibi

457 1553 796 1630 carissimi3
855 1571 998 1616 esse
1042 1549 1237 1614 etiam
1281 1546 1521 1612 debent
1562 1543 1631 1606 in
1662 1563 1733 1606 re
1780 1539 2039 1625 publica
2072 1535 2365 1624 proxime
2396 1532 2493 1595 hos

459 1650 621 1726 cari,
673 1645 787 1732 qui
831 1643 1188 1710 studiorum
1233 1651 1493 1706 tuorum
1546 1646 1695 1702 sunt
1739 1633 2007 1709 aemuli,
2059 1653 2337 1716 quorum
2380 1647 2495 1692 esse

461 1745 650 1830 cupio
677 1741 796 1807 tibi
823 1739 1102 1826 copiam:
1141 1734 1257 1802 sed
1283 1746 1499 1799 tamen
1524 1752 1655 1796 non
1676 1726 1969 1794 maxima
1992 1749 2102 1793 me
2140 1725 2331 1802 turba
2360 1731 2495 1808 puto

463 1835 744 1914 excludi,
786 1856 918 1920 quo
953 1832 1164 1899 minus
1207 1829 1328 1895 tibi
1368 1836 1552 1893 vacet
1586 1847 1692 1890 me
1726 1822 2023 1908 excipere
2058 1833 2128 1888 et
2172 1819 2259 1885 ad
2290 1815 2491 1889 omnia,

463 1951 628 2016 quae
663 1929 822 1996 velis
856 1939 924 1994 et
965 1925 1228 2012 probes,
1281 1922 1654 2008 producere.
1742 1915 2029 1982 animum
2070 1915 2198 1980 tibi
2240 1922 2494 1979 nostrum
2603 1975 2604 1990 ¹

463 2027 735 2092 fortasse
760 2021 1174 2108 probavimus
1182 2043 1202 2096 3
1231 2014 1563 2102 ingenium
1588 2011 1836 2078 diutina
1860 2011 2141 2078 servitus
2160 2020 2346 2085 certe,
2361 2025 2495 2088 qua·
2603 2037 2604 2042 κ

463 2120 802 2201 lecumque
837 2126 962 2192 est,
995 2113 1210 2177 minus
1241 2122 1489 2187 tamen,
1524 2129 1720 2192 quam
1754 2116 1909 2182 erat,
1942 2127 2141 2190 passa
2177 2114 2275 2170 est
2296 2095 2493 2166 videri.
2603 2159 2604 2164 ,

464 2217 582 2277 nos
620 2233 700 2276 ex
735 2231 850 2274 ora
881 2207 1202 2272 maritima
1233 2205 1436 2269 Asiae
1478 2198 1849 2287 provinciae
1875 2209 1949 2265 et
1982 2221 2064 2264 ex
2096 2194 2327 2264 insulis
2358 2211 2490 2278 quas

463 2302 788 2392 potuimus
831 2299 1016 2365 navis
1062 2299 1481 2372 deduximus3
1536 2295 1841 2360 dilectum
1883 2293 2237 2378 remigum,
2288 2305 2493 2372 magna

466 2393 872 2464 contumacia
913 2391 1271 2458 civitatium
1284 2439 1301 2466 ‚
1354 2401 1571 2454 tamen
1618 2388 1775 2452 satis
1820 2387 2107 2453 celeriter
2152 2383 2497 2451 habuimu53

466 2488 670 2558 secuti
695 2509 916 2554 sumus
941 2487 1212 2552 classem
1237 2483 1643 2559 Dolabellae,
1674 2483 1779 2548 cui
1805 2481 1888 2546 L.
1908 2480 2188 2567 Figulus
2216 2483 2497 2566 praeerat,

467 2586 580 2672 qui
629 2605 812 2670 spem
863 2602 1054 2668 saepe
1105 2577 1497 2645 transitionis
1546 2575 1919 2673 praebendo
1962 2595 2177 2658 neque
2222 2587 2495 2654 umquam

467 2701 598 2746 non
635 2676 1002 2744 decedendo
1043 2674 1390 2740 novissime
1428 2669 1756 2757 Corycum
1802 2693 1869 2734 se
1906 2668 2177 2734 contulit
2212 2679 2277 2733 et
2310 2666 2497 2730 clauso

467 2785 659 2860 portu
695 2795 764 2838 se
798 2783 1014 2837 tenere
1049 2769 1286 2854 coepit:
1333 2790 1453 2833 nos
1488 2767 1597 2832 illa
1630 2765 1870 2842 relicta,
1908 2764 2082 2849 quod
2118 2756 2287 2830 etin
2320 2767 2497 2826 castra

469 2866 802 2952 pervenire
855 2865 1053 2929 satius
1106 2886 1247 2928 esse
1307 2861 1697 2948 putabamus
1750 2870 1817 2924 et
1866 2858 2260 2942 sequebatur
2308 2849 2497 2920 classis

473 2961 700 3036 altera,
763 2978 958 3042 quam
1010 2979 1177 3022 anno
1238 2957 1449 3042 priore
1500 2954 1567 3019 in
1618 2953 1926 3038 Bithynia
1978 2952 2211 3018 Tillius
2266 2946 2498 3016 Cimber

471 3061 900 3136 compararat,
964 3053 1060 3115 cui
1109 3049 1444 3115 Turullius
1500 3053 1799 3132 quaestor
1858 3057 2181 3132 praeerat,
2237 3039 2494 3129 Cyprum

471 3146 843 3234 petivimus:
896 3144 990 3210 ibi
1042 3167 1207 3230 quae
1253 3143 1670 3230 cognovimus
1722 3141 1999 3208 scribere
2044 3141 2129 3206 ad
2176 3163 2289 3206 vos
2331 3153 2494 3220 quam

473 3241 797 3307 celerrime
843 3239 1182 3305 voluimus.
1269 3237 1679 3304 Dolabellam
1729 3247 1803 3300 ut
1844 3235 2217 3312 Tarsenses,
2268 3228 2493 3319 pessim1
2603 3267 2604 3270 =

473 3335 658 3412 socii,
703 3333 794 3400 ita
827 3333 1183 3399 Laudiceni
1220 3334 1422 3398 multo
1458 3331 1837 3396 amentiores
1872 3331 2041 3396 ultro
2077 3327 2493 3396 arcessierunt3
2603 3313 2604 3348 l

473 3451 556 3494 ex
585 3429 818 3512 quibus
845 3427 1132 3510 utrisque
1151 3427 1513 3492 civitatibus
1534 3424 1935 3492 Graecorum
1961 3423 2237 3489 >militum
2261 3431 2495 3486 numero
2603 3455 2604 3458 ,

473 3520 754 3606 speciem
805 3521 1123 3586 exereitus
1177 3519 1410 3586 effecit.
1516 3531 1725 3584 castra
1774 3518 1971 3584 habet
2022 3529 2169 3583 ante
2222 3509 2491 3602 oppidum

473 3616 866 3682 Laodiceam
899 3616 1108 3701 posita
1141 3626 1206 3680 et
1239 3627 1487 3702 partem
1520 3615 1689 3680 muri
1722 3613 2062 3679 demolitus
2093 3624 2187 3680 est
2222 3623 2285 3678 et
2317 3611 2490 3673 castra

475 3708 712 3796 oppido
749 3709 1095 3774 coniunxit.
1169 3707 1435 3776 Cassius
1471 3720 1688 3775 noster
1722 3729 1871 3774 cum
1906 3708 2127 3774 decem
2168 3694 2491 3792 legionibus

475 3812 542 3866 et
575 3801 942 3868 cohortibus
975 3825 1076 3866 xx.
1113 3803 1461 3868 auxiliariis
1510 3814 1575 3869 et
1617 3813 1919 3888 quattuor
1960 3801 2206 3867 milium
2240 3793 2487 3881 equitatu

476 3916 516 3956 a
547 3893 806 4000 milibus
841 3917 1150 3980 passuum
1193 3896 1421 3985 viginti
1466 3907 1673 3962 castra
1714 3895 1909 3962 habet
1950 3895 2159 3982 posita
2190 3891 2407 3970 Πάλτῳ
2438 3887 2488 3944 et·

393 4077 396 4082 .
477 3995 794 4054 emsumat
838 4010 906 4055 se
951 3991 1086 4056 sine
1129 3992 1371 4075 proelio
1414 4011 1605 4077 posse
1650 3990 1933 4070 vincere;
1979 4013 2131 4057 nam
2172 3990 2294 4056 iam
2324 3972 2483 4048 ternis
