2675 4559
793 164 1352 257 EPISTOLARUM
1383 202 1484 258 lv.
1524 202 1575 256 3.
1595 202 1647 256 4.
2170 188 2253 253 73

157 326 415 394 aetatis
467 323 760 391 studium
819 333 1004 387 tuum
1044 290 1315 387 dedisti.
1371 334 1619 389 tantum
1672 324 1911 402 dicam,
1963 325 2137 408 quod
2188 336 2251 391 te
2286 345 2317 384 ι

159 442 366 509 spero
411 418 950 505 adprobatum,
993 428 1100 481 me
1141 427 1369 503 postea
1405 439 1601 502 quam
1635 418 1727 484 illi
1772 419 1922 497 arti,
1970 420 2076 484 oui
2119 429 2256 485 stu·-

160 517 452 581 dueram
462 561 483 593 ,
533 512 694 579 nihil
730 534 872 579 esse
905 512 1030 577 loei
1063 532 1274 595 neque
1319 512 1389 576 in
1424 514 1602 579 ouria
1634 497 1845 599 neque
1880 513 1949 579 in
1982 514 2125 581 foro
2156 515 2255 580 vi-

160 612 416 688 derim,
472 630 733 673 omnem
776 628 990 673 meam
1033 626 1253 671 euram
1296 618 1489 691 atque
1535 630 1797 694 operam
1840 609 1947 673 ad
1974 609 2258 695 philoso-

159 704 400 790 phiam
441 700 814 768 contulisse.
893 709 1051 765 tuae
1095 701 1399 767 scientiae
1444 702 1780 767 excellenti
1823 724 1900 768 ae
1942 702 2259 789 singulari

162 820 301 863 non
347 798 568 863 multo
612 796 759 881 plus
804 816 1000 879 quam
1041 804 1298 860 nostrae
1344 796 1636 861 relietum
1672 804 1769 861 est
1806 796 1958 862 loci:
2012 818 2143 881 qua
2184 820 2254 865 re

165 916 303 959 non
341 892 658 977 equidem
691 900 756 957 te
789 910 1042 967 moneO,
1079 889 1193 956 sed
1226 890 1387 955 mihi
1420 890 1513 955 ita
1546 889 1865 976 persuasi,
1898 902 1962 956 te
1997 913 2255 976 quoque

165 988 238 1053 in
269 988 498 1053 isdem
546 983 788 1051 versari
819 983 1042 1061 rebus,
1089 1005 1284 1068 quae,
1331 984 1581 1050 etiamsi
1614 984 1825 1049 minus
1859 986 2254 1071 prodessent,

171 1082 474 1147 animum
512 1090 736 1145 tamen
769 1101 810 1144 a
844 1078 1268 1144 sollieitudine
1313 1074 1725 1145 abducerent.
1814 1078 2079 1147 Servius
2116 1078 2257 1163 qui-

171 1176 325 1241 dem
370 1186 536 1240 tuus
579 1173 650 1237 in
693 1172 988 1240 omnibus
1039 1172 1336 1259 ingenuis
1384 1173 1629 1239 artibus
1672 1173 1739 1239 in
1793 1173 2145 1260 primisque
2188 1172 2255 1237 in

169 1270 326 1349 hae,
373 1269 449 1333 in
483 1286 624 1351 qua
657 1289 781 1353 ego
814 1288 918 1332 me
954 1266 1178 1353 scripsi
1214 1267 1658 1352 adquiescere,
1702 1268 1796 1334 ita
1828 1278 2145 1343 versatur,
2182 1278 2255 1331 ut

169 1364 490 1440 exeessat3
547 1385 587 1427 a
631 1383 735 1426 me
779 1382 932 1426 vero
979 1361 1071 1427 sio
1107 1361 1423 1447 diligitur,
1476 1372 1549 1428 ut
1580 1362 1701 1427 tibi
1735 1362 1849 1427 uni
1882 1361 2251 1437 ooneedam,

169 1466 521 1547 praeterea
555 1454 823 1533 nemini3
877 1454 1162 1539 mihique
1197 1456 1280 1522 ab
1315 1478 1394 1522 eo
1431 1457 1641 1543 gratia
1672 1456 1975 1523 refertur:
2018 1456 2089 1521 in
2123 1476 2253 1542 quo

167 1552 276 1617 ille
323 1551 692 1627 existimat,
745 1550 922 1635 quod
965 1550 1154 1615 facile
1199 1550 1537 1636 adpareat,
1590 1572 1786 1636 quam
1828 1572 1933 1617 me
1978 1550 2143 1617 eolat
2190 1562 2254 1617 et
2286 1543 2297 1555 ’

172 1646 508 1722 observet,
544 1643 677 1723 tibi⁸
697 1656 952 1729 quoque
983 1644 1052 1707 in
1089 1665 1165 1707 eo
1199 1666 1269 1708 se
1305 1644 1521 1709 faeere
1556 1643 2009 1729 gratissimum.

1174 1878 1274 1935 IV.

457 1980 583 2037 Sor.
601 1981 815 2036 Romae
835 1986 1072 2037 exeunte
1091 1998 1282 2037 mense
1304 1962 1621 2053 Septembri
1642 1997 1693 2035 a.
1714 1996 1769 2034 ιι.
1791 1996 1840 2035 e.
1862 1981 1980 2039 708.

620 2082 697 2137 Μ.
735 2080 1010 2139 CICERO
1049 2082 1122 2139 S.
1142 2084 1216 2137 D.
1256 2082 1415 2139 SER.
1455 2081 1829 2140 SULPIOIO.

307 2205 594 2293 Aeoipio
631 2206 1104 2273 exeusationem
1141 2217 1338 2284 tuam,
1378 2227 1540 2291 qua
1533 2230 1689 2273 usus
1726 2230 1815 2284 es,
1853 2226 1967 2272 our
1996 2205 2252 2293 saepius
2290 2228 2313 2265 1

178 2303 266 2369 ad
305 2324 420 2367 me
463 2302 712 2365 litteras
754 2322 883 2365 uno
929 2300 1222 2385 exemplo
1259 2302 1575 2379 dedisses,
1624 2302 1742 2367 sed
1782 2300 2027 2388 accipio
2062 2324 2145 2367 ex
2180 2324 2257 2365 ea

178 2408 365 2482 parte
380 2442 402 2474 ,
455 2404 775 2479 quatenus
823 2405 936 2460 aut
977 2395 1386 2481 neglegentia
1430 2406 1542 2461 aut
1583 2395 1969 2482 inprobitate
2012 2416 2253 2469 eorum,

179 2490 294 2575 qui
329 2489 640 2575 epistolas
685 2488 1030 2573 accipiant,
1076 2488 1216 2553 fieri
1261 2489 1486 2555 scribis
1522 2512 1605 2555 ne
1641 2490 1723 2554 ad
1766 2511 1886 2554 nos
1928 2489 2257 2573 perferan-

180 2597 316 2649 tur:
371 2584 556 2647 illam
600 2592 850 2668 partem
896 2582 1326 2648 excusationis
1339 2629 1357 2658 ,
1413 2605 1544 2668 qua
1586 2594 1651 2648 te
1693 2582 1917 2647 scribis
1954 2581 2256 2647 orationis

183 2686 572 2763 paupertate
589 2712 680 2723 —-·
705 2675 796 2741 sio
832 2676 1002 2741 enim
1037 2678 1440 2762 appellas.-—-
1467 2676 1671 2741 isdem
1706 2675 1919 2742 verbis
1955 2674 2255 2759 epistolas

189 2771 448 2856 saepius
485 2769 756 2847 mittere,
793 2792 912 2836 nee
947 2792 1141 2835 nosco
1175 2791 1298 2838 nee
1331 2770 1566 2855 prob03
1614 2780 1679 2835 et
1713 2790 1835 2855 ego
1870 2767 2029 2854 ipse,
2064 2788 2257 2851 quem

190 2877 260 2929 tu
310 2886 434 2951 per
487 2863 700 2929 ioeum
739 2898 832 2911 -·-
871 2865 964 2930 sio
1009 2864 1180 2930 enim
1233 2864 1478 2951 accipio
1515 2901 1602 2911 —
1646 2864 1901 2929 divitias
1955 2860 2258 2927 orationis

188 2959 434 3024 habere
479 2958 636 3023 dieis
647 3005 678 3036 ,,
717 2981 822 3024 me
868 2980 999 3024 non
1045 2982 1186 3025 esse
1234 2960 1578 3026 verborum
1616 2959 1965 3024 admodum
1998 2957 2257 3043 inopem

191 3074 508 3137 agnosooz
547 3051 1024 3136 εἰρωνεύεσθαι
1056 3054 1228 3118 enim
1259 3071 1393 3118 non
1426 3076 1688 3120 neeesse
1724 3064 1847 3119 est:
1891 3052 2007 3119 sed
2040 3062 2255 3119 tamen

189 3147 369 3211 idem
401 3180 494 3192 —
524 3167 646 3211 nee
697 3146 820 3211 hoe
877 3146 1384 3234 εἰρωνευόμενος
1418 3182 1506 3193 --
1546 3146 1738 3212 facile
1791 3146 1949 3211 cedo
2002 3156 2261 3210 tuorum

195 3240 580 3325 sei-iptorum
643 3239 978 3305 subtilitati
1045 3250 1110 3305 et
1173 3239 1548 3325 elegantiae.
1656 3236 1992 3303 eonsilium
2052 3248 2256 3312 tuum,
2294 3264 2318 3301 ι

195 3354 324 3417 quo
361 3344 428 3398 te
465 3354 656 3397 usum
704 3333 928 3399 scribis
973 3334 1096 3400 hoe
1132 3333 1495 3400 Achaicum
1538 3332 1868 3419 negotium
1912 3352 2045 3397 non
2076 3350 2261 3395 reeu-

197 3428 464 3504 savisse,
499 3448 648 3492 eum
683 3450 938 3514 semper
971 3428 1431 3512 probavissem,
1468 3438 1607 3493 tum
1641 3426 1843 3492 multo
1874 3424 2078 3513 magis
2112 3444 2261 3510 pro-

197 3520 350 3585 bavi
399 3521 586 3586 leetis
641 3521 768 3587 tuis
821 3522 1128 3608 proximis
1190 3523 1445 3602 litteris·;
1510 3544 1731 3589 omnes
1784 3521 1955 3588 enim
2008 3541 2258 3594 causae,

199 3637 359 3699 quas
395 3635 880 3703 eommemoras,
913 3617 1298 3684 iustissimae
1327 3628 1477 3683 sunt
1512 3630 1752 3703 tuaque
1787 3629 1851 3684 et
1886 3615 2261 3682 auctoritate

199 3720 262 3775 et
287 3708 632 3794 prudentia
657 3709 1090 3795 dignissimae.
1143 3711 1319 3796 quod
1346 3712 1529 3779 aliter
1550 3711 1855 3779 cecidisse
1878 3732 2019 3776 rem
2044 3706 2262 3773 existi-

199 3825 339 3869 mas
357 3812 574 3886 atque
598 3803 893 3890 opinatus
925 3806 1033 3883 sis,
1068 3806 1138 3870 id
1170 3805 1288 3870 tibi
1322 3808 1499 3872 nullo
1534 3805 1726 3870 modo
1762 3801 2111 3879 adsentior3
2146 3798 2293 3865 sed.

203 3896 356 3980 quia
389 3906 572 3963 tanta
603 3898 996 3984 perturbatio
1025 3910 1092 3964 et
1124 3898 1415 3964 confusio
1453 3909 1550 3965 est
1575 3920 1809 3974 rerum,
1844 3897 1937 3961 ita
1969 3894 2263 3983 perculsa

205 4000 270 4056 et
299 4001 622 4076 prostrata
656 3991 1026 4059 foedissimo
1061 3992 1230 4059 bello
1273 3992 1485 4058 iacent
1520 3991 1765 4069 omnia,
1811 4002 1885 4057 ut
1927 3990 1985 4057 is
2030 3990 2262 4075 cuique
