2675 4559
721 217 1280 276 EPISTOLARUM
1311 219 1417 274 IX.
1455 220 1678 275 18—21.
2110 208 2244 275 213

201 343 497 430 hospitem
532 363 659 406 non
692 363 958 428 gravem
973 341 988 405 l
1002 341 1019 370 '
1066 342 1380 408 abierunt.
1468 365 1622 407 nam
1656 365 1912 409 omnem
1954 360 2239 408 nostram

203 440 269 504 de
300 460 367 502 re
406 435 663 523 publica
697 457 949 512 curam,
996 435 1450 521 cogitationem
1485 437 1568 502 de
1605 437 1878 503 dicenda
1909 437 1979 502 in
2015 455 2239 504 senatu

201 531 514 608 sententia,
554 529 1153 596 commentationem
1190 552 1533 596 causarum
1568 530 1946 609 abiecimus,
1983 535 2047 596 in
2087 532 2239 616 Epi-

201 626 322 691 curi
362 647 480 690 nos
528 624 877 690 adversarii
920 624 1120 689 nostri
1174 635 1384 689 castra
1435 624 1776 690 coiecimus
1788 650 1807 703 3
1860 648 1979 692 nec
2027 643 2239 688 tamen

200 721 271 784 ad
299 719 463 784 hanc
494 718 931 796 insolentiam,
981 719 1098 784 sed
1133 720 1217 784 ad
1251 719 1430 784 illam
1464 730 1646 785 tuam
1676 720 2019 796 lautitiam.
2071 736 2239 784 vett}

200 836 317 879 rem
341 813 505 890 dioc,
545 835 694 879 cum
721 814 789 878 in
817 824 1144 899 sumptum
1171 813 1483 892 habebas,
1521 813 1640 878 etsi
1666 835 2019 898 numquam
2059 816 2243 900 plura

201 907 437 993 praedia
471 906 773 972 habuisti.
844 908 1111 993 proinde
1146 918 1211 972 te
1244 930 1431 993 para:
1480 929 1630 972 cum
1665 906 1924 972 homine
1959 920 2023 972 et
2063 912 2239 972 edaci

203 1002 303 1066 tibi
330 1025 430 1068 res
467 1014 567 1068 est
602 1013 668 1067 et
702 1002 815 1087 qui
860 1002 989 1066 iam
1025 1002 1268 1086 aliquid
1310 1002 1669 1089 intellegat3
1719 997 2091 1085 ὀψιμαθεῖς
2131 1028 2243 1064 au-

202 1109 313 1161 tem
344 1095 639 1161 homines
674 1095 800 1161 scis
845 1118 1041 1181 quam
1075 1097 1421 1162 insolentes
1469 1097 1622 1161 sint:
1669 1095 2091 1161 dediscendae
2131 1096 2243 1156 tibi

205 1201 333 1255 sunt
362 1190 705 1278 sportellae
741 1201 805 1256 et
840 1190 1195 1277 artolagani
1228 1191 1343 1254 tui.
1415 1213 1533 1255 nos
1567 1191 1699 1256 iam
1731 1193 1766 1271 †
1801 1212 1882 1254 ex
1917 1192 2067 1253 artis
2111 1200 2243 1252 tana

204 1299 321 1352 tum
367 1287 713 1364 habemus,
766 1297 841 1353 ut
884 1286 1189 1353 Verrium
1242 1298 1427 1352 tuum
1485 1298 1550 1352 et
1593 1284 1942 1351 Camillum
1985 1320 2071 1328 =—
2115 1308 2243 1368 qua

205 1383 490 1448 munditia
522 1380 848 1448 homines!
895 1403 1025 1466 qua
1061 1381 1413 1467 elegantia!
1449 1417 1538 1430 -—-
1571 1401 1802 1445 vocare
1838 1380 2091 1464 saepius
2135 1402 2244 1440 an·-

207 1477 464 1543 deamus.
556 1477 677 1543 sed
712 1477 859 1542 vide
907 1477 1272 1542 audaciam:
1330 1477 1524 1541 etiam
1559 1476 1774 1540 Hirtio
1809 1496 2031 1540 cenam
2079 1476 2243 1543 decli,

209 1571 322 1637 sine
363 1594 623 1658 pavone
667 1581 913 1649 tamen3
965 1572 1035 1636 in
1079 1593 1157 1636 ea
1201 1593 1362 1636 cena
1407 1592 1599 1635 cocus
1632 1591 1818 1634 meus
1859 1583 2107 1654 praeter
2147 1570 2244 1628 ius

208 1667 432 1732 fervens
484 1665 653 1731 nihil
696 1690 820 1732 non
865 1665 1075 1752 potuit
1125 1665 1381 1728 imitari.
1468 1663 1630 1729 haec
1680 1662 1878 1748 igitur
1927 1676 2023 1728 est
2079 1688 2115 1724 n
2123 1684 2243 1724 uns:
2283 1680 2308 1718 :³-

209 1760 319 1824 vita
354 1771 607 1826 nostra:
657 1782 847 1826 mane
890 1760 1244 1824 salutamus
1290 1758 1466 1823 domi
1510 1766 1574 1822 et
1614 1756 1820 1821 bonos
1863 1755 2031 1820 viras
2087 1756 2249 1816 mul-

209 1864 317 1932 tos,
364 1855 474 1920 sed
520 1855 756 1932 tristis,
812 1865 878 1921 et
918 1855 1036 1920 hos
1077 1854 1279 1919 laetos
1324 1852 1626 1927 victores,
1677 1850 1791 1935 qui
1832 1871 1937 1914 me
1991 1852 2247 1932 quidem

210 1950 578 2033 perofficiose
631 1960 697 2015 et
753 1959 1161 2035 peramanter
1204 1948 1576 2013 observant:
1630 1944 1746 2011 ubi
1796 1944 2091 2009 salutatis]
2139 1944 2247 2004 {le-

214 2043 397 2122 fluxit,
447 2043 684 2109 litteris
719 2065 822 2109 me
856 2043 1147 2119 involxw,
1203 2052 1316 2107 aut
1350 2041 1560 2106 scribo
1597 2051 1711 2104 aut
1752 2039 1931 2125 lego3
1986 2040 2247 2100 veniunt

214 2137 378 2203 etiam
405 2139 515 2224 qui
541 2161 657 2204 me
683 2137 955 2203 audiunt
982 2137 1167 2222 quasi
1194 2137 1456 2202 doctum
1486 2135 1832 2211 hominem,
1869 2136 2019 2218 quia
2059 2132 2247 2216 paulo

214 2253 335 2296 sum
365 2254 557 2317 quam
595 2231 721 2318 ipsi
760 2233 1023 2297 doctior.
1078 2231 1229 2296 inde
1257 2231 1510 2318 corpori
1534 2251 1724 2296 omne
1762 2239 2011 2314 tempus
2047 2231 2247 2288 datur*

216 2327 454 2411 patriam
487 2327 669 2393 eluxi
711 2327 842 2392 iam
877 2337 942 2392 et
975 2326 1238 2412 gravius
1274 2336 1339 2390 et
1375 2325 1614 2390 diutius
1650 2345 1846 2409 quam
1879 2323 2011 2386 ulla
2051 2335 2247 2384 mater

220 2421 444 2487 unicum
476 2423 706 2488 filium.
795 2422 910 2488 sed
946 2443 1128 2499 cura,
1166 2421 1222 2486 si
1254 2444 1360 2486 me
1395 2444 1596 2497 amas,
1631 2430 1704 2484 ut
1738 2420 1975 2492 valeas,
2011 2440 2088 2480 ns
2131 2436 2247 2500 ega

216 2524 271 2579 te
298 2515 529 2584 iacente
564 2517 741 2582 bona
767 2527 878 2582 tua
904 2515 1218 2581 comedim
1228 2540 1247 2592 3
1285 2515 1482 2579 statui
1509 2514 1681 2580 enim
1717 2514 1836 2578 tibi
1869 2535 1952 2578 ne
1991 2524 2247 2596 aegroto

218 2609 449 2691 quidem
482 2633 768 2698 parcere.

1138 2845 1302 2898 XXI.
1368 2876 1386 2882 -

950 2947 1067 3002 Scr.
1090 2963 1237 3002 anno
1256 2947 1488 3001 incerto.

838 3049 1115 3106 CICERO
1151 3049 1412 3105 PAETO
1451 3049 1614 3105 SAL.

333 3176 459 3241 Ain
500 3174 804 3242 tandem?
847 3173 1125 3242 insanire
1161 3173 1281 3237 tibi
1316 3172 1582 3248 videris,
1619 3171 1794 3254 quod
1828 3169 2071 3236 imit-ers
2115 3192 2251 3232 ver·
2295 3192 2312 3228 ι

230 3266 429 3334 borum
460 3293 785 3346 meorum,
840 3279 914 3334 ut
954 3268 1209 3345 scribis,
1263 3264 1573 3331 fulmina?
1625 3275 1763 3329 tum
1804 3264 2143 3332 insanires,
2203 3264 2251 3320 si

233 3366 506 3450 consequi
540 3386 672 3430 non
705 3385 957 3449 posses3
1015 3385 1162 3428 cum
1210 3382 1362 3427 vero
1399 3360 1592 3424 etiam
1627 3358 1876 3434 vincas,
1931 3379 2031 3420 me
2079 3356 2255 3440 prius

233 3454 475 3524 inrideas
511 3481 708 3543 quam
743 3469 806 3523 te
842 3467 1111 3544 oportet,
1165 3455 1296 3540 qua
1330 3478 1402 3521 re
1435 3453 1594 3538 nihil
1628 3452 1745 3518 tibi
1774 3472 1934 3538 opus
1971 3474 2059 3516 est
2103 3452 2255 3512 illud

236 3572 268 3612 a
294 3551 560 3631 Trabea,
612 3554 726 3619 sed
769 3552 982 3639 potius
1029 3549 1419 3636 ἀπότευγμα
1451 3571 1688 3615 meum.
1777 3568 2001 3613 verum
2040 3563 2251 3608 tamen

239 3644 371 3725 quid
402 3648 516 3713 tibi
550 3670 673 3733 ego
710 3648 931 3713 videor
962 3647 1031 3712 in
1066 3644 1391 3732 epistolis?
1433 3666 1645 3711 nonne
1679 3641 1931 3730 plebeio
1967 3660 2251 3704 serm-:me

240 3759 405 3822 agere
438 3742 686 3807 tecum?
720 3765 841 3808 nec
875 3741 1045 3807 enim
1080 3763 1333 3827 semper
1368 3741 1595 3806 eodem
1631 3738 1842 3803 modo,
1896 3736 2047 3820 quid
2091 3736 2255 3796 enim-1

243 3831 420 3899 simile
451 3837 643 3904 habet
676 3838 943 3925 epistola
979 3850 1091 3903 aut
1132 3837 1369 3902 iudicio
1404 3848 1517 3902 aut
1560 3834 1879 3902 contioni?
1929 3832 2083 3916 quin
2123 3832 2255 3912 ipsa

244 3923 456 3995 iudicia
480 3955 609 3997 non
642 3934 919 3999 solemus
954 3933 1170 3998 omnia
1206 3943 1480 3997 tractare
1512 3952 1642 3995 uno
1677 3929 1888 3994 modo.
1975 3928 2255 4012 primnis

248 4036 465 4102 causas,
498 4039 562 4093 et
595 4051 700 4094 eas
731 4029 964 4105 tenuis,
1002 4028 1252 4114 agimus
1280 4026 1607 4105 subtilius3
1645 4023 1868 4111 capitis
1904 4036 2015 4088 aut
2051 4024 2259 4084 famas
