2675 4559
517 248 1072 309 EPISTOLABUM
1103 248 1216 306 AD
1253 249 1320 314 Q·
1357 249 1733 309 FRATREM
1766 250 1871 305 111.
1908 252 1959 306 8.
1978 252 2030 307 9.
2172 238 2304 305 475

239 396 404 447 cum-
423 373 760 461 gravitste,
797 384 872 445 ut
901 394 1121 443 omnes
1150 372 1455 450 sentiunt,
1492 382 1558 439 et
1590 393 1841 439 summa
1868 396 2017 439 cum
2040 373 2301 441 lenitate

237 494 406 557 quae
433 472 588 549 feci}
622 470 804 537 illum
829 490 1040 553 neque
1067 468 1201 533 ursi
1225 490 1437 551 neque
1470 468 1711 536 levavi:
1744 470 1927 537 testis
1954 468 2298 537 vehemens

235 567 354 644 fui,
387 576 720 653 praeterea
740 562 986 648 quievi.
1059 563 1302 631 exitum
1335 561 1557 629 iudicii
1589 562 1855 631 foedum
1888 576 1955 631 et
1986 566 2301 652 pernicio·

231 684 380 729 sum
415 658 739 731 lenissime
774 658 922 736 tuli3
957 658 1135 742 quod
1167 656 1431 741 quidem
1464 656 1708 723 bonum
1734 658 1895 725 mihi
1920 680 2093 727 nuno
2122 658 2300 727 deni-

233 778 362 841 que
397 752 736 831 redundat,
769 763 842 819 ut
876 752 976 820 his
1011 751 1198 819 malis
1219 750 1316 817 rei
1350 750 1646 839 publicae
1680 752 2064 837 licentiaque
2100 754 2299 819 auda-
2359 820 2362 822 ,

233 850 442 926 cium,-
465 864 596 935 qua
629 858 779 913 ante
808 846 1174 931 rumpebat,
1209 866 1383 912 nunc
1408 863 1491 913 ne
1528 866 1789 912 movear
1814 846 2105 931 quiderm
2140 846 2298 913 nihil

120 1006 127 1011 .
231 955 334 1011 est
367 944 538 1013 euim
572 942 882 1028 perditius
914 940 1016 1009 his
1049 939 1439 1017 hominibus,
1472 938 1573 1005 his
1600 940 2025 1052 temporibus,
2058 941 2298 1027 itaque,
2334 964 2359 1001 2

231 1062 316 1105 ex
359 1060 460 1105 re
472 1036 732 1125 publiea
773 1035 1077 1119 quoniam
1119 1033 1340 1101 nihil
1321 1056 1451 1101 ram
1498 1034 1843 1121 voluptatis
1880 1035 2027 1122 capi
2068 1046 2297 1121 potest,

231 1155 352 1205 eur
401 1132 759 1203 stomachet-
806 1130 1045 1200 nescio.
1132 1129 1383 1197 litterae
1432 1152 1542 1195 me
1592 1139 1659 1195 et
1708 1130 1921 1197 studia
1972 1140 2190 1195 nostra
2234 1140 2299 1195 et

233 1228 438 1297 otium
472 1226 793 1311 villaeque
826 1225 1144 1295 delectant
1176 1224 1582 1309 maximeque
1617 1227 1799 1311 pueri
1834 1224 2069 1308 nostri.
2118 1225 2300 1310 angit

231 1346 406 1391 unus
439 1321 624 1390 Milo.
713 1320 828 1391 sed
863 1319 1068 1388 velim·
1098 1320 1292 1388 finem
1327 1318 1582 1388 adferat
1614 1321 2029 1396 consulatum.
2061 1319 2129 1385 in
2166 1340 2295 1402 quo

233 1416 440 1487 enitar
464 1436 594 1481 non
613 1414 854 1489 minus,
875 1435 1076 1509 ‘quam
1093 1436 1248 1482 sum
1267 1414 1481 1480 enisus
1506 1414 1577 1479 in
1602 1422 1838 1491 nostro,
1864 1425 2065 1499 tuque
2085 1414 2296 1492 istinc,

233 1510 412 1595 quod
444 1510 624 1587 facis,
661 1508 1017 1575 adiuvabis.
1105 1508 1186 1576 de
1221 1530 1351 1591 quo
1388 1519 1621 1585 cetera,
1656 1509 1781 1575 nisi
1814 1508 2006 1595 plane
2043 1509 2139 1575 vis
2176 1508 2299 1575 eri-

229 1604 464 1693 puerit,
499 1615 672 1676 recte
707 1614 860 1669 sunt
868 1628 886 1680 3
923 1603 1006 1673 de
1039 1624 1108 1669 re
1141 1600 1443 1671 familiari
1476 1602 1701 1669 timeo:

666 1734 700 1806 ὅ
742 1738 813 1805 δὲ
847 1744 1152 1822 μαίνεται
1189 1734 1306 1804 οὐκ
1344 1734 1437 1805 ἔτ’
1480 1734 1787 1819 ἀνεκτῶς,

232 1888 348 1974 qui
381 1887 566 1956 ludos
601 1884 746 1953 HS.
783 1874 817 1967 †
855 1907 970 1953 coc
1007 1896 1353 1972 comparet.
1392 1874 1399 1880 ⁶
1426 1886 1609 1962 cuius
1644 1886 1712 1951 in
1754 1884 1877 1952 hoc
1912 1907 2043 1951 uno
2076 1884 2297 1951 incon-

233 1982 644 2052 siderantiam
681 1992 746 2052 et
777 2002 904 2067 ego
939 1980 1296 2058 sustinebo,
1331 1992 1405 2045 ut
1438 1992 1699 2067 potero,
1726 1990 1821 2055 et,
1856 1990 1929 2045 tu
1962 1992 2037 2045 ut
2069 1980 2312 2065 possis,

231 2092 332 2144 est
365 2088 623 2145 tuorum
657 2090 1017 2167 nervorum.
1073 2074 1152 2139 de
1187 2084 1367 2139 motu
1400 2086 1765 2162 temporum
1797 2073 2111 2141 veni-entis
2146 2074 2297 2139 anni
2331 2092 2355 2131 3

231 2171 392 2253 nihil
443 2183 508 2239 te
559 2171 930 2255 intellegere
976 2168 1304 2237 volueram
1350 2169 1683 2237 domestici
1726 2168 2001 2246 timoris,
2055 2168 2169 2233 sed
2214 2167 2295 2233 de

233 2265 557 2333 communi
583 2266 682 2333 rei·
701 2263 998 2351 publicae
1025 2273 1215 2339 statu,
1249 2264 1318 2329 in
1348 2284 1476 2347 quo
1505 2262 1697 2348 etiam
1726 2264 1781 2329 si
1806 2262 1965 2331 nihil
1998 2282 2295 2350 procui-0,

229 2371 449 2425 tamen
491 2360 651 2426 nihil
696 2380 920 2425 curare
965 2358 1074 2423 vix
1125 2380 1391 2444 possum
1400 2383 1418 2435 3
1473 2380 1669 2443 quam
1716 2370 1933 2425 autem
1984 2368 2049 2423 te
2102 2358 2296 2423 velim

229 2465 494 2520 cautum
531 2476 669 2519 esse
703 2454 772 2519 in
809 2453 1176 2530 scribendo,
1214 2476 1296 2519 ex
1330 2452 1455 2520 hoc
1490 2454 1794 2531 conicito,
1840 2452 2017 2537 quod
2051 2474 2174 2539 ego
2212 2450 2297 2515 ad

225 2561 295 2615 te
330 2571 414 2612 ne
448 2548 608 2613 haec
643 2548 904 2631 quidem
936 2548 1170 2623 scrib0‚
1207 2569 1375 2632 quae
1411 2548 1625 2635 palam
1660 2548 1727 2611 in
1762 2569 1831 2611 re
1867 2546 2129 2631 publica
2162 2556 2296 2609 tur-

226 2646 487 2717 bantur,
522 2664 604 2713 ne
640 2642 1018 2724 cuiusquam
1053 2642 1348 2706 'animum
1394 2664 1575 2707 meae
1620 2641 1867 2706 litterae
1903 2640 2295 2723 interceptae

228 2735 582 2804 offendant.
672 2756 802 2818 qua
853 2756 922 2799 re
967 2733 1316 2799 domestica
1361 2756 1515 2800 cura
1556 2746 1622 2799 te
1667 2734 1949 2799 levatum
1995 2732 2173 2809 volo;
2226 2732 2295 2797 in

226 2856 302 2898 re
344 2829 603 2917 publica
647 2830 780 2895 scio
825 2850 1020 2912 quam
1056 2828 1363 2893 sollicitus
1400 2848 1541 2915 esse
1578 2819 1803 2893 soleas.
1892 2826 2081 2892 video
2114 2826 2295 2891 Mes-

229 2926 432 2992 salam
449 2932 756 3010 ‘nostrum
793 2922 1142 2998 consulem,
1179 2922 1233 2987 si
1267 2944 1384 3011 per
1410 2922 1818 3008 interregem,
1855 2922 1992 2987 sine
2026 2921 2291 2999 iudici03

230 3021 288 3086 si
322 3041 438 3106 per
473 3020 844 3085 dictatorem
855 3066 874 3096 ,
927 3028 1142 3083 tamen
1179 3017 1316 3083 sine
1351 3017 1665 3103 pericu103
1720 3015 1850 3083 odii
1884 3016 2041 3082 nihil
2076 3017 2290 3083 habet.

229 3114 563 3181 Hortensii
591 3114 764 3179 calor
798 3113 1072 3178 multum
1099 3112 1358 3179 valebit.
1416 3110 1685 3180 Gabinii
1710 3111 2027 3180 absolutio
2055 3112 2161 3177 lex
2195 3112 2292 3177 in-

229 3209 540 3295 punitatis
565 3218 848 3294 putatur.
906 3204 972 3272 ἒν
1008 3210 1315 3294 παρέργῳ
1332 3224 1349 3240 ·
1388 3206 1469 3273 de
1498 3198 1805 3273 dictatore
1833 3217 2048 3275 tamen
2076 3216 2292 3271 actum

231 3302 444 3367 adhuc
477 3302 637 3367 nihil
672 3313 795 3367 est:
841 3300 1193 3387 Pompeius
1230 3301 1433 3378 abest,
1468 3300 1729 3389 Appius
1765 3298 2020 3375 miscet,
2055 3300 2291 3363 Hirrus

229 3407 437 3483 parat,
469 3396 656 3463 multi
683 3392 1134 3462 intercessores
1157 3406 1597 3476 numerantur,
1626 3394 1905 3481 populus
1932 3415 2064 3458 non
2091 3402 2291 3468 curat,

229 3490 552 3577 principes
585 3490 840 3568 nolunt,
877 3512 1000 3577 ego
1035 3489 1317 3575 quiesco.
1409 3489 1489 3555 de
1523 3487 1889 3575 mancipiis,
1925 3486 2101 3571 quod
2134 3485 2291 3551 mihi
2324 3509 2352 3547 4

228 3585 576 3671 polliceris,
613 3584 799 3651 valde
835 3596 900 3651 te
936 3606 1113 3663 amc,
1148 3596 1214 3651 et
1249 3607 1393 3649 sum
1428 3582 1757 3669 equidem,
1804 3581 1901 3648 uti
1934 3580 2190 3658 scribis,
2228 3592 2293 3645 et

227 3678 479 3747 Romae
515 3692 581 3747 et
613 3684 680 3746 in
705 3678 984 3767 praediis
1017 3678 1409 3765 infrequens.
1464 3678 1580 3745 sed
1612 3700 1791 3755 cave,
1828 3676 2078 3753 amabo,
2114 3672 2294 3759 quic-

229 3796 456 3860 quam,
492 3774 667 3859 quod
701 3775 785 3840 ad
821 3797 1038 3841 meum
1071 3774 1481 3840 commodum
1516 3772 1783 3841 attineat
1796 3820 1817 3849 ,
1850 3768 1973 3835 nisi
2009 3769 2290 3833 maximo

225 3880 342 3935 tuo
377 3868 714 3935 commodo
749 3880 811 3935 et
846 3869 1127 3935 maxima
1161 3880 1273 3934 tua
1306 3868 1633 3944 facultate,
1668 3866 1759 3931 mi
1784 3864 2011 3941 frater,
2048 3862 2291 3948 cogita-

229 3962 338 4029 ris.
428 3963 509 4029 de
545 3962 814 4049 epistola
847 3962 1094 4032 Vatinii
1126 3962 1266 4027 risi:
1313 3962 1429 4028 sed
1462 3985 1567 4029 me
1604 3962 1689 4027 ab
1724 3982 1801 4027 eo
1836 3959 1929 4025 ita
1963 3958 2291 4025 observari
2324 3970 2350 4010 ⁵

229 4058 382 4135 scic,
417 4069 490 4123 ut
519 4058 654 4123 eius
688 4057 813 4145 ista
837 4058 986 4125 odia
1011 4078 1142 4123 non
1169 4056 1465 4123 sorbeam
1498 4058 1726 4134 solum,
1764 4055 1897 4123 sed·
1912 4053 2107 4122 etiam
2143 4074 2297 4121 con-
