2675 4559
389 358 402 368 '
497 337 1312 420 scandentimeditandum'
1347 363 1495 409 esse·
1530 341 1848 409 dixeramz
1877 342 2138 425 b‘nov'us
2174 364 2365 421 sum3
2420 365 2559 408 con-

489 434 780 504 sulatum
833 428 1020 515 peto.’
1111 428 1369 497 tertium
1420 430 1675 495 restatz·
1704 424 1945 497 ‘Roma
1998 427 2145 503 est‚'
2199 428 2445 493 civitas
2491 452 2558 493 ex

405 1226 458 1268 55

413 2166 466 2205 56

407 2758 458 2800 6’1

2610 0 2613 173 l

497 213 628 279 490
672 221 742 291 Q.
765 221 837 275 T.
863 218 1101 283 omns.
1125 218 1232 273 DE
1264 218 1435 275 PET.
1462 216 1676 275 cons.
1702 218 1813 273 AD
1838 218 1913 273 M„
1943 218 2270 277 wear.
2298 220 2523 277 54—oe.
2610 208 2612 225 '

498 520 831 589 nationum
880 524 1206 587 conventu
1247 510 1621 588 constituta,
1674 511 1744 577 in
1795 532 1927 595 qua
1976 512 2225 592 multae
2268 513 2559 590 insidiae,

499 604 702 674 multa
753 599 1037 677 fallacia,
1100 598 1304 667 multa
1364 597 1432 663 in
1466 596 1642 663 omni
1699 618 1939 681 genere
1992 598 2149 663 vitia
2200 612 2559 674 versantur,

496 688 844 757 multorum
881 684 1290 771 adrogantia,
1342 683 1690 749 multorum
1725 683 2159 759 contumacia,
2209 685 2563 751 >multorum

499 771 976 849 malevolentia,
1029 771 1379 837 multorum
1431 791 1508 833 su
1554 767 1761 843 erbis,
1816 768 2167 833 multorum
2208 769 2449 835 odium
2500 792 2563 833 ac

498 858 792 927 molestia
821 856 1204 942 perferenda
1237 866 1375 921 est:
1426 853 1493 917 vi
1537 874 1613 919 eo
1650 874 1787 919 esse
1820 852 2043 937 magni
2076 854 2337 919 consilii
2374 867 2563 940 atque
2612 858 2614 867 '

501 946 656 1015 artis
691 944 760 1009 in
794 952 890 1009 tot
923 940 1254 1009 hominum
1289 940 1601 1021 cuiusque
1634 938 1811 1003 modi
1850 937 2033 1003 vitiis
2055 939 2411 1023 tantisque·
2438 964 2566 1005 ver-

501 1026 750 1099 santem
791 1028 992 1099 vitare
1035 1025 1485 1100 offensionem,
1538 1024 1739 1088 vitare
1782 1023 2068 1089 fabulam
2081 1070 2100 1099 ,
2152 1023 2368 1090 vitare
2422 1026 2567 1089 insi-

501 1117 668 1190 dias,
722 1135 873 1179 esse
933 1135 1138 1177 unum
1195 1111 1521 1177 hominem
1570 1108 2123 1175 accommodatum
2176 1110 2281 1173 ad·
2316 1122 2566 1175 tantam

501 1222 754 1269 morum
807 1200 885 1263 'ac
937 1218 1311 1263 sermonum·
1356 1218 1435 1261 ac
1486 1195 1889 1259 voluntatum
1938 1194 2332 1259 varietatem.
2448 1217 2568 1279 qua

499 1311 573 1355 re
627 1286 822 1353 etiam
871 1293 1066 1365 atque
1120 1282 1313 1349 etiam
1372 1302 1571 1367 perge
1624 1284 1841 1347 tenere
1898 1279 2089 1345 istam
2140 1279 2315 1345 viam
2370 1303 2569 1367 quam

503 1370 814 1439 institisti:
861 1367 1102 1433 excelle
1139 1367 1441 1444 dicendo;
1484 1366 1609 1431 hoc
1644 1377 1709 1431 et
1742 1375 2039 1431 tenentur
2072 1364 2571 1433 Romae-homi-

503 1479 618 1523 nes
663 1465 729 1521 et
774 1452 1158 1519 adliciuntur
1202 1464 1268 1517 et
1309 1452 1395 1518 ab
1438 1450 1825 1537 inpediendo
1870 1470 1947 1515 ac
1987 1448 2303 1515 laedendo
2354 1453 2573 1552 repel-

503 1545 741 1622 luntur.
796 1549 860 1603 et
893 1538 1199 1622 quoniam
1231 1538 1297 1603 in
1333 1538 1459 1603 hoc
1484 1537 1589 1603 vel
1622 1536 1901 1603 maxime
1928 1547 2025 1602 est
2058 1535 2289 1601 vitiosa
2315 1537 2573 1611 civitas,

505 1627 682 1713 quod
711 1623 1054 1709 largitione
1095 1625 1469 1710 interposita
1502 1624 1753 1688 virtutis
1788 1644 1867 1687 ac
1910 1621 2233 1706 dignitatis
2270 1622 2575 1689 oblivisci

507 1714 698 1789 solet,
749 1711 820 1777 in
862 1710 986 1776 hoc
1019 1710 1125 1775 fac
1159 1722 1232 1775 ut
1275 1722 1340 1775 te·
1377 1710 1541 1775 bene
1576 1709 1785 1785 noris,
1829 1707 1903 1771 id
1936 1718 2059 1783 est,
2112 1717 2185 1772 ut
2224 1706 2574 1793 intellegas

505 1820 656 1865 eum
702 1818 842 1863 esse
895 1806 988 1873 te,
1043 1797 1158 1880 qui
1198 1795 1419 1863 iudicii
1470 1816 1547 1861 ac
1597 1792 1866 1879 periculi
1916 1804 2153 1859 metum
2206 1792 2574 1859 maximum

505 1881 1008 1969 conpetitoribus
1053 1881 1304 1948 adferre
1346 1880 1584 1967 possis3
1629 1880 1735 1945 fac
1778 1902 1850 1947 se
1892 1890 1963 1944 ut
2006 1877 2121 1943 abs
2156 1886 2219 1943 te
2256 1881 2576 1947 custodiri
2618 1948 2620 1959 ,

507 1981 701 2055 atque
735 1968 1062 2032 observari
1097 1968 1328 2044 sciant3
1382 1990 1531 2031 cum
1566 1966 1965 2052 diligentiam
1996 1980 2203 2041 tuam,
2253 1988 2403 2031 cum
2450 1990 2571 2031 au·
2618 1966 2620 1983 ³

505 2055 864 2121 ctoritatem
899 2054 1158 2137 vimque
1203 2054 1490 2129 dicendi,
1540 2064 1681 2117 tum
1722 2050 2015 2137 profecto
2050 2052 2353 2135 equestris
2386 2052 2563 2139 ordi-

507 2142 608 2206 nis
653 2162 810 2225 erga
855 2150 919 2204 te
965 2138 1247 2204 studium
1288 2139 1761 2225 pertimescent.
1850 2149 2045 2223 atque
2088 2138 2243 2201 haee
2280 2136 2368 2199 ita
2400 2136 2555 2201 volo

503 2238 570 2291 te
603 2225 730 2290 illis
765 2245 1149 2309 proponere,
1193 2245 1324 2288 non
1359 2235 1434 2290 ut
1466 2224 1725 2290 videare
1760 2222 2233 2303 accusationem
2254 2222 2389 2287 iam
2418 2244 2563 2287 me-

507 2310 727 2382 ditari,
772 2308 888 2370 sed
923 2320 994 2370 ut
1027 2309 1150 2371 hoc
1183 2320 1427 2374 terrore
1462 2310 1711 2374 facilius
1747 2309 1869 2373 hoc
1902 2308 2145 2392 ipsum,
2192 2308 2368 2393 quod
2400 2307 2563 2393 agis,

503 2410 900 2473 consequare
911 2414 932 2468 3
993 2402 1060 2455 et
1111 2391 1302 2477 plane
1356 2393 1450 2457 sic
1500 2393 1815 2460 contende
1866 2390 2165 2455 omnibus
2216 2393 2435 2457 nervis
2490 2416 2564 2457 ac

503 2474 950 2553 facultatibus,
993 2486 1068 2540 ut
1103 2477 1535 2561 adipiscamur
1570 2478 1741 2564 quod
1773 2477 2068 2562 petimus.
2154 2477 2354 2541 video
2388 2479 2564 2542 nulla

505 2585 646 2630 esse
681 2560 940 2627 comitia
973 2573 1108 2627 tam
1140 2563 1476 2647 inquinata
1511 2564 1873 2653 largitione,
1928 2561 2163 2646 quibus
2196 2583 2332 2626 non
2362 2565 2561 2648 gratis

505 2651 758 2735 aliquae
801 2649 1124 2713 centuriae
1158 2650 1526 2716 renuntient
1572 2672 1733 2729 suos·
1758 2669 1994 2735 magno
2030 2668 2223 2732 opere
2266 2670 2562 2715 necessa-

503 2736 654 2800 rios.
739 2755 872 2819 qua
905 2756 1006 2810 re,
1051 2734 1106 2799 si
1149 2735 1575 2821 advigilamus
1620 2756 1739 2819 pro
1773 2734 1867 2799 rei
1904 2732 2212 2819 dignitate
2246 2744 2309 2797 et
2356 2735 2413 2799 si
2446 2757 2561 2799 no-

499 2833 667 2886 stros
721 2819 806 2883 ad
857 2842 1182 2885 summum
1237 2821 1525 2886 studium
1590 2818 1933 2883 benevolos
1986 2819 2337 2883 excitamus
2388 2832 2454 2885 et
2508 2821 2558 2883 si

503 2905 870 2985 hominibus
904 2905 1201 2989 gratiosis
1229 2904 1659 2987 studiosisque
1694 2906 1895 2969 nostri
1930 2925 2119 2969 suum
2154 2903 2386 2987 cuique
2418 2928 2557 2969 mu-

503 3012 626 3055 nus
657 2988 1059 3053 discribimus
1089 3001 1154 3055 et
1177 2991 1235 3055 si
1265 2990 1767 3074 conpetitoribus
1791 2989 2100 3053 iudicium
2125 2988 2551 3073 proponimus,

503 3074 940 3158 sequestribus
993 3088 1234 3140 metum
1285 3074 1581 3139 inicimus
1596 3124 1614 3152 ,
1676 3076 1983 3139 divisores
2046 3073 2291 3139 ratione
2341 3075 2551 3159 aliqua

503 3166 902 3235 coercemus,
954 3161 1174 3246 perfici
1225 3172 1437 3247 potest
1480 3174 1555 3226 ut
1602 3162 1859 3247 largitio
1903 3172 2017 3225 aut
2068 3160 2247 3224 nulla
2292 3160 2401 3223 fiat
2440 3172 2547 3223 aut

501 3245 662 3310 nihil
714 3246 946 3311 valeat.
1031 3246 1194 3311 haec
1238 3258 1415 3323 sunt,
1515 3268 1635 3311 uae
1678 3247 1901 3331 putavi
1944 3268 2074 3311 non
2114 3245 2341 3309 melius
2392 3245 2543 3308 scire

500 3352 608 3399 me
643 3352 838 3415 quam
883 3343 975 3406 te,
1021 3331 1134 3397 sed
1175 3331 1428 3397 facilius
1468 3268 1573 3397 {is
1616 3332 1745 3395 tuis
1789 3329 2315 3419 occupationibus
2356 3329 2539 3394 conli-

502 3438 656 3503 gere
700 3438 903 3481 unum
943 3416 1012 3479 in
1056 3417 1270 3482 locum
1312 3440 1505 3502 posse
1548 3428 1609 3483 et
1653 3418 1738 3482 ad
1780 3429 1847 3482 te
1888 3416 2239 3502 perscripta
2276 3416 2533 3479 mittere:

501 3522 671 3585 quae
707 3502 962 3567 tametsi
993 3500 1086 3565 ita
1127 3513 1280 3567 sunt
1313 3503 1581 3587 scripta,
1627 3515 1701 3566 ut
1732 3524 1862 3566 non
1900 3502 1984 3567 ad
2018 3502 2252 3578 omnis,
2294 3500 2400 3583 qui
2430 3498 2542 3563 ho-

502 3608 691 3651 nores
741 3596 992 3671 petant‚
1043 3588 1160 3651 sed
1213 3588 1296 3651 ad
1340 3599 1404 3652 te
1450 3585 1705 3673 proprie
1742 3600 1807 3651 et
1849 3588 1933 3651 ad
1978 3586 2145 3651 hanc
2190 3586 2543 3672 petitionem

501 3682 681 3735 tuam
717 3672 1000 3746 valeant,
1046 3683 1263 3739 tamen
1297 3684 1399 3748 tu,
1446 3674 1500 3737 si
1535 3674 1691 3757 quid
1726 3673 2107 3736 mutandum
2142 3694 2283 3737 esse
2316 3670 2542 3735 videbi-

502 3767 610 3821 tur
662 3767 774 3820 aut
825 3756 1081 3822 omnino
1125 3758 1481 3823 tollendum
1514 3756 1627 3822 aut
1668 3758 1725 3822 si
1768 3758 1925 3839 quid
1960 3757 2081 3822 erit
2124 3757 2540 3841 praeteritum,

501 3840 694 3905 velim
735 3840 857 3906 hoc
909 3842 1066 3906 mihi
1110 3843 1315 3919 dicas3
1368 3844 1517 3907 volo
1568 3843 1739 3909 enim
1790 3842 1915 3907 hoc
1969 3841 2540 3909 commentariolum

499 3926 826 4009 petitionis
859 3927 1084 3992 haberi
1119 3928 1294 3993 omni
1327 3929 1577 3996 ratione
1606 3928 1981 4014 perfectum.

1323 4078 1519 4085 -—...—----
