2675 4559
741 247 1296 306 EPISTOLARUM
1332 247 1460 304 VII.
1501 249 1656 303 5-8.
2103 236 2229 303 151.

194 375 439 440 consilio
468 372 793 460 profectus
821 395 909 447 es,
946 371 1013 436 id
1042 369 1426 436 adsiduitate
1450 381 1514 436 et
1543 371 1776 436 virtute
1807 394 2195 457 consequere
2209 400 2228 439 t

193 472 301 535 hoc
350 469 467 534 tibi
518 479 650 533 tam
698 467 1109 554 ignoscemus
1157 487 1276 532 nos
1329 465 1546 543 amici,
1599 485 1795 550 quam
1845 467 2229 556 ignoverunt

189 565 481 640 Medeae,
2009 625 2017 629 .

263 679 429 743 quae
446 654 831 722 Corinthum
858 675 1070 720 arcem
1107 655 1301 718 altam
1335 653 1681 732 habebant,
1714 665 2042 722 matronae
2067 671 2228 743 opu-

943 751 1183 827 lentae,
1220 748 1578 834 optimates,

189 847 409 932 quibus
441 845 554 910 illa
586 844 883 910 manibus
918 843 1384 930 gypsatissimis
1417 845 1763 930 persuasit,
1797 839 1880 911 ne
1915 846 2036 911 sibi
2072 846 2225 910 vitio

186 941 317 1008 illae
350 949 697 1017 verterent,
730 938 907 1022 quod
942 939 1194 1003 abesset
1228 961 1269 1002 a
1301 937 1535 1023 patria3
1569 961 1724 1003 nam

260 1034 444 1100 multi
462 1055 649 1099 suam
665 1045 805 1098 re'm
832 1033 1000 1098 bene
1022 1055 1277 1118 gessere
1297 1042 1363 1096 et
1390 1032 1713 1118 publicam
1739 1031 1947 1119 patria
1973 1033 2224 1118 procul:

259 1129 473 1206 multi,
526 1127 638 1212 qui
682 1127 855 1191 domi
899 1137 1172 1192 aetatem
1215 1137 1504 1211 agerent,
1557 1138 1894 1212 propterea
1937 1137 2085 1192 sunt
2129 1127 2226 1192 in-

940 1221 1210 1306 probati.

188 1337 301 1400 quo
342 1315 413 1379 in
456 1336 726 1380 numero
771 1326 842 1379 tu
888 1325 1057 1380 certe
1110 1315 1370 1394 fuisses,
1423 1315 1548 1380 nisi
1599 1325 1662 1380 te
1717 1315 2222 1380 extrusissemus.
2259 1335 2284 1372 ε

186 1411 285 1476 sed
326 1411 519 1497 plura
562 1409 909 1475 scribemus
954 1409 1129 1476 alias.
1218 1421 1319 1487 tu,
1366 1411 1479 1493 qui
1521 1410 1746 1475 ceteris
1789 1431 2016 1474 cavere
2059 1409 2223 1473 didi-

188 1504 342 1582 cisti,
384 1504 455 1569 in
490 1501 831 1568 Britannia
870 1519 971 1570 ne'
998 1504 1081 1568 ab
1126 1504 1461 1570 essedariis
1507 1503 1842 1588 decipiaris
1879 1500 2102 1568 caveto
2137 1514 2222 1580 et,

188 1599 475 1682 quoniam
509 1598 815 1663 Medeam
852 1598 1035 1684 coepi
1072 1620 1284 1683 agere,
1318 1597 1477 1661 illud
1513 1618 1764 1682 semper
1795 1605 2145 1664 memento:

260 1693 369 1776 qui
396 1693 535 1778 ipse
555 1692 678 1756 sibi
694 1691 946 1778 sapiens
972 1693 1277 1778 prodesse
1294 1713 1426 1756 non
1444 1690 1602 1775 quit,
1628 1690 2017 1773 nequiquam
2039 1689 2222 1774 sapit.

191 1808 330 1852 cura
362 1798 435 1851 ut
469 1787 703 1856 valeas.
1058 1797 1064 1801 '

1130 1935 1259 1992 VII.

665 2037 782 2094 Ser.
800 2039 1014 2096 Romae
1033 2056 1223 2094 mense
1240 2037 1392 2094 Maio
1414 2055 1466 2094 a.
1484 2056 1539 2090 u.
1559 2055 1608 2092 c.
1629 2037 1746 2094 700.

842 2139 1115 2196 CICERO
1152 2139 1566 2196 TREBATIO.
1649 2173 1654 2180 -

306 2256 450 2342 Ego
483 2267 549 2322 te
586 2255 1029 2320 commendare
1063 2277 1192 2323 non
1220 2255 1478 2332 desisto,
1513 2253 1648 2330 sed,
1683 2253 1842 2337 quid
1873 2253 2222 2339 proficiam,
2259 2274 2282 2310 1

196 2375 265 2416 ex
300 2365 363 2419 te
406 2352 567 2418 scire
616 2351 837 2436 cupio:
892 2373 1071 2437 spem
1114 2351 1460 2416 maximam
1504 2350 1710 2416 habeo
1743 2351 1812 2414 in
1849 2349 2085 2428 Balbo,
2141 2351 2224 2415 ad
2335 2351 2340 2354 ’

196 2467 367 2529 quem
416 2447 499 2515 de
548 2457 614 2518 te
666 2445 1145 2532 diligentissime
1197 2456 1261 2510 et
1314 2444 1682 2530 saepissime
1735 2443 1962 2508 scribo.
2065 2444 2223 2510 illud
2305 2463 2310 2469 ·

200 2541 346 2606 soleo
379 2541 595 2606 mirari
608 2587 629 2616 ,
671 2563 801 2605 non
834 2563 939 2605 me
980 2540 1209 2605 totiens
1246 2538 1537 2624 accipere
1570 2548 1714 2603 tuas
1747 2539 1989 2603 litteras
2002 2587 2020 2616 ,
2064 2560 2225 2622 quo-

198 2634 337 2700 tiens
370 2659 411 2700 a
436 2631 687 2716 Quinto
716 2633 875 2699 mihi
907 2631 1103 2699 fratre
1140 2633 1535 2699 adferuntur.
1595 2633 1663 2696 in
1697 2631 2033 2697 Britannia
2065 2633 2226 2698 nihil

200 2750 317 2795 esse
350 2729 541 2794 audio
572 2746 783 2814 neque
818 2729 957 2794 auri
991 2750 1201 2812 neque
1236 2726 1512 2814 argenti:
1557 2727 1626 2792 id
1670 2727 1724 2790 si
1755 2726 1848 2791 ita
1882 2737 2006 2804 est,
2055 2747 2225 2792 esse-

202 2822 331 2888 ‹lum
364 2825 622 2909 aliquod
664 2824 879 2909 capias
914 2824 1155 2889 suadeo
1192 2833 1256 2888 et
1302 2823 1386 2886 ad
1429 2843 1546 2888 nos
1580 2843 1776 2905 quam
1809 2821 2088 2906 primum
2123 2843 2223 2886 re-

203 2937 408 2983 cmras.
496 2919 597 2983 sin
640 2929 856 2982 autem
898 2916 1035 2983 sine
1069 2915 1406 2981 Britannia
1448 2927 1666 2980 tamen
1709 2915 2001 3000 adsequi,
2090 2916 2221 2980 uod
2256 2931 2282 2970 2

202 3003 495 3080 volumus,
540 3025 910 3090 possumus,
954 3002 1189 3088 perfice
1230 3013 1307 3066 ut
1349 3002 1438 3067 sis
1477 3001 1548 3066 in
1589 2999 2010 3067 familiaribus
2083 3009 2088 3014 ’
2119 3023 2224 3066 ae-

203 3096 362 3163 saris:
410 3098 689 3164 multum
730 3108 795 3162 te
838 3098 905 3162 in
954 3119 1031 3162 eo
1074 3096 1271 3160 frater
1312 3095 1643 3161 adiuvabit
1687 3117 1900 3172 meus,
1949 3096 2224 3161 multum

202 3187 451 3270 Balbus,
486 3192 633 3269 sed,
668 3191 829 3255 mihi
860 3191 1079 3267 crede,
1114 3205 1263 3254 tuus
1298 3189 1508 3276 pudor
1539 3198 1608 3254 et
1640 3189 1822 3253 labor
1855 3188 2220 3273 plurimum.

204 3280 619 3368 imperatorem
654 3286 836 3350 habes
870 3285 1384 3350 liberalissimum
1397 3332 1416 3360 ‚
1454 3292 1728 3348 aetatem
1763 3281 2224 3367 opportunissi-

204 3397 375 3456 mam,
425 3379 1042 3446 commendationem
1078 3389 1247 3444 certe
1284 3377 1702 3463 singularem,
1753 3385 1828 3438 ut
1872 3374 1990 3438 tibi
2021 3396 2223 3438 unum

205 3469 526 3540 timendum
560 3475 662 3552 sit,
698 3498 779 3540 ne
813 3475 952 3561 ipse
988 3473 1106 3539 tibi
1140 3472 1422 3538 defuisse
1458 3471 1731 3536 videare.

1112 3633 1277 3689 VIII.

656 3735 772 3794 Ser.
790 3736 1007 3792 Romae
1021 3753 1212 3792 mense
1230 3735 1395 3790 Iunio
1415 3751 1464 3788 a.
1485 3751 1540 3788 u.
1560 3751 1607 3788 c.
1629 3733 1746 3788 ΙἶΟΟ.

844 3837 1117 3894 CICERO
1153 3835 1569 3892 TREBATIO.

312 3948 574 4039 Scripsit
609 3954 691 4018 ad
734 3975 839 4018 me
874 3949 1119 4018 Caesar
1164 3951 1639 4037 perhumaniter
1673 3949 1956 4014 nondum
2003 3956 2065 4012 te
2101 3945 2224 4010 sibi
2261 3957 2280 3996 1

208 4042 335 4108 satis
361 4068 495 4112 esse
526 4047 903 4114 familiarem
935 4057 1199 4132 propter
1225 4047 1672 4132 occupationes
1699 4066 1868 4120 suas,
1906 4039 2019 4108 sed
2055 4051 2224 4106 certe
