2675 4559
474 206 605 275 406
1099 220 1175 273 M.
1212 217 1487 276 TULLII
1522 216 1923 275 cICERoms

411 371 441 411 ι
474 346 664 413 nibus
699 345 945 411 Romae
981 351 1241 409 senatus
1275 340 1497 407 haberi
1530 339 1873 427 1106616111
1900 339 2007 405 ille
2036 340 2091 407 si
2114 340 2351 418 fecerit,
2380 364 2510 427 spes

475 452 571 507 est
603 440 800 525 pacis,
835 460 968 503 non
1001 438 1307 502 honestae
1323 436 1611 545 —leges
1648 434 1819 501 enim
1852 435 2246 521 inponuntur
2269 472 2374 513 —‚
2408 436 2510 501 sed

473 532 726 617 quidvis
771 544 870 599 est
913 532 1142 599 melius
1189 552 1387 615 quam
1430 529 1522 594 sic
1556 552 1696 595 esse
1730 539 1805 594 ut
1848 551 2089 595 sumus.
2178 529 2277 593 sin
2312 539 2509 597 autem

471 627 578 693 ille
615 626 747 692 suis
775 626 1255 693 condicionibus
1281 636 1470 689 stare
1479 623 1773 700 noluerit,
1809 623 2051 688 bellum
2079 634 2379 709 paratum
2405 635 2509 699 est,

474 722 612 788 eius
644 721 820 787 modi
854 732 1090 797 tamen,
1125 718 1300 805 quod
1327 718 1641 784 sustinere
1672 718 1782 783 ille
1814 739 1946 782 non
1978 718 2203 803 possit,
2238 739 2509 803 praeser-

473 818 588 881 tim
623 838 774 881 cum
809 840 848 881 a
883 816 1016 880 suis
1051 812 1531 879 condicionibus
1577 812 1715 898 ipse
1748 811 2017 897 fugerit,
2048 822 2304 878 tantum
2336 811 2509 877 modo

473 921 545 975 ut
571 934 720 976 eum
747 909 1266 985 intercludamus,
1293 931 1377 974 ne
1408 906 1493 973 ad
1517 906 1745 972 urbem
1770 905 1970 991 possit
2000 906 2327 983 accedere,
2354 904 2510 991 quod

475 1006 890 1091 sperabamus
916 1003 1053 1069 fieri
1080 1025 1296 1089 posse;
1333 1002 1605 1069 dilectus
1633 1002 1805 1067 enim
1830 1022 2100 1087 magnos
2131 1000 2509 1067 habebamus

473 1099 986 1184 putabamusque
1029 1097 1208 1163 illum
1243 1108 1557 1173 metuere,
1592 1096 1647 1159 si
1684 1094 1771 1171 ad
1802 1093 2081 1161 urbem
2062 1118 2157 1160 ire
2191 1095 2508 1180 coepisset,

473 1216 555 1259 ne
601 1191 848 1259 Gallias
909 1192 1258 1267 amitteret,
1316 1212 1495 1276 quas
1532 1190 1758 1256 ambas
1808 1190 2005 1258 habet
2056 1189 2509 1255 inimicissimas

473 1298 726 1373 praeter
767 1287 1290 1372 Transpadanos,
1343 1310 1424 1353 ex
1466 1286 1915 1373 Hispaniaque
1966 1309 2081 1353 sex
2134 1285 2420 1372 legiones
2458 1296 2510 1350 et

473 1404 709 1467 magna
743 1380 980 1446 auxilia
1013 1381 1290 1447 Afranio
1323 1392 1389 1447 et
1412 1381 1671 1448 Petreio
1709 1381 1979 1447 ducibus
2011 1381 2208 1447 habet
2246 1404 2287 1447 a
2318 1392 2510 1465 tergo:

471 1475 750 1552 videtur,
796 1475 848 1540 si
882 1474 1182 1552 insaniet,
1226 1497 1415 1562 posse
1460 1476 1764 1562 opprimi,
1798 1476 1990 1541 modo
2024 1486 2097 1540 ut
2131 1474 2296 1541 urbe
2332 1474 2511 1540 salva.

471 1568 816 1634 maximam
852 1580 1069 1634 autem
1110 1571 1371 1657 plagam
1414 1569 1690 1679 accepit,
1726 1570 1953 1656 quod
1932 1594 2018 1647 1s,
2065 1570 2177 1655 qui
2212 1592 2513 1635 summam

473 1664 912 1729 auctoritatem
975 1664 1043 1727 in
1103 1663 1272 1729 1111116
1327 1662 1633 1729 exercitu
1672 1663 1982 1741 habebat,
2036 1662 2116 1728 Τ.
2170 1662 2513 1738 Labienus,

472 1758 680 1822 socius
717 1759 970 1823 sceleris
1006 1781 1145 1823 esse
1179 1758 1411 1824 noluit:
1448 1758 1705 1843 reliquit
1737 1758 1921 1823 illum
1946 1767 2011 1823 et
2044 1770 2131 1823 est
2164 1758 2513 1835 nobiscum,

411 1871 436 1911 5
469 1852 780 1937 muitique
830 1852 1004 1918 idem
1054 1853 1285 1918 facturi
1337 1874 1475 1919 esse
1530 1852 1845 1917 dicuntur.
1936 1871 2057 1938 ego
2108 1851 2327 1918 adhuc
2379 1875 2513 1917 orae

469 1947 824 2011 maritimae
867 1968 1168 2031 praesum
1203 1970 1244 2012 a
1275 1946 1571 2012 Formiis.
1660 1948 1907 2012 nullum
1952 1946 2163 2012 maius
2196 1948 2511 2033 negotium

468 2042 793 2126 suscipere
828 2042 1023 2119 volui,
1059 2063 1188 2127 quo
1223 2044 1370 2129 plus
1398 2042 1573 2129 apud
1605 2043 1787 2107 illum
1812 2063 1996 2107 meae
2030 2042 2281 2107 litterae
2310 2043 2512 2107 cohor-

468 2135 868 2218 tationesque
913 2137 996 2200 ad
1040 2159 1266 2222 pacem
1319 2138 1632 2214 valerent;
1688 2135 1789 2202 sin
1832 2147 2048 2203 autem
2089 2138 2208 2203 erit
2264 2137 2510 2214 bellum,

465 2225 654 2291 video
691 2250 793 2292 me
829 2228 1051 2292 castris
1087 2240 1150 2293 et
1175 2231 1366 2295 certis
1400 2230 1761 2317 legionibus
1794 2230 2261 2317 praestat-urum.
2318 2232 2507 2296 habeo

467 2318 658 2383 etiam
693 2318 869 2383 illam
901 2322 1280 2399 molestiam,
1318 2324 1492 2405 quod
1528 2323 1872 2389 Dolabella
1905 2335 2120 2390 noster
2154 2326 2334 2411 apud
2362 2323 2513 2391 Cae-

465 2435 672 2477 sarem
716 2423 829 2478 est.
917 2414 1080 2479 haec
1123 2415 1240 2481 tibi
1284 2428 1439 2483 nota
1484 2430 1625 2483 esse
1667 2420 1869 2497 volui,
1926 2440 2091 2504 quae
2128 2442 2291 2487 cave
2336 2444 2413 2487 116
2456 2432 2513 2485 16

404 2527 430 2566 6
462 2507 837 2593 perturbent
859 2518 934 2573 ³et
969 2507 1298 2594 inpediant
1332 2513 1769 2579 valetudinem
1800 2525 1999 2579 tuam.
2085 2536 2214 2601 ego
2250 2515 2339 2579 A.
2357 2516 2513 2581 Var-

463 2602 634 2679 roni,
687 2624 882 2687 quem
917 2625 1066 2669 cum
1101 2607 1606 2672 amantissimum
1640 2608 1767 2673 11161
1802 2609 2075 2693 cognovi
2088 2657 2107 2687 ,
2154 2621 2296 2675 tum
2332 2609 2511 2677 etiam

465 2696 652 2763 valde
686 2696 782 2763 tui
815 2698 1193 2778 studiosum,
1231 2701 1714 2789 diligentissime
1749 2714 1812 2768 16
1849 2703 2316 2782 commend-avi,
2352 2716 2426 2769 ut
2458 2716 2512 2769 et

463 2792 847 2857 valetudinis
893 2804 1042 2860 tuae
1087 2796 1397 2864 rationem
1442 2795 1709 2863 haberet
1753 2808 1817 2863 et
1850 2798 2283 2885 navigationis
2320 2810 2388 2865 et
2428 2809 2512 2863 to-

460 2893 601 2947 tum
652 2895 716 2947 te
767 2888 1119 2973 susciperet
1179 2912 1256 2955 ac
1309 2901 1621 2957 tueretur·
1682 2912 1879 2977 quem
1928 2894 2143 2957 omnia
2197 2893 2511 2959 facturum

463 2976 743 3054 confid03
795 2982 1039 3067 recepit
1081 2982 1250 3048 enim
1283 2994 1353 3048 61
1384 3004 1639 3050 1116611111
1682 2986 1936 3053 locutus
1978 2998 2077 3053 661
2122 2989 2509 3053 suavissime.

461 3082 562 3149 tu,
616 3072 918 3157 quoniam
955 3098 1032 3141 eo
1077 3087 1362 3163 tempore
1406 3100 1660 3153 mecum
1682 3100 1835 3145 6666
1869 3102 2000 3145 11011
2042 3081 2341 3165 potuisti,
2396 3103 2508 3166 quo

460 3185 582 3253 ego
618 3168 895 3236 maxime
931 3192 1191 3256 operam
1226 3182 1290 3237 et
1319 3172 1697 3239 fidelitatem
1732 3173 2090 3240 desideravi
2127 3185 2330 3253 tuam,
2368 3197 2507 3241 cave

457 3260 720 3327 festines
755 3273 868 3328 aut
903 3266 1290 3344 committas,
1336 3277 1412 3331 ut
1446 3278 1559 3333 aut
1592 3290 1787 3354 aeger
1821 3278 1933 3333 aut
1967 3269 2177 3334 hieme
2220 3270 2507 3357 naviges.

459 3374 808 3439 numquam
845 3379 986 3423 sero
1022 3369 1087 3424 te
1121 3361 1389 3427 venisse
1406 3362 1681 3447 putab0,
1716 3361 1771 3427 si
1807 3362 2025 3427 salvus
2058 3363 2337 3429 veneris.
2409 3363 2510 3428 ad-

455 3446 602 3514 11116
616 3450 938 3517 neminem
983 3452 1298 3531 videram,
1356 3456 1468 3538 qui
1512 3466 1575 3521 te
1618 3466 1847 3541 postea
1888 3454 2155 3521 vidisset
2189 3462 2387 3542 quam
2418 3457 2508 3520 Μ.

455 3527 794 3621 Volusius,
839 3568 878 3609 a
913 3565 1042 3630 quo
1071 3556 1224 3613 tuas
1257 3546 1513 3614 litteras
1540 3550 1790 3636 accepi.
1834 3550 2018 3633 quod
2036 3570 2176 3615 11011
2210 3552 2507 3626 mix-aban

454 3656 663 3719 neque
699 3638 868 3702 enim
902 3662 1080 3705 meas
1113 3652 1272 3727 puto
1301 3644 1387 3707 ad
1422 3654 1484 3708 16
1510 3644 1752 3710 litteras
1781 3654 1961 3709 tanta
1993 3642 2204 3710 hieme
2230 3644 2503 3731 perferri.

455 3730 571 3794 sed
596 3729 679 3794 da
704 3752 985 3833 operam,
1021 3744 1095 3799 ut
1120 3736 1336 3801 valeas
1364 3746 1447 3814 et,
1484 3738 1553 3802 si
1567 3738 1830 3816 valebis,
1847 3760 2002 3803 cum
2028 3748 2203 3805 recte
2225 3735 2505 3824 navigari

453 3822 715 3907 poterit,
767 3836 934 3891 tum.
960 3827 1248 3915 naviges.
1335 3828 1569 3897 Cicero
1612 3853 1795 3898 meus
1832 3833 1913 3897 in
1958 3832 2310 3909 Formiano
2362 3842 2503 3907 erat,

453 3914 756 3979 Terentia
789 3928 856 3982 et
888 3921 1105 3987 Tullia
1139 3924 1406 3989 Romae.
1488 3946 1663 4004 cura,
1697 3936 1772 3993 ut
1806 3926 2042 3991 valeas.
2112 3948 2226 3991 tm.
2264 3925 2352 3990 K.
2388 3925 2503 3989 Fe-

453 4004 666 4070 bruar.
705 4006 950 4095 Capua.
1131 4036 1134 4039 ’
