2675 4559
791 268 1350 327 EPISTULARUM
1383 270 1461 327 11.
1497 272 1546 326 6.
1570 271 1618 325 ’1.
2152 260 2236 325 31

167 422 356 465 scam
389 394 592 463 fuisse
625 394 698 461 in
731 394 924 461 laude
959 414 1134 469 mea,
1179 392 1292 476 qui
1324 391 1524 458 fueris
1558 392 1625 457 in
1662 392 1887 459 salute.
1975 416 2127 481 ego,
2171 396 2241 463 ni
2274 413 2302 455 s

165 506 236 561 te
279 491 510 557 videre
555 490 814 567 scirem,
867 510 1014 554 eum
1059 487 1144 553 ad
1186 497 1252 553 te
1295 486 1457 553 haec
1502 487 1875 565 scriberem,
1917 501 2242 575 ‘quantum

165 588 376 655 officii
421 584 833 663 sustinerem,
889 594 1130 668 quanto
1173 603 1367 669 opere
1408 581 1567 648 mihi
1602 594 1769 651 esset
1808 582 1879 653 in
1913 586 2035 652 hac
2078 588 2242 673 peti-

163 684 350 747 tione
385 679 654 747 Milonis
690 678 867 745 omni
897 699 1028 743 non
1061 676 1255 743 modo
1291 677 1724 756 contentione,
1768 679 1883 746 sed
1916 681 2109 749 etiam
2144 682 2242 747 di-

165 774 522 842 micatione
541 773 1021 850 elaborandum,
1040 772 1233 858 plura-
1247 773 1621 839 scriberem:
1648 794 1825 839 nuuc
1846 774 1967 841 tibi
1984 797 2241 843 omnem

165 894 314 937 rem
351 880 548 954 atque
585 888 850 935 causam
884 888 1116 953 meque
1151 878 1361 933 totum
1397 867 1773 935 commendo
1808 880 2001 953 atque
2036 871 2239 939 trado.

171 987 382 1031 unum
417 964 544 1029 hoc
589 963 684 1029 sic
726 962 990 1029 habeto:
1047 961 1102 1027 si
1137 984 1180 1025 a
1211 972 1275 1027 te
1318 962 1489 1027 hanc
1530 983 1667 1029 rem
1706 962 2084 1049 impetrato,
2135 988 2239 1033 me

167 1082 384 1146 paene
428 1059 578 1145 plus
622 1057 742 1123 tibi
783 1076 980 1142 quam
1019 1055 1145 1143 ipsi
1177 1056 1412 1123 Miloni
1457 1055 1852 1135 debiturum3
1896 1080 2029 1123 non
2071 1060 2242 1125 enim

169 1153 336 1219 mihi
374 1164 510 1217 tam
543 1174 691 1218 mea
736 1153 907 1217 salus
943 1172 1092 1217 cara
1125 1150 1276 1228 fuit,
1321 1151 1391 1216 in
1423 1172 1553 1235 qua
1594 1150 1941 1237 praecipue
1976 1174 2123 1218 sum
2156 1152 2240 1217 ab

167 1249 284 1313 illo
319 1246 604 1324 adiutus,
639 1267 834 1330 qnam
867 1245 1074 1332 pietas
1101 1246 1222 1311 erit
1245 1245 1312 1309 in
1336 1244 1674 1311 referenda
1696 1244 1907 1332 grstia
1927 1246 2238 1325 iucunda3

167 1366 322 1409 eam
361 1353 582 1409 autem
613 1340 804 1409 unius
839 1338 936 1405 tui
969 1339 1179 1405 studio
1213 1362 1318 1407 me
1354 1339 1623 1424 adsequi
1656 1362 1845 1427 posse
1882 1340 2152 1408 confido.

1141 1576 1272 1633 vn.

169 1683 295 1739 Ser.
327 1680 392 1737 in
415 1680 615 1738 casu-is
644 1680 718 1735 ad
743 1679 1136 1747 Pindenissum
1155 1665 1204 1733 'a.
1227 1679 1280 1733 d.
1309 1676 1620 1734 X1V.Ka1.
1650 1680 1873 1737 Ianuar.
1894 1697 1944 1736 a.
1973 1699 2028 1737 u.
2049 1699 2097 1739 ο.
2119 1683 2237 1739 ¹103.

307 1784 388 1839 M.
427 1782 704 1843 CICERO
739 1780 1050 1839 PROOOS.
1091 1780 1147 1839 s.
1185 1780 1258 1839 D.
1296 1780 1359 1839 ο.
1397 1779 1718 1837 onmem
1753 1780 1955 1838 TRIB.
1991 1784 2109 1839 PL.

309 1907 482 1974 Sera
529 1906 870 1993 gratulatio
919 1902 1302 1991 reprehendi
1352 1924 1483 1969 non
1526 1904 1716 1982 solet,
1768 1907 2145 1992 praesertim
2186 1908 2241 1974 si
2276 1924 2301 1962 1

169 2002 361 2069 nulla
401 2002 810 2088 neglegentia
857 2000 1312 2087 praetermissa
1352 2010 1480 2076 est3
1534 1998 1729 2086 longe
1774 2002 1945 2067 enim
1988 2003 2238 2081 abstun,

171 2096 378 2163 audio
414 2116 577 2163 sero.
664 2096 779 2162 sed
813 2095 930 2160 tibi
965 2105 1029 2161 et
1061 2095 1349 2181 gratulor
1382 2105 1467 2171 et,
1502 2104 1577 2159 ut
1610 2096 2033 2181 sempiternae
2066 2098 2243 2165 laudi

169 2191 298 2257 tibi
353 2191 436 2256 sit
479 2191 598 2257 iste
642 2190 1033 2268 tribunatus,
1088 2201 1322 2275 exopto
1350 2199 1562 2273 teque
1607 2190 1853 2269 hortor,
1906 2204 1981 2257 ut
2028 2194 2244 2261 omnia

172 2286 506 2372 gubernes
543 2295 607 2351 et
640 2284 968 2350 moderere
1001 2284 1344 2370 prudentia
1377 2293 1509 2360 tua,
1544 2306 1627 2349 ne
1660 2295 1724 2350 te
1760 2285 2054 2353 auferant
2086 2289 2245 2355 alio-

171 2402 324 2445 rum
363 2378 655 2445 consiliat
700 2400 890 2444 nemo
927 2388 1024 2445 est
1057 2377 1168 2461 qui
1203 2378 1322 2445 tibi
1356 2378 1701 2465 sapientius
1736 2380 2005 2448 suadere
2039 2383 2244 2468 possit

173 2485 240 2539 te
275 2474 454 2560 ips03
495 2494 850 2557 numquam
895 2472 1140 2549 labere,
1189 2471 1242 2535 si
1276 2481 1343 2537 te
1378 2470 1619 2539 audies.
1708 2493 1839 2539 non
1874 2476 2082 2540 scribo
2117 2477 2241 2542 hoc

173 2581 422 2635 temere
433 2592 454 2644 3
491 2567 595 2633 cui
622 2566 915 2644 scribam,
952 2566 1140 2632 video
1152 2590 1170 2644 3
1205 2566 1361 2631 novi
1388 2566 1693 2644 animum,
1726 2568 1878 2633 novi
1906 2570 2241 2637 consilium

171 2676 398 2741 tuum3
452 2683 581 2726 non
616 2682 840 2728 vereor
873 2684 955 2728 ne
990 2662 1148 2746 quid
1183 2660 1432 2738 timide,
1478 2684 1559 2729 ne
1600 2661 1756 2745 quid
1792 2663 1985 2728 stulte
2018 2663 2240 2742 facias,

175 2758 232 2823 si
265 2780 353 2825 ea
387 2756 715 2833 defendes,
751 2777 916 2841 quae
949 2757 1088 2841 ipse
1119 2768 1298 2822 recta
1331 2776 1473 2822 esse
1508 2756 1762 2822 senties.
1837 2756 2013 2840 quod
2046 2760 2113 2823 in
2148 2760 2241 2825 rei
2274 2770 2301 2809 ²

173 2852 482 2939 publicae
507 2863 758 2937 tempus
784 2872 914 2915 non
943 2850 1259 2928 incideris,
1297 2850 1411 2916 sed
1438 2849 1688 2917 veneris
1705 2850 2045 2917 ——iudicio
2070 2852 2241 2921 enim

173 2960 312 3024 tuo,
349 2966 482 3010 non
517 2966 674 3011 casu
707 2944 774 3009 in
807 2945 1020 3030 ipsum
1057 2944 1395 3010 discrimen
1431 2966 1646 3011 rerum
1682 2946 2007 3012 contulisti
2038 2947 2243 3013 tribu-

171 3052 404 3106 natum
439 3050 626 3105 tunm
657 3076 764 3117 ——‚
799 3039 1088 3125 profecto
1122 3038 1300 3105 vides
1311 3063 1331 3117 3
1369 3050 1609 3122 quanta
1642 3040 1740 3105 vis
1774 3040 1843 3107 in
1876 3064 1948 3107 re
1981 3042 2242 3128 publica

173 3146 548 3220 temporum
576 3134 677 3211 sit,
705 3145 947 3219 quanta
974 3132 1248 3199 varietas
1273 3154 1510 3211 rerum,
1542 3155 1737 3218 quam
1761 3135 1985 3201 incerti
2010 3136 2239 3215 exitus,

171 3250 378 3313 quam
430 3228 742 3294 flexibiles
794 3228 1122 3293 hominum
1175 3226 1567 3304 voluntates,
1626 3227 1785 3310 quid
1841 3228 2239 3306 insidiarum,

173 3322 338 3407 qnid
390 3322 690 3387 vanitatis
741 3322 808 3386 in
857 3322 1021 3398 vita,
1075 3341 1204 3385 non
1257 3319 1485 3384 dubito
1539 3320 1693 3403 quin
1746 3321 2007 3406 cogites.
2107 3320 2241 3399 sed,

175 3414 416 3481 amabo
461 3427 555 3493 te,
608 3437 762 3481 cura
796 3427 861 3481 et
895 3416 1108 3503 cogita
1139 3450 1228 3462 —-
1260 3412 1421 3479 nihil
1452 3413 1635 3491 novi,
1690 3414 1804 3480 sed
1843 3412 2004 3479 illud
2048 3414 2240 3493 idem,

173 3510 356 3594 quod
399 3509 584 3575 initio
631 3511 882 3595 scripsi:
936 3520 1150 3576 tecum
1193 3510 1487 3595 loquere,
1532 3519 1599 3574 te
1646 3508 1879 3575 adhibe
1923 3508 1991 3574 in
2035 3510 2243 3577 consi-

175 3603 360 3681 lium,
395 3614 462 3669 te
498 3602 670 3682 audi,
705 3604 821 3669 tibi
856 3604 1251 3690 obtempera:
1289 3604 1473 3669 alteri
1508 3601 1619 3689 qui
1652 3604 1879 3671 melius
1906 3604 2243 3671 consilium

177 3698 334 3763 dare
367 3697 576 3783 possit
605 3718 802 3781 quam
837 3708 928 3774 tu,
963 3720 1094 3763 non
1129 3698 1318 3765 facile
1352 3698 1627 3765 inveniri
1662 3710 1901 3785 potest3
1937 3699 2052 3763 tibi
2088 3716 2241 3764 vero

175 3790 302 3877 ipsi
336 3802 512 3857 certe
545 3812 736 3857 nemo
771 3793 994 3859 melius
1024 3791 1220 3857 dabit.
1275 3791 1339 3856 di
1376 3792 1772 3858 inmortales!
1810 3814 1925 3857 cur
1958 3810 2083 3875 ego
2114 3811 2241 3855 non

179 3885 414 3951 adsum
465 3885 570 3952 vel
622 3897 938 3972 spectator
989 3886 1256 3952 laudum
1308 3898 1564 3953 tuarum
1612 3888 1716 3953 vel
1768 3885 2086 3973 particeps
2138 3883 2241 3949 vel

179 3980 394 4045 socius
430 3980 536 4046 vel
569 3979 859 4047 minister
893 3980 1340 4047 consiliorum?
1382 3980 1638 4045 tametsi
1672 3980 1795 4045 hoc
1828 3978 2090 4045 minime
2124 3976 2243 4043 tibi

179 4072 392 4151 deest,
437 4074 556 4141 sed
599 4084 814 4141 tamen
848 4074 1132 4143 efficeret
1173 4072 1553 4162 magnitudo
1588 4084 1654 4141 et
1688 4073 1787 4140 vis
1822 4073 2057 4141 amoris
2092 4072 2240 4148 mei,
