2675 4559
505 216 636 281 460
1119 230 1200 285 M.
1237 228 1515 287 TULLII
1546 228 1945 287 CICERONIS

501 352 692 419 valde
726 352 1024 438 probavi,
1068 353 1245 437 quod
1277 365 1343 419 et
1386 353 1604 439 ampla
1646 365 1829 419 erant
1860 364 1925 418 et
1964 353 2113 419 loco
2148 354 2372 441 posita,
2414 378 2526 420 am-

503 445 848 513 bulationis
883 468 1012 511 uno
1047 446 1278 523 latere,
1315 469 1423 525 eo,
1458 447 1635 531 quod
1668 459 1767 513 est
1800 448 2171 533 proximum
2204 448 2523 514 balneariis.

505 541 834 607 columnas
875 562 1090 626 neque
1132 553 1340 607 rectas
1384 562 1595 626 neque
1628 565 1667 608 e
1700 543 1962 628 regione
1998 540 2306 628 Diphilus
2344 543 2527 607 conlo·

503 636 730 701 carati
751 658 864 701 eas
897 636 1140 702 scilicet
1173 635 1581 713 demolietur3
1626 636 1971 721 aliquando
2008 636 2451 723 perpendiculo
2480 650 2530 701 et

502 728 674 795 linea
723 729 927 795 discet
975 728 1091 795 uti.
1189 729 1451 795 omnino
1504 750 1691 816 spero
1742 729 1965 816 paucis
2018 729 2350 796 mensibus
2394 752 2529 816 opus

501 820 754 908 Diphili
796 823 1156 910 perfectum
1197 824 1369 903 fore3
1422 835 1607 891 curat
1648 825 1823 889 enim
1862 824 2351 911 diligentissime
2392 820 2532 889 Cae-

503 917 660 994 sius,
695 918 810 1002 qui
842 930 984 985 tum
1018 940 1272 985 mecum
1305 918 1449 983 fuit.

435 1022 472 1077 2
633 1010 742 1079 Ex
775 1035 854 1079 eo
886 1014 1031 1080 loco
1066 1025 1242 1079 recta
1267 1012 1591 1080 Vitularia
1624 1012 1731 1077 via
1763 1012 2039 1099 profecti
2074 1036 2301 1079 sumus
2334 1012 2398 1077 in
2427 1012 2535 1077 Fu-

445 1096 472 1137 ³
505 1106 812 1171 fidianum
865 1107 1170 1185 fundum,
1222 1129 1417 1193 quem
1468 1106 1588 1171 tibi
1630 1108 1935 1193 proximis
1981 1108 2297 1174 nundinis
2339 1106 2533 1191 Arpini

505 1203 588 1269 de
619 1202 876 1269 Fufidio
921 1202 1066 1270 HS.
1113 1225 1395 1269 coemes.
1435 1224 1815 1269 emeramus.
1900 1225 2027 1289 ego
2070 1204 2289 1268 locum
2330 1210 2532 1268 aestate

505 1296 968 1363 umbrosiorem
1003 1296 1135 1361 vidi
1167 1317 1553 1380 numquam3
1588 1296 1920 1383 permultis
1951 1298 2119 1363 locis
2154 1318 2386 1381 aquam
2416 1314 2533 1380 pro·

503 1390 829 1468 fluentem,
865 1402 932 1457 et
965 1414 1108 1456 eam
1143 1392 1429 1457 uberem.
1500 1392 1657 1476 quid
1690 1392 1987 1475 quaeris?
2047 1393 2280 1479 iugera
2310 1413 2366 1455 L.
2398 1388 2532 1476 prati

506 1480 778 1549 Caesius
811 1484 1238 1572 inrigaturum
1272 1484 1463 1551 facile
1494 1498 1560 1551 te
1586 1485 2037 1551 arbitrabatur.
2096 1484 2393 1569 equidem
2418 1483 2532 1557 hoo,

504 1577 680 1661 quod
711 1578 940 1645 melius
973 1580 1278 1666 intellego
1292 1627 1312 1658 ,
1358 1579 1655 1657 adfirmo,
1698 1579 1969 1645 mirifica
2002 1580 2325 1645 suavitate
2358 1590 2409 1642 te
2438 1575 2530 1640 vil-

504 1672 638 1737 lam
671 1671 1071 1752 habiturum,
1121 1674 1369 1760 piscina
1400 1685 1467 1739 et
1508 1673 1885 1739 salientibus
1930 1673 2200 1751 additis,
2253 1672 2531 1759 palaestra

505 1779 572 1833 et
603 1768 768 1835 silva
799 1772 836 1851 †
870 1769 1200 1837 virdicata.
1286 1768 1561 1834 fundum
1605 1769 1800 1835 audio
1834 1780 1899 1835 te
1944 1768 2125 1835 hunc
2156 1766 2528 1834 Bovillanum

503 1862 668 1929 velle
703 1863 994 1931 retinere.
1047 1864 1130 1931 de
1165 1886 1243 1931 eo
1277 1864 1437 1948 quid
1471 1862 1785 1941 videatur,
1818 1862 1961 1949 ipse
1988 1862 2359 1929 constitues.
2408 1856 2529 1925 Cal·-

504 1978 626 2021 vus
661 1957 873 2025 aiebat
907 1980 1079 2043 aqua
1111 1958 1375 2044 dempta
1408 1969 1475 2023 et
1516 1957 1657 2025 eius
1691 1978 1897 2041 aquae
1942 1957 2089 2023 iure
2125 1954 2451 2023 constituto
2478 1960 2527 2015 et

505 2052 810 2117 servitute
851 2052 1054 2120 fundo
1097 2052 1192 2117 illi
1241 2052 1521 2139 inposita
1562 2063 1779 2118 tamen
1822 2073 1941 2117 nos
1988 2051 2272 2138 pretium
2310 2066 2527 2115 servare

503 2166 719 2229 posse,
765 2145 820 2210 si
864 2146 1139 2213 vendere
1184 2148 1515 2213 vellemus.
1599 2144 1991 2211 Mescidium
2036 2168 2296 2213 mecum
2336 2138 2525 2207 habui:
2621 2188 2622 2234 ἦ

501 2238 556 2301 is
591 2259 662 2303 se
695 2240 893 2303 tennis
927 2241 1205 2308 nummis
1239 2241 1310 2307 in
1342 2240 1577 2327 pedem
1610 2248 1824 2305 tecum
1858 2242 2255 2327 transegisse
2292 2234 2523 2307 dicebat,

502 2352 643 2395 sese
676 2342 894 2396 autem
927 2355 1224 2401 mensum
1257 2335 1535 2421 pedibus
1568 2335 1782 2401 aiebat
1822 2356 2137 2420 passuum
2165 2352 2354 2401 mem.
2398 2324 2522 2394 mihi

501 2426 648 2512 plus
681 2425 891 2491 visum
925 2438 1052 2505 est;
1085 2428 1204 2495 sed
1236 2430 1578 2516 praestabo
1614 2441 1945 2515 sumptum
1980 2452 2303 2515 nusquam
2334 2423 2523 2493 melius

502 2542 692 2606 posse
725 2522 898 2607 poni.
987 2520 1308 2589 Cillonem
1342 2524 1756 2591 arcessieram
1795 2525 2113 2603 Venafr03
2164 2524 2279 2590 sed
2312 2543 2382 2587 eo
2411 2519 2519 2603 ipso

504 2614 608 2681 die
643 2626 944 2701 quattuor
978 2618 1116 2685 eius
1152 2640 1496 2685 conservos
1522 2632 1588 2685 et
1620 2620 1967 2706 discipulos
1994 2619 2269 2687 Venafri
2302 2612 2518 2683 cunicu-

440 2736 470 2775 4
502 2709 602 2777 lus
640 2724 1060 2797 oppresserat.
1148 2714 1376 2780 Idibus
1412 2713 1777 2801 Septembr.
1812 2715 1881 2780 in
1916 2715 2187 2780 Laterio
2222 2712 2341 2777 fui:
2381 2706 2518 2771 viam

499 2807 818 2889 perspexi,
853 2828 1020 2890 quae
1053 2807 1214 2873 mihi
1245 2808 1336 2874 ita
1368 2808 1634 2895 placuit,
1664 2821 1741 2874 ut
1765 2832 1929 2895 opus
1954 2808 2288 2895 publicum
2313 2801 2517 2870 videre·

500 2909 604 2961 tur
639 2920 800 2977 esse,
831 2913 1088 2984 praeter
1113 2924 1208 2967 σι..
1246 2924 1554 2989 passuum
1566 2926 1585 2980 3
1622 2924 1769 2969 sum
1802 2903 1973 2968 enim
2006 2904 2149 2989 ipse
2184 2918 2425 2966 mensus
2452 2889 2516 2955 ab

502 3012 580 3057 eo
624 2992 980 3078 ponticulo,
1027 2996 1139 3080 qui
1173 3008 1272 3063 est
1315 2996 1399 3063 ad
1432 2996 1743 3074 Furinae,
1780 2995 2106 3063 Satricum
2151 3014 2384 3062 versus·
2457 3004 2513 3049 2⁰
2617 2992 2618 3077 J

499 3085 642 3152 loco
686 3088 926 3171 pulvis,
969 3110 1102 3155 non
1146 3092 1368 3176 glarea
1408 3090 1642 3157 iniecta
1684 3102 1813 3167 est,
1857 3101 1923 3156 et
1954 3091 2332 3164 mutabitur,
2372 3092 2429 3148 et
2456 3098 2515 3143 ea
2617 3080 2618 3097 ¹

499 3179 644 3247 viae
677 3204 828 3267 pars
863 3180 1052 3251 valde
1087 3183 1355 3251 adclivis
1390 3197 1490 3251 est
1496 3210 1516 3264 3
1552 3186 1669 3257 sed
1705 3186 1989 3252 intellexi
2024 3186 2211 3252 aliter
2242 3179 2381 3247 duci
2411 3192 2511 3240 non

498 3276 812 3360 potuisse,
863 3279 1240 3363 praesertim
1283 3301 1434 3345 cum
1476 3291 1548 3345 tu
1582 3302 1795 3364 neque
1836 3302 1953 3365 per
1987 3280 2309 3345 Locustae
2339 3286 2511 3352 neque

488 3391 609 3455 per
642 3369 949 3437 Varronis
983 3373 1180 3439 velles
1226 3372 1481 3441 ducere.
1571 3378 1606 3456 †
1641 3374 1958 3442 Veluinus
1992 3386 2143 3441 ante
2176 3393 2356 3441 suum
2392 3364 2508 3430 fun·
2615 3422 2616 3451 y

501 3460 655 3527 dum
699 3485 900 3551 prope
943 3466 1286 3545 munierat3
1332 3466 1621 3533 Locusta
1654 3490 1785 3533 non
1820 3469 2148 3555 attigerat3
2192 3486 2375 3552 quem
2412 3472 2509 3540 08⁰
2615 3464 2616 3528 ἶ

499 3557 745 3625 Romae
779 3560 1120 3647 adgrediar
1153 3573 1246 3639 et,
1299 3574 1376 3627 ut
1409 3562 1708 3640 arbitror,
1766 3566 2217 3642 commovebo,
2265 3571 2325 3627 et
2354 3546 2504 3621 simul

497 3652 595 3717 M.
616 3652 926 3735 Taurum,
961 3679 1156 3741 quem
1181 3658 1301 3725 tibi
1335 3659 1529 3725 audio
1556 3660 1943 3745 promisisse,
1980 3660 2093 3745 qui
2117 3679 2285 3726 nunc
2300 3653 2505 3721 Romae

437 3768 465 3807 ⁵
501 3758 666 3824 erat,
713 3749 794 3815 de
828 3773 997 3835 aqua
1039 3776 1154 3838 per
1195 3752 1473 3819 fundum
1506 3753 1645 3820 eius
1680 3754 1978 3821 ducenda
2012 3754 2269 3841 rogabo.
2346 3741 2501 3811 Moe-
2612 3800 2614 3835 ᾗ

497 3841 801 3924 phorum,
838 3846 1097 3913 vilicum
1131 3858 1343 3925 tuum,
1390 3871 1545 3914 sane
1578 3849 1849 3935 probavi
1884 3850 2291 3935 quaesivique
2320 3862 2393 3908 ex
2422 3852 2499 3907 00,
2612 3884 2614 3911 .

497 3936 729 4013 ecquid
763 3938 821 4002 ei
857 3940 938 4004 de
973 3941 1082 4007 illa
1115 3942 1671 4009 aedificatiuncula
1709 3944 1954 4011 Laterii
1967 3994 1985 4023 ,
2022 3945 2104 4011 de
2138 3964 2261 4028 qua
2288 3946 2497 4003 mecum
2612 3934 2614 3957 ⁴

498 4023 748 4091 ¹00¹¹¹⁵¹²⁵
785 4053 880 4107 es,
919 4035 1387 4104 mandavisses:
1422 4047 1563 4103 tum
1588 4037 1644 4106 is
1687 4039 1845 4105 mihi
1878 4038 2202 4128 respondit
2232 4056 2295 4101 se
2324 4030 2497 4116 ipwm
2610 4100 2612 4125 2

2610 4274 2612 4392 i

2600 4476 2610 4492 ,1
