2675 4559
806 276 1362 353 EPISTQLARUM
1394 280 1465 337 v.
1503 282 1726 337 10—12.
2164 272 2289 338 101

221 399 478 479 scribis,
522 397 712 467 brevi
754 400 1084 489 capientur
1126 412 1191 468 et
1233 403 1664 471 inlustrabunt
1703 428 1807 472 res
1851 414 1997 473 tuas
2040 418 2288 494 gestas3

220 516 480 581 semper
513 495 690 561 enim
724 494 926 561 habiti
961 508 1112 562 sunt
1147 496 1453 563 bellicosi.

1188 732 1324 789 XII.

635 832 756 891 Ser.
775 833 835 889 in
849 834 1116 907 Arpinati
1131 831 1322 891 mense
1342 836 1528 907 Aprili
1547 854 1599 893 a.
1618 854 1673 892 u.
1694 854 1743 893 c.
1764 838 1883 895 698.

615 936 694 1029 Μ.
733 935 1009 993 CICERO
1045 936 1103 993 S.
1139 938 1214 993 D.
1247 938 1318 995 L.
1356 938 1689 995 LUCCEIO
1726 938 1797 1005 Q.
1830 940 1898 995 F.

349 1056 600 1125 Coram
629 1082 736 1125 me
771 1069 986 1125 tecum
1021 1061 1248 1127 eadem
1289 1060 1453 1127 haec
1488 1083 1681 1147 agere
1718 1084 1911 1160 saepe
1948 1074 2287 1131 conantem

217 1152 534 1219 deterruit
587 1152 797 1240 pudor
848 1152 1111 1238 quidam
1163 1176 1369 1241 paene
1413 1149 1843 1234 subrusticus,
1896 1178 2065 1241 quae
2116 1180 2290 1225 nunc

218 1268 602 1334 expromam
636 1247 870 1315 absens
905 1248 1242 1328 audacius3
1277 1249 1547 1337 epistola
1580 1252 1753 1317 enim
1784 1274 1917 1317 non
1950 1252 2287 1321 erubescit.

215 1343 419 1409 ardeo
453 1341 804 1429 cupiditate
837 1342 1198 1411 incredibili
1219 1366 1453 1430 neque,
1486 1358 1561 1412 ut
1594 1368 1717 1434 ego
1745 1348 2037 1427 arbitror,
2070 1370 2289 1435 repre-

214 1436 586 1513 hendenda,
619 1458 856 1504 nomen
889 1448 964 1505 ut
997 1449 1286 1505 nostrum
1321 1440 1573 1527 scriptis
1615 1442 1989 1509 inlustretur
2021 1453 2086 1509 et
2122 1444 2287 1509 cele·-

213 1531 446 1597 bretur
481 1530 643 1608 tuis3
678 1532 854 1616 quod
879 1533 998 1599 etsi
1031 1532 1192 1597 mihi
1225 1556 1417 1619 saepe
1446 1534 1780 1600 ostendisti
1812 1547 1877 1601 te
1905 1559 2045 1602 esse
2079 1536 2289 1603 factu-

213 1646 388 1702 rum,
422 1634 642 1691 tamen
675 1625 974 1712 ignoscas
1003 1626 1196 1693 velim
1221 1626 1375 1692 huic
1408 1626 1800 1693 festinationi
1824 1651 2025 1695 meae.
2080 1653 2285 1715 genus

216 1717 396 1783 enim
431 1719 816 1805 scriptorum
849 1732 1106 1787 tuorum
1137 1721 1258 1786 etsi
1286 1731 1424 1785 erat
1451 1740 1707 1807 semper
1737 1744 1779 1786 a
1810 1744 1916 1787 me
1943 1722 2285 1789 vehemen-

215 1824 318 1879 ter
351 1825 820 1898 exspectatum,
855 1826 1072 1881 tamen
1105 1814 1260 1879 v‘icit
1288 1812 1657 1900 opinionem
1689 1836 1903 1879 meam
1928 1836 2160 1899 meque
2194 1816 2286 1883 ita

216 1910 321 1975 vel
359 1908 535 1995 cepit
580 1910 682 1975 vel
723 1909 1038 1989 incendit,
1081 1922 1156 1976 ut
1197 1930 1502 1995 cuperem
1550 1932 1747 1995 quam
1788 1912 2140 1977 celerrume
2183 1934 2285 1977 res

213 2014 472 2068 nostras
525 2003 932 2069 monimentis
983 2004 1419 2070 commendari
1468 2004 1626 2082 tuis;
1695 2025 1907 2089 neque
1956 2005 2131 2070 enim
2179 2028 2283 2071 me

213 2096 430 2163 solum
468 2098 988 2163 commemoratio
1033 2098 1421 2184 posteritatis
1467 2098 1551 2163 ad
1596 2121 1779 2185 spem
1821 2099 2145 2185 quandam
2186 2101 2285 2166 in-

211 2190 624 2257 mortalitatis
657 2192 854 2277 rapit,
901 2194 1016 2258 sed
1051 2193 1245 2259 etiam
1275 2193 1387 2259 illa
1423 2192 1739 2280 cupiditas
1753 2240 1773 2271 ,
1816 2204 1891 2259 ut
1925 2194 2029 2260 vel
2064 2206 2285 2261 aucto-

211 2284 406 2351 ritate
431 2284 778 2351 testimonii
803 2285 900 2351 tui
927 2288 1032 2353 vel
1055 2286 1294 2351 indicio
1319 2286 1806 2356 benevolentiae
1834 2288 1937 2355 vel
1966 2289 2281 2355 suavitate

209 2378 464 2467 ingenii
499 2379 631 2443 vivi
672 2380 1096 2465 perfruamur.
1185 2403 1395 2465 neque
1439 2393 1686 2461 tamen,
1742 2382 1901 2450 haec
1946 2406 2093 2449 cum
2130 2384 2284 2449 scri-

211 2474 478 2551 bebam,
513 2496 691 2539 eram
725 2474 999 2553 nescius,
1035 2476 1291 2559 quantis
1329 2477 1631 2543 oneribus
1665 2498 2027 2563 premerere
2064 2500 2283 2544 susce-

213 2578 482 2654 ptarum
530 2590 746 2633 rerum
797 2579 864 2633 et
911 2570 1044 2634 iam
1093 2568 1557 2647 institutarum3
1612 2570 1728 2637 sed
1778 2570 1932 2655 quia
1982 2571 2278 2637 videbam

209 2662 430 2729 Italici
475 2662 630 2728 belli
664 2672 729 2727 et
761 2662 964 2729 civilis
1013 2664 1343 2747 historiam
1380 2664 1511 2730 iam
1546 2686 1587 2728 a
1620 2675 1687 2731 te
1720 2686 1927 2749 paene
1962 2686 2103 2730 esse
2136 2687 2283 2750 per-

211 2756 480 2832 fectam,
516 2755 768 2821 dixeras
803 2768 1018 2823 autem
1053 2756 1214 2822 mihi
1245 2768 1310 2823 te
1344 2757 1623 2842 reliquas
1658 2780 1761 2823 res
1797 2756 2023 2833 ordiri,
2059 2758 2281 2823 deesse

213 2851 378 2917 mihi
409 2850 612 2927 nolui,
647 2850 804 2934 quin
838 2862 900 2917 te
935 2851 1347 2918 admonerem
1379 2863 1452 2917 ut
1488 2852 1823 2938 cogitares,
1860 2850 2281 2917 coniunctene

217 2946 446 3011 malles
482 2967 630 3010 cum
663 2945 922 3030 reliquis
965 2947 1160 3011 rebus
1193 2958 1417 3013 nostra
1449 2959 1793 3015 contexere
1828 2970 1911 3012 an
1925 2994 1945 3025 ,
1988 2958 2062 3013 ut
2095 2946 2281 3013 multi

215 3038 464 3107 Graeci
496 3038 806 3116 fecerunt,
844 3037 1272 3107 Callisthenes
1289 3040 1650 3107 Phocicum
1675 3042 1939 3119 bellum,
1975 3042 2281 3108 Timaeus

209 3132 489 3219 Pyrrhi,
532 3131 846 3217 Polybius
890 3133 956 3199 N
955 3134 1407 3209 umanti‘num,'
1444 3134 1555 3217 qui
1598 3156 1820 3199 omnes
1865 3158 1905 3197 a
1956 3136 2281 3219 perpetuis

211 3226 356 3292 suis
387 3226 670 3291 historiis
697 3249 794 3305 ea,
831 3248 997 3311 quae
1024 3226 1178 3303 dixi,
1215 3227 1385 3292 bella
1412 3237 1891 3311 separaverunt,
1924 3238 1997 3290 tu
2022 3248 2307 3310 quoque.

211 3321 376 3385 item
441 3319 696 3385 civilem
757 3320 1259 3386 coniurationem
1319 3320 1404 3385 ab
1474 3319 1815 3385 hostilibus
1877 3320 2283 3403 externisque

213 3414 406 3479 bellis
443 3413 832 3500 seiungeres.
887 3413 1186 3499 equidem
1221 3413 1306 3479 ad
1338 3424 1624 3479 nostram
1657 3413 1917 3481 laudem
1950 3434 2081 3478 non
2116 3414 2283 3481 mul-

215 3520 360 3573 tum
393 3507 584 3573 video
623 3509 930 3575 interesse
943 3555 964 3584 ,
1007 3508 1124 3573 sed
1169 3508 1254 3573 ad
1296 3508 1811 3595 properationem
1846 3530 2059 3575 meam
2094 3507 2283 3593 quid·-

215 3602 372 3667 dam
405 3600 672 3667 interest
695 3624 827 3667 non
861 3613 926 3668 te
954 3613 1345 3687 exspectare,
1383 3603 1539 3668 dum
1566 3602 1651 3669 ad
1685 3602 1901 3669 locum
1926 3602 2169 3679 venias,
2206 3625 2283 3667 ac

215 3695 438 3761 statim
473 3718 736 3761 causam
767 3695 944 3761 illam
977 3706 1180 3761 totam
1213 3708 1279 3762 et
1311 3708 1565 3783 tempus
1603 3696 1901 3783 arripere.
1972 3707 2036 3762 et
2070 3696 2281 3771 simul,

215 3789 272 3855 si
317 3810 458 3855 uno
496 3790 567 3856 in
613 3800 992 3877 argumento
1033 3812 1292 3876 unaque
1342 3792 1411 3857 in
1452 3812 1727 3877 persona
1770 3812 1949 3857 mens
1994 3799 2107 3853 tua
2148 3798 2283 3853 tota

217 3882 606 3961 versabitur,
636 3906 826 3951 cerno
851 3886 982 3951 iam
1010 3886 1242 3961 animo,
1261 3896 1502 3970 quanto
1524 3885 1741 3950 omnia
1766 3882 2064 3948 uberiora
2088 3890 2281 3965 atque

217 3978 548 4045 ornatiora
579 3978 800 4045 futura
833 3978 978 4045 sint.
1065 4000 1278 4063 neque
1312 3990 1529 4043 tamen
1562 3978 1821 4063 ignoro,
1864 3998 2061 4060 quam
2091 3975 2283 4063 inpu-

217 4074 450 4159 denter
492 4070 758 4151 faciam,
811 4073 924 4159 qui
968 4073 1248 4159 primum
1290 4072 1409 4137 tibi
1442 4081 1692 4137 tantum
1727 4072 1935 4137 oneris
1978 4070 2283 4157 inponam

2324 1094 2348 1133 1
