2675 4559
543 219 669 286 136
1157 227 1232 281 Μ.
1270 224 1545 283 TULLII
1580 225 1981 285 OIGERONIS

537 368 608 424 et
656 369 800 422 tuos
843 352 1255 440 magistratus
1307 351 1376 416 in
1417 351 1564 437 ipsa
1605 351 1969 418 discrimina
2015 352 2305 419 incidisse
2352 354 2529 419 salutis

541 452 1068 532 formam-umque
1102 446 1542 514 communium
1570 457 1641 513 et
1670 447 1739 512 in
1769 444 1895 513 hoc
1924 447 2142 534 ipsum
2172 447 2396 514 bellum
2423 470 2529 513 esse

540 548 920 632 ingressum,
950 563 1086 609 non
1119 543 1356 621 solum,
1389 553 1465 607 ut
1497 541 1700 608 victor
1732 542 1988 620 beatus,
2023 543 2139 609 sed
2173 543 2354 608 etiam
2380 553 2464 618 ut,
2491 543 2530 607 si

478 659 507 699 5
536 640 629 706 ita
664 639 1016 716 accidisset,
1047 637 1258 704 victus
1294 637 1550 722 sapiens
1585 658 1777 704 esses.
1837 638 2091 715 deinde,
2124 659 2273 703 cun
2301 636 2529 703 sardium

537 746 720 800 tuum
757 751 1095 800 consumas
1130 731 1199 797 in
1232 732 1513 796 virorum
1549 731 1811 799 fortium
1840 731 2031 798 factis
2060 733 2392 799 memmiae
2418 753 2528 818 pro·

540 828 763 893 dendis
776 875 794 905 ,
847 826 1249 893 considerare
1285 825 1481 891 debes
1516 824 1674 890 nihil
1709 824 1827 890 tibi
1859 847 2002 892 esse
2046 826 2527 900 committendum,

539 944 735 1006 quam
784 920 870 985 ob
909 943 1048 986 rem
1100 941 1350 995 eorum,
1404 940 1565 1003 quos
1608 920 1866 997 laudas,
1918 931 1983 986 ω
2025 942 2158 986 non
2199 919 2526 985 shrn‘llimum

435 1025 440 1030 “
539 1015 867 1102 praebeas.
957 1014 1071 1080 sed
1104 1013 1264 1080 haec
1300 1015 1503 1078 oratio
1537 1012 1745 1100 magis
1779 1025 1950 1080 esset
1978 1026 2138 1100 apta
2165 1015 2253 1080 ad
2280 1015 2383 1080 in·
2407 1025 2524 1080 tam·

537 1133 724 1195 pora,
775 1131 943 1194 quae
983 1110 1113 1175 iam
1148 1108 1460 1194 effingisti3
1512 1131 1686 1174 nunc
1727 1131 1880 1175 vero
1915 1120 2169 1176 tantum
2207 1121 2269 1175 te
2311 1131 2442 1195 para
2466 1106 2524 1171 ad

540 1206 699 1270 haec
732 1203 1068 1269 nobiscum
1110 1203 1403 1278 ferenda,
1456 1202 1691 1286 quibus
1724 1226 1849 1291 ego
1883 1203 1939 1269 si
1975 1226 2173 1289 quam
2202 1202 2523 1271 medicinam

538 1298 911 1374 invenirem,
946 1297 1062 1361 tibi
1096 1317 1355 1381 quoque
1390 1297 1658 1362 eandem
1691 1298 2030 1364 traderem.
2109 1299 2226 1365 sed
2256 1310 2345 1364 est
2371 1317 2524 1362 unum

536 1390 905 1478 perfugium
932 1390 1219 1457 doctrina
1253 1412 1329 1456 ac
1363 1391 1632 1469 litterae,
1664 1392 1904 1476 quibus
1931 1415 2189 1479 semper
2211 1393 2308 1458 usi
2329 1412 2523 1464 sumus3

536 1507 703 1569 quae
759 1483 1052 1551 secundis
1102 1485 1295 1550 rebus
1345 1485 1836 1552 delectationem
1886 1487 2083 1552 modo
2126 1487 2350 1552 habere
2393 1483 2525 1548 vide·

535 1579 795 1655 bantur,
850 1599 1022 1644 nunc
1073 1601 1227 1644 vero
1270 1579 1464 1645 etiam
1508 1580 1798 1646 salutem.
1887 1582 2034 1660 sed,
2087 1592 2162 1647 ut
2211 1581 2290 1646 ad
2325 1578 2523 1645 initium

536 1685 846 1749 revertar,
901 1696 1059 1740 cave
1103 1672 1358 1740 dubites
1410 1675 1565 1759 quin
1608 1675 1822 1743 omnia
1865 1675 1947 1741 de
2002 1677 2208 1742 salute
2249 1697 2323 1741 ac
2363 1672 2524 1739 reditu

535 1781 648 1835 tuo
681 1768 966 1855 perfecta
999 1769 1143 1833 sint.

1473 1918 1638 1974 XIII.

1206 2020 1322 2076 Scr.
1339 2019 1555 2076 Romae
1576 2039 1626 2077 a.
1647 2040 1702 2076 u.
1722 2039 1772 2078 c.
1791 2023 1909 2079 708.

1238 2121 1513 2179 CICERO
1548 2123 1894 2182 LIGARIO.

476 2259 499 2296 1
660 2232 804 2298 Etsi
848 2234 960 2299 tali
992 2245 1107 2300 tuo
1154 2246 1438 2322 tempore
1473 2261 1578 2304 me
1613 2251 1726 2305 aut
1769 2241 2145 2308 consolandi
2178 2254 2287 2309 aut
2312 2236 2525 2306 iuvandi

532 2331 626 2395 tui
660 2352 856 2406 causa
892 2330 1169 2396 scribere
1203 2332 1287 2396 ad
1321 2342 1387 2397 te
1423 2333 1666 2417 aliquid
1700 2357 1816 2421 pro
1842 2348 2064 2403 nostra
2097 2336 2363 2403 amicitia
2379 2352 2524 2419 opor-

532 2424 739 2501 tebat,
792 2433 1007 2490 tamen
1051 2424 1264 2491 adhuc
1305 2424 1374 2490 id
1418 2449 1548 2492 non
1592 2427 1901 2508 feceram,
1952 2433 2112 2515 quia
2143 2454 2341 2516 neque
2370 2426 2522 2494 lenire

530 2516 795 2582 videbar
855 2519 1137 2584 oratione
1204 2540 1416 2603 neque
1481 2521 1696 2588 levare
1762 2545 1952 2607 posse
2023 2521 2304 2592 dolorem
2358 2533 2523 2591 tuum3

526 2622 753 2696 postea
794 2634 947 2677 vero
992 2633 1187 2696 quam
1228 2636 1532 2700 mag-nam
1577 2636 1759 2700 spem
1792 2615 2033 2686 habere
2067 2621 2246 2706 coepi
2289 2617 2435 2692 fore,
2469 2623 2522 2675 ut

527 2719 590 2772 te
626 2707 807 2772 brevi
833 2718 1115 2793 tempore
1140 2707 1525 2776 incolumem
1559 2708 1961 2790 haberemus,
1997 2713 2211 2779 facere
2232 2735 2356 2778 non
2384 2704 2523 2797 potui

528 2801 683 2886 quin
716 2801 832 2866 tibi
876 2813 942 2867 et
976 2803 1355 2868 sententiam
1391 2815 1452 2870 et
1487 2804 1880 2873 voluntatem
1915 2808 2307 2876 dedara-em
2336 2824 2520 2871 meam·

465 2916 491 2954 2
525 2895 803 2978 primum
835 2894 1032 2981 igitur
1068 2896 1371 2973 serim,
1418 2899 1592 2981 quod
1625 2899 1928 2988 intellego
1959 2915 2032 2969 et
2063 2902 2390 2990 perspicio,
2427 2916 2523 2961 non

526 2988 664 3053 fore
689 2988 759 3052 in
796 2999 856 3054 te
886 2986 1233 3054 Caesarem
1261 2990 1612 3072 duriorem3
1646 3016 1801 3060 nam
1835 3007 1899 3062 et
1932 3020 2036 3063 res
2067 3021 2214 3064 eum
2247 2993 2451 3062 cotidie
2478 2999 2524 3052 et

2602 2729 2610 2972 1

526 3080 661 3145 dies
696 3092 760 3146 et
795 3083 1011 3168 opinio
1054 3083 1383 3148 hominum
1426 3098 1522 3164 et,
1575 3099 1648 3152 ut
1690 3088 1846 3154 mihi
1890 3091 2171 3168 videtur,
2223 3091 2400 3156 etiam
2435 3103 2524 3147 sua
2606 3114 2607 3118 =

522 3185 753 3240 natura
785 3176 1101 3243 mitiorem
1132 3178 1309 3256 facit,
1345 3178 1541 3263 idque
1579 3204 1727 3247 cum
1762 3184 1842 3249 de
1876 3185 2143 3270 reliquis
2178 3185 2386 3257 sentiO,
2416 3190 2521 3244 tum

523 3270 604 3336 de
638 3282 703 3336 te
737 3273 932 3338 etiam
965 3275 1158 3339 audio
1193 3297 1275 3340 ex
1306 3275 1820 3345 familiarissimis
1855 3280 2022 3359 eius,
2066 3283 2298 3366 quibus
2327 3297 2434 3363 ego
2463 3291 2522 3335 ex

520 3387 599 3429 eo
634 3377 949 3453 tempore,
993 3391 1121 3452 quo
1163 3370 1446 3456 primum
1482 3395 1562 3437 ex
1596 3373 1827 3440 Africa
1869 3377 2132 3441 nuntius
2176 3374 2366 3450 venit,
2405 3388 2521 3449 sup·

518 3459 758 3545 plicare
790 3484 922 3526 una
952 3484 1103 3528 cum
1137 3463 1442 3531 fratribus
1477 3467 1604 3532 tuis
1639 3491 1770 3534 non
1804 3469 2038 3538 destiti.
2125 3488 2383 3554 quoium
2408 3457 2521 3545 qui·

521 3552 669 3618 dem
703 3564 769 3619 et
802 3554 1035 3621 virtute
1069 3568 1133 3622 et
1168 3558 1404 3643 pietate
1439 3572 1504 3625 et
1535 3583 1753 3629 amore
1795 3564 1864 3629 in
1911 3575 1975 3630 te
2009 3563 2311 3651 singulari
2348 3569 2407 3624 et
2432 3551 2521 3618 ad-

520 3645 705 3711 sidua
735 3658 803 3713 et
835 3660 1143 3734 perpetua
1177 3673 1331 3717 cura
1366 3655 1586 3721 salutis
1632 3668 1782 3725 tuae
1815 3671 2065 3726 tantum
2099 3657 2430 3747 proficitur,
2466 3656 2520 3708 Ut

517 3740 676 3806 nihil
728 3742 837 3821 sit,
890 3746 1064 3828 quod
1106 3768 1235 3810 non
1280 3747 1494 3833 ipsum
1528 3749 1879 3820 Caesarem
1924 3755 2303 3820 tributurum
2338 3739 2518 3813 existi·

457 3851 483 3891 3
515 3857 703 3900 mem.
792 3838 907 3902 sed
960 3839 1014 3903 si
1057 3840 1297 3907 tardius
1342 3843 1416 3908 fit
1458 3866 1654 3928 quam
1703 3849 2028 3925 volumus,
2081 3845 2324 3934 magnis
2364 3856 2518 3906 occu·
2604 3872 2605 3876 ¹

514 3929 877 4010 Pationibus
922 3934 1090 4012 eius,
1144 3959 1184 4000 a
1226 3959 1358 4022 quo
1393 3941 1609 4006 omnia
1649 3954 1983 4028 petuntur,
2034 3943 2242 4008 aditus
2283 3936 2359 4004 ad
2390 3947 2513 3999 eum

514 4021 901 4091 difficiliores
952 4029 1243 4108 fuerunt,
1306 4045 1372 4098 et
1422 4033 1611 4101 simul
1664 4036 2012 4105 Africanae
2061 4057 2287 4103 causae
2331 4023 2513 4097 iratior
