2675 4559
735 244 1291 304 EPISTOLARUM
1322 247 1459 305 XII.
1495 249 1684 304 8-10,
2107 239 2245 305 289

1166 367 1243 422 X.

498 460 614 516 Ser.
635 461 849 517 Romae
868 462 1097 518 ineunte
1114 479 1305 518 mense
1326 423 1566 528 Quintili
1584 480 1636 518 a.
1653 481 1708 518 ιι.
1731 481 1778 520 c.
1799 466 1917 521 711.

816 555 1091 612 CICERO
1129 555 1398 613 CASSIO
1437 557 1602 613 SAL.

298 651 625 738 Lepidus,
660 663 811 718 tuus
848 653 1107 730 adfinis,
1140 676 1323 720 meus
1360 653 1722 732 familiaris,
1764 677 1860 740 pr.
1897 657 1987 722 K.
2025 656 2236 741 Quin-
2269 677 2296 716 1

167 745 335 811 ctilis
372 746 703 814 sententiis
740 747 1039 813 omnibus
1076 747 1275 814 hostis
1309 771 1351 814 a
1386 758 1614 814 senatu
1645 748 1964 816 iudicatus
1998 763 2096 818 est
2131 775 2236 819 ce-

164 841 439 925 terique,
478 842 589 926 qui
623 864 755 908 una
782 864 931 908 cum
964 843 1074 908 illo
1100 835 1141 908 a
1168 865 1239 908 re
1272 842 1534 928 publica
1561 841 1963 923 defecerunt3
2000 846 2234 930 quibus

164 946 385 1000 tamen
422 934 508 1001 ad
542 935 879 1002 sanitatem
912 936 1223 1002 redeundi
1258 948 1406 1004 ante
1431 937 1522 1000 Κ.
1545 934 1723 1023 Sept.
1752 948 2034 1023 potestas
2061 939 2235 1006 facta

164 1041 278 1094 est.
370 1028 557 1094 fortis
602 1052 754 1096 sane
798 1041 1057 1096 senatus
1071 1077 1091 1107 ‚
1134 1030 1251 1096 sed
1300 1030 1581 1097 maxime
1635 1053 1748 1117 spe
1799 1031 2068 1096 subsidii
2118 1035 2232 1104 tui,

160 1123 413 1187 bellum
450 1123 729 1206 quidem,
766 1145 917 1188 cum
950 1123 1111 1190 haec
1136 1123 1494 1190 scribebam
1507 1171 1525 1202 ,
1561 1147 1715 1190 sane
1750 1147 2057 1210 magnum
2093 1139 2234 1194 erat

162 1219 413 1283 scelere
463 1228 529 1283 et
588 1217 846 1284 levitate
899 1218 1155 1304 Lepidi.
1259 1241 1378 1283 nos
1441 1219 1522 1285 de
1573 1218 1920 1286 Dolabella
1981 1221 2230 1298 cotidie,

162 1333 336 1395 quae
372 1312 697 1390 volumus,
744 1311 1068 1389 audimus,
1104 1313 1219 1378 sed
1254 1313 1468 1378 adhuc
1503 1312 1642 1378 sine
1675 1312 1906 1398 capite,
1943 1313 2079 1380 sine
2115 1337 2230 1378 au-

162 1415 369 1483 ctore,
402 1427 661 1472 rumore
694 1406 938 1470 nuntio·
1006 1407 1185 1489 quod
1221 1428 1370 1471 cum
1403 1406 1496 1472 ita
1530 1419 1718 1484 esset,
1752 1417 1970 1474 tamen
2003 1408 2228 1476 litteris

158 1497 317 1576 tuis,
352 1521 519 1583 quas
550 1499 753 1564 Nonis
786 1499 985 1564 Maiis
1022 1523 1103 1566 ex
1138 1500 1362 1564 castris
1397 1500 1582 1564 datas
1619 1522 2070 1587 acceperamus
2083 1551 2103 1581 ,
2140 1503 2232 1568 ita

157 1615 549 1678 persuasum
590 1605 729 1660 erat
771 1593 1044 1670 civitati,
1088 1603 1161 1658 ut
1203 1593 1386 1657 illum
1425 1594 1557 1658 iam
1594 1615 1973 1680 oppressum
2009 1617 2230 1662 omnes

158 1685 659 1764 arbitrarentur,
702 1699 766 1755 te
811 1699 1025 1754 autem
1068 1689 1137 1752 in
1171 1686 1429 1752 Italiam
1473 1687 1692 1753 venire
1738 1707 1889 1752 cum
1923 1691 2228 1767 exercitu,

156 1793 263 1860 ut,
318 1780 380 1847 si
422 1781 582 1848 haee
625 1804 707 1850 ex
752 1783 1066 1849 sententia
1102 1781 1395 1848 confecta
1429 1791 1671 1857 essent,
1725 1780 1987 1846 consilio
2011 1792 2228 1868 atque

156 1876 545 1943 auctoritate
580 1888 724 1954 tua,
770 1877 869 1942 sin
904 1877 1063 1960 quid
1094 1875 1259 1942 forte
1294 1875 1666 1952 titubatum,
1712 1887 1785 1940 ut
1827 1875 1954 1940 fit
1933 1900 2002 1940 m
2037 1877 2228 1955 belle,

158 1971 453 2037 exercitu
515 1981 627 2036 tuo
688 1971 1064 2048 niteremur,
1137 1993 1329 2056 quem
1383 1969 1660 2080 quidem·
1706 1992 1829 2056 ego
1880 1972 2231 2036 exercitum

158 2064 681 2150 quibuscumque
716 2077 985 2150 potuero
1021 2064 1214 2132 rebus
1252 2065 1494 2129 ornabo
1506 2089 1524 2141 3
1561 2065 1742 2130 cuius
1767 2065 1862 2130 rei
1896 2076 2034 2130 tum
2069 2079 2232 2133 tem-

156 2180 285 2243 pus
328 2158 483 2236 erit,
522 2181 689 2236 cum,
727 2159 882 2243 quid
917 2158 1057 2243 opis
1090 2159 1185 2223 rei
1219 2158 1518 2244 publicae
1551 2159 1798 2222 laturus
1831 2159 1886 2223 is
1915 2161 2228 2226 exercitus

158 2252 239 2316 sit
281 2261 397 2316 aut
429 2251 585 2336 quid
617 2253 747 2318 iam
784 2253 1020 2329 tulerit,
1056 2262 1281 2317 notum
1308 2274 1450 2316 esse
1485 2252 1794 2339 coeperit:
1831 2276 1984 2318 nam
2018 2255 2230 2320 adhuc

156 2355 415 2410 tantum
444 2356 709 2412 conatus
738 2345 1107 2422 audiuntur,
1132 2345 1358 2430 optimi
1382 2345 1474 2416 illi
1491 2346 1755 2430 quidem
1768 2357 1836 2412 et
1853 2349 2231 2433 praeclaris-

158 2439 333 2515 simi,
359 2439 475 2504 sed
498 2451 687 2526 gesta
711 2463 811 2506 res
840 2451 1263 2526 exspectatur,
1284 2461 1478 2524 quam
1499 2440 1761 2524 quidem
1789 2453 1901 2506 aut
1929 2441 2059 2508 iam
2089 2465 2227 2510 esse

156 2534 447 2620 aliquam
491 2545 605 2599 aut
647 2533 1159 2620 adpropinquare
1206 2534 1478 2599 confido.
1565 2545 1680 2600 tua
1724 2534 1960 2600 virtute
1996 2550 2052 2602 et
2094 2561 2230 2606 ma-

154 2627 501 2714 gnitudine
552 2628 749 2693 animi
796 2628 957 2694 nihil
1001 2639 1100 2694 est
1150 2627 1457 2705 nobilius3
1511 2627 1729 2711 itaque
1776 2639 2102 2714 optamus,
2157 2646 2230 2699 ut

157 2745 361 2806 quam
397 2723 679 2808 primum
724 2733 789 2788 te
830 2723 901 2786 in
932 2723 1123 2788 Italia
1166 2721 1530 2787 videamus:
1579 2743 1714 2786 rem
1748 2720 2076 2806 publicam
2107 2745 2228 2792 nos

156 2818 405 2883 habere
440 2817 917 2894 arbitrabimur,
962 2817 1015 2881 si
1060 2839 1175 2881 vos
1210 2815 1610 2881 habebimus.
1696 2815 2024 2902 praeclare
2059 2818 2232 2886 vice-

157 2933 401 2987 ramus,
438 2911 563 2976 nisi
588 2911 951 2997 spoliatum,
986 2911 1315 2987 inermem,
1353 2907 1706 2995 fugientem
1736 2908 2027 2996 Lepidus
2055 2933 2232 2978 rece-

158 3006 364 3091 pisset
413 3005 805 3084 Antonium3
868 3006 1081 3090 itaque
1142 3027 1496 3089 numquam
1557 3014 1735 3070 tanto
1787 3004 1935 3070 odio
1988 3005 2232 3075 civitati

160 3100 491 3166 Antonius
534 3101 687 3178 fuit,
732 3111 972 3186 quanto
1018 3109 1115 3166 est
1146 3099 1468 3186 Lepidus:
1519 3099 1629 3164 ille
1673 3098 1845 3165 enim
1879 3121 1963 3164 ex
2007 3103 2232 3167 turbu-

158 3195 339 3259 lenta
372 3217 443 3262 re
478 3194 759 3281 publica,
792 3195 899 3260 hic
935 3218 1015 3260 ex
1050 3215 1211 3280 pace
1239 3206 1303 3260 et
1337 3193 1602 3258 victoria
1636 3192 1878 3257 bellum
1905 3193 2228 3260 excitavit.

161 3287 317 3354 huie
360 3289 687 3375 oppositos
732 3289 1025 3355 consules
1072 3287 1440 3374 designatos
1484 3285 1826 3360 habemus,
1877 3285 1947 3350 in
1993 3286 2230 3370 quibus

161 3393 259 3448 est
294 3405 537 3469 magna
569 3383 680 3449 illa
712 3382 975 3467 quidem
1012 3403 1186 3468 spes,
1224 3382 1342 3447 sed
1375 3402 1609 3466 anceps
1646 3400 1801 3444 cura
1834 3389 2099 3464 propter
2131 3381 2231 3447 in-

162 3487 375 3544 certos
412 3476 620 3542 exitus
663 3476 1071 3563 proeliorum.
1161 3474 1476 3563 persuade
1511 3472 1630 3538 tibi
1662 3472 1890 3558 igitur,
1942 3471 2012 3538 in
2055 3483 2120 3539 te
2153 3484 2231 3546 et

162 3571 230 3636 in
263 3572 475 3637 Bruto
511 3582 625 3637 tuo
660 3593 800 3638 esse
833 3571 1071 3648 omnia,
1106 3592 1221 3635 vos
1250 3567 1630 3656 exspectari,
1663 3567 1942 3632 Brutum
1968 3565 2233 3649 quidem

164 3664 293 3730 iam
328 3666 610 3751 iamque.
700 3665 875 3750 quod
910 3665 995 3743 si,
1048 3675 1121 3729 ut
1164 3685 1381 3749 spero,
1435 3661 1620 3729 victis
1664 3660 1956 3726 hostibus
1997 3659 2230 3725 nost-ris

164 3760 497 3837 veneritis,
550 3771 767 3826 tamen
810 3759 1186 3825 auctoritate
1233 3767 1448 3823 vestra
1480 3778 1582 3822 res
1626 3754 1885 3841 publica
1929 3763 2233 3840 exsurget

166 3864 234 3919 et
266 3854 332 3920 111
360 3855 578 3938 aliquo
606 3863 777 3920 statu
804 3853 1117 3922 tolerabili
1147 3851 1474 3928 consistet3
1501 3860 1660 3916 -sunt
1687 3848 1857 3914 enim
1891 3849 2231 3935 permulta,

168 3947 405 4030 quibus
450 3949 569 4014 erit
623 3947 1042 4025 medendum,
1094 3945 1287 4012 etiam
1334 3945 1390 4010 si
1431 3966 1536 4010 res
1580 3942 1838 4030 publica
1885 3943 2038 4010 satis
2091 3963 2232 4010 esse

172 4043 493 4110 videbitur
528 4041 876 4110 sceleribus
910 4042 1189 4108 hostium
1223 4040 1512 4111 liberata.
1601 4039 1764 4132 yale.

276 4143 497 4188 Ciceronis
514 4145 598 4188 vol.
616 4143 689 4188 11.
1827 4139 1896 4192 19
