2675 4559
675 255 1233 316 EPISTOLARUM
1266 259 1380 316 XV
1380 259 1426 314 Ι.
1467 259 1688 316 10—12.
2095 246 2228 313 405

154 385 423 450 omnino
459 407 538 449 ex
573 380 694 447 hac
736 385 995 465 quoque
1040 393 1220 466 parte
1268 382 1754 468 diligentissime
1790 395 2224 470 comparatum

154 479 227 545 id
258 479 336 544 fit
370 477 747 543 auctoritate
782 487 847 540 et
882 476 1095 540 studio
1128 475 1426 563 Pompeii
1461 478 1693 556 nostri,
1729 478 1842 564 qui
1878 475 2226 547 Caesarem

152 595 301 640 sero
340 571 551 657 coepit
584 571 828 636 timere.
879 569 1065 636 nobis
1100 569 1265 636 inter
1298 571 1415 636 has
1451 571 1672 638 turbas
1711 583 1970 638 senatus
2007 583 2224 640 tamen

154 669 469 752 frequens
496 663 807 750 flagitavit
842 665 1269 750 triumphum3
1303 666 1418 732 sed
1452 666 1772 732 Lentulus
1809 667 2054 744 consul,
2092 686 2222 751 quo

153 762 367 827 maius
412 782 601 838 suum
642 756 1025 824 beneficium
1058 758 1329 836 faceret,
1375 759 1564 824 simul
1609 771 1805 844 atque
1841 760 2222 846 expedisset,

154 875 327 939 quae
364 864 577 920 essent
609 853 968 919 necessaria
1001 853 1083 918 vde
1127 876 1197 920 re
1231 854 1517 939 publica,
1555 854 1713 920 dixit
1747 877 1816 921 se
1851 855 2220 925 relaturum.

153 970 277 1017 nos
313 949 567 1035 agimus
602 947 761 1012 nihil
791 947 1027 1032 cupide
1075 969 1280 1033 eoque
1324 960 1424 1014 est
1455 959 1676 1014 nostra
1709 949 1912 1034 pluris
1949 948 2224 1020 auetori-

154 1056 278 1110 tas.
368 1041 596 1106 Italiae
624 1041 925 1127 regiones
960 1042 1300 1128 discriptae·
1332 1053 1503 1119 sunt,
1531 1065 1735 1127 ‹quam
1771 1043 2044 1127 quisque
2077 1065 2225 1128 par-

154 1149 289 1203 tem
342 1146 657 1202 tuereturz
712 1157 831 1200 nos
874 1131 1183 1222 Capuam
1236 1137 1646 1223 sumpsimus.
1733 1137 1896 1204 haec
1945 1147 2010 1202 te
2064 1137 2224 1203 scire

154 1230 355 1298 volui.
440 1241 519 1296 tu
547 1230 744 1296 etiam
789 1240 983 1315 atque
1026 1231 1219 1296 etiam
1254 1253 1443 1308 cura,
1483 1242 1556 1296 ut
1603 1232 1817 1298 valeas
1853 1233 2224 1316 litterasque

150 1327 245 1392 ad
278 1349 383 1393 me
418 1326 660 1404 mittas,
712 1324 1283 1411 quotienscumque
1316 1325 1614 1410 habebis,
1668 1327 1774 1392 cui
1809 1327 1940 1392 des.
2027 1327 2223 1394 etiam

154 1431 356 1506 atque
392 1421 585 1496 etiam
618 1422 781 1486 vale.
838 1421 902 1485 d.
937 1443 1031 1506 pr.
1068 1421 1226 1486 Idus
1262 1421 1405 1486 Ian.-

1121 1657 1257 1714 ΧΗ.

506 1707 623 1814 Ser.
645 1755 875 1830 Gapuae
892 1758 995 1814 IV.
1016 1759 1149 1814 Kal.
1171 1757 1514 1814 Februarias
1543 1776 1594 1813 a.
1615 1775 1670 1812 ιι.
1691 1775 1738 1813 c.
1761 1757 1876 1814 705.

660 1860 1003 1919 TULLIUS
1042 1859 1097 1919 S.
1133 1860 1208 1915 D.
1248 1860 1523 1918 TIRONI
1559 1857 1724 1917 SUO.

284 1983 441 2066 Quo
492 1949 567 2048 ιιι
610 1983 973 2050 discrimine
1025 1995 1315 2051 versetur
1373 1985 1546 2050 salus
1597 2005 1744 2050 mea
1790 1995 1855 2048 et
1905 1983 2221 2052 bonorum
2261 2004 2280 2038 1

151 2080 445 2147 omnium
482 2085 673 2162 atque
710 2079 1046 2145 universae
1080 2079 1175 2144 rei
1207 2079 1534 2166 publicae,
1580 2101 1662 2146 ex
1697 2099 1774 2146 eo
1811 2078 1974 2143 scire
2018 2089 2222 2164 potes,

153 2173 333 2258 quod
384 2173 609 2236 domos
662 2183 912 2238 nostras
959 2184 1022 2240 et
1072 2173 1346 2258 patriam
1396 2171 1606 2258 ipsam
1651 2174 1755 2238 vel
1801 2171 2224 2257 diripiendam

153 2269 261 2333 vel
292 2265 816 2334 inflammandam
848 2267 1252 2350 reliquimus:
1288 2268 1358 2332 in
1393 2289 1541 2334 eum
1575 2268 1792 2334 locum
1818 2289 1924 2332 res
1951 2267 2226 2334 deducta

154 2373 283 2439 est,
339 2370 441 2438 ut,
491 2361 617 2426 nisi
660 2361 771 2445 qui
806 2361 965 2427 deus
999 2361 1104 2427 vel
1133 2383 1323 2427 casus
1371 2361 1570 2445 aliqui
1615 2361 2010 2439 subvenerit,
2066 2359 2224 2426 salvi

154 2479 296 2522 esse
332 2476 749 2539 nequeamus.
805 2455 1124 2539 equidem,
1159 2466 1233 2521 ut
1267 2455 1417 2522 veni
1445 2455 1528 2520 ad
1564 2456 1813 2532 urbem,
1850 2477 1980 2520 non
2010 2455 2221 2520 destiti
2259 2473 2282 2510 2

154 2551 389 2616 omnia
410 2561 476 2615 et
512 2550 745 2616 sentire
776 2560 843 2616 et
872 2550 1083 2616 dicere
1120 2561 1185 2616 et
1218 2549 1455 2627 facere,
1491 2571 1658 2634 quae
1696 2551 1780 2615 ad
1815 2549 2222 2615 concordiam

154 2646 551 2733 pertinerent
561 2670 585 2722 ;
628 2645 741 2711 sed
775 2644 975 2710 mirus
1017 2646 1340 2712 invaserat
1383 2645 1562 2712 furor
1596 2667 1727 2710 non
1763 2645 1970 2709 solum
2005 2643 2222 2728 inpro-

160 2742 287 2818 bis,
338 2740 454 2805 sed
488 2740 679 2805 etiam
710 2738 822 2817 iis,
866 2740 977 2824 qui
1012 2739 1165 2804 boni
1198 2739 1546 2814 habentur,
1593 2747 1664 2802 ut
1687 2757 1991 2845 ‘pugnare
2027 2757 2222 2820 cupe-

154 2847 300 2900 rent
334 2856 441 2898 me
478 2835 794 2900 clamante
827 2833 987 2898 nihil
1022 2856 1163 2900 esse
1196 2833 1367 2899 bello
1406 2831 1576 2899 civili
1619 2830 1933 2896 miserius·
2004 2829 2222 2939 itaque

156 2953 309 2996 cum
328 2925 575 3008 Caesar
607 2928 887 2994 amentia
916 2929 1203 3012 quadam
1228 2938 1563 3012 raperetur
1590 2935 1655 2990 et
1683 2924 1918 2992 oblitus
1946 2925 2222 2994 nominis

154 3037 358 3108 atque
378 3023 705 3092 honorum
740 3041 1002 3090 suorum
1036 3021 1426 3098 Ariminum,
1461 3019 1828 3096 Pisaurum,
1866 3019 2224 3096 Anconam,

156 3117 495 3183 Arretium
530 3115 1001 3201 occupavisset,
1022 3116 1264 3184 urbem
1300 3113 1703 3201 reliquimus·
1685 3160 1721 3190 ,
1742 3134 1939 3196 quam
1963 3113 2226 3196 sapien-

158 3225 259 3278 ter
292 3222 407 3276 aut
441 3232 636 3294 quam
672 3210 940 3287 fortiter,
972 3209 1131 3280 nihil
1168 3210 1396 3278 attinet
1431 3207 1770 3318 disputari3
1805 3228 1938 3290 quo
1965 3205 2226 3290 quidem
2263 3221 2286 3260 ³

157 3308 227 3371 in
270 3329 431 3372 casu
474 3305 699 3380 simus,
754 3304 955 3371 vides.
1030 3305 1337 3372 feruntur
1381 3303 1642 3372 omnino
1685 3301 2090 3368 condiciones
2141 3300 2226 3364 ab

158 3401 300 3477 illc,
356 3409 431 3463 ιιι
466 3397 819 3484 Pompeius
856 3409 961 3464 eat
1001 3399 1075 3464 in
1108 3397 1522 3488 Hispaniam,
1575 3395 1872 3471 dilectus,
1922 3394 2038 3478 qui
2081 3407 2229 3458 sunt

156 3493 387 3567 habiti,
425 3501 489 3558 et
522 3492 843 3578 praesidia
860 3503 1085 3558 nostra
1117 3490 1544 3582 dimittantur-3
1583 3513 1652 3558 se
1680 3489 2046 3556 ulteriorem
2067 3485 2227 3554 Gal

158 3587 317 3652 liam
350 3585 675 3663 Domitio,
722 3586 1079 3654 citeriorem
1092 3575 1426 3654 Considio
1462 3586 1760 3656 Noniano
1795 3619 1881 3632 --
1913 3583 2016 3651 his
2059 3583 2229 3651 enim

158 3681 534 3766 obtigerunt
562 3715 655 3732 -·-·
696 3681 1111 3758 traditurum3
1165 3680 1249 3747 ad
1302 3681 1674 3748 consulatus
1726 3679 2102 3767 petitionem
2157 3699 2227 3744 se

156 3786 529 3851 venturum,
562 3795 775 3858 neque
807 3797 881 3840 se
902 3775 1043 3842 'iam
1079 3775 1243 3844 ..velle
1273 3774 1541 3840 absente
1567 3797 1638 3843 se
1665 3775 1980 3842 rationem
2005 3769 2229 3838 haberi

154 3893 349 3935 suam
358 3894 377 3946 3
414 3892 489 3936 se
522 3871 1195 3955 praesentem·trinum
1229 3868 1590 3939 nundinum
1625 3871 1993 3956 petiturum.
2049 3888 2230 3936 acce·-

158 3965 379 4050 pimus
416 3964 850 4044 condiciones,-
898 3966 1013 4032 sed
1046 3967 1167 4042 ita,
1214 3977 1287 4031 ut
1320 3975 1646 4032 removeat
1663 3962 2001 4052 praesidia
2035 3985 2117 4030 ex
2149 3961 2228 4028 iis

158 4061 345 4138 locis,
381 4081 548 4144 quae
586 4061 941 4147 occupavit,
980 4072 1052 4126 ut
1088 4062 1222 4128 sine
1258 4073 1436 4128 metu
1472 4062 1552 4126 de
1587 4059 1686 4126 his
1722 4062 1878 4146 ipsis
1913 4058 2231 4129 condicio-
