2675 4559
681 258 1235 320 EPISTOLARUM
1268 261 1434 318 xm.
1467 241 1690 318 §6-28.
1815 329 1823 334 „
1869 331 1873 335 ,
2075 250 2213 318 :333

134 381 535 452 ‘incredibile
554 393 652 450 est
678 383 871 460 enim,
898 403 1059 473 quas
1085 381 1243 450 mihi
1268 383 1510 470 gratias
1539 406 1759 451 omnes
1775 387 1992 472 agant,
2005 385 2210 454 etiam

7 539 10 568 1
141 477 561 545 mediocriter
611 501 651 543 a
700 501 805 544 me
870 477 989 545 tibi
1042 475 1501 555 commendati;
1571 499 1738 562 quae
1789 481 1947 546 mihi
1999 483 2212 554 omnia

130 583 339 659 grata
386 582 565 649 stmt,
608 572 704 642 de.
745 572 831 638 L.
866 572 1184 640 Mescinio
1228 570 1691 658 gratissimum:
1741 575 1860 644 sic·
1891 575 2062 644 enim
2115 589 2212 642 est

7 669 9 676 '
140 683 409 732 mecum
442 665 727 743 locutus,
770 677 865 745 te,
909 678 985 732 ut
1017 689 1195 734 meas
1226 667 1474 736 litteras
1505 666 1766 754 legeris,
1813 670 2028 737 statim
2063 692 2210 756 pro-

142 759 570 830 curatoribus,
592 762 727 828 suis
763 761 1125 848 pollicitum
1154 783 1293 828 esse
1330 761 1566 839 omnia,
1600 763 1801 834 multo
1837 782 1991 830 vero
2023 766 2210 851 plura

142 866 209 920 et
256 855 508 920 maiora
550 853 799 922 fecisse.
899 855 971 920 id
1010 855 1208 942 igitur
1238 891 1329 904 —-
1360 865 1519 942 puto
1563 855 1737 926 enim·
1776 857 1972 922 etiam
2015 869 2208 942 atq-ue

142 950 346 1016 etiam
399 949 559 1019 mihi
600 949 949 1020 dicendum
993 972 1143 1015 -esse
1180 963 1275 998 ·—
1316 949 1508 1017 velim
1562 949 1886 1018 existimes
1931 951 2094 1016 mihi
2144 962 2207 1016 te

136 1043 380 1110 fecisse
414 1040 871 1130 gratissimum.
940 1043 1117 1128 quod
1152 1044 1416 1128 quidem
1448 1043 1572 1110 hoc
1603 1044 2042 1112 vehementius
2076 1046 2216 1112 lae-·
2241 1071 2269 1111 2

34 1141 41 1148 ’
137 1150 271 1215 tor,
304 1137 501 1221 -quod
536 1161 620 1204 ex
658 1139 805 1224 ipso
836 1136 1154 1205 Mescinio
1198 1148 1263 1204 te
1299 1137 1488 1204 video
1521 1161 1826 1226 magnam
1871 1149 2207 1225 capturum

137 1232 545 1316 voluptatem
557 1255 576 1308 3
626 1243 730 1298 est
762 1231 955 1296 -enim
1004 1231 1073 1296 in
1118 1253 1195 1296 eo
1242 1253 1392 1298 cum
1443 1232 1644 1298 virtus
1691 1244 1755 1298 et
1805 1232 2090 1319 probitas
2143 1244 2208 1298 et

139 1347 474 1390 summum
509 1325 793 1390 officium
828 1347 1203 1410 summaque
1234 1325 1661 1404 observantia,
1695 1338 1834 1394 tum
1859 1327 2073 1394 studia
2095 1327 2206 1392 iila

136 1429 385 1496 nostra,
421 1418 659 1501 quibus
696 1429 885 1486 antea
920 1419 1432 1498 delectabamur,
1467 1442 1642 1486 nunc
1677 1421 1868 1488 etiam
1903 1421 2203 1488 vivimus·

136 1513 318 1596 quod
364 1512 685 1597 reliquum
728 1524 853 1591 est,
907 1513 1101 1579 velim
1144 1535 1386 1600 augeas
1431 1525 1544 1578 tua
1583 1516 1653 1579 in
1700 1537 1848 1580 eum
1895 1515 2207 1582 beneficia

136 1605 448 1672 omnibus
483 1607 697 1684 rebus,
734 1607 899 1692 quae
934 1619 999 1672 te
1034 1618 1218 1672 erunt
1254 1607 1518 1693 dignae3
1569 1619 1718 1672 sunt
1751 1608 1902 1686 duo,
1937 1629 2104 1692 quae
2139 1621 2204 1674 te

133 1701 527 1767 nominatim
560 1724 751 1788 rogo-z
786 1703 1095 1788 primum,
1130 1713 1231 1780 ut,
1270 1701 1323 1766 si
1359 1702 1517 1786 quid
1551 1701 1706 1769 satis
1742 1702 2027 1768 dandum
2063 1704 2202 1780 erit,

12 1841 21 1880 ;
132 1813 408 1861 mnus
460 1818 542 1861 no
590 1817 827 1864 nouum
864 1819 994 1865 non
1033 1811 1201 1874 nnn,
1256 1811 1471 1874 cures,
1505 1807 1597 1862 ‘ut
1631 1795 1782 1862 satis
1838 1797 2026 1861 detur
2075 1795 2203 1862 fide

12 1891 16 1939 ,³
134 1913 279 1958 mea
290 1915 313 1969 3
374 1885 634 1968 deinde,
687 1913 835 1959 cum
880 1891 1018 1957 fere
1060 1891 1363 1956 consistat
1398 1889 1716 1956 hereditas
1751 1891 1820 1958 in
1853 1890 1943 1957 iis
1967 1891 2200 1968 -rebus,

135 2006 299 2070 quas
328 1982 825 2070 avertitfoppia,
844 2007 1026 2070 ‚quae
1052 2006 1215 2050 uxor
1242 1983 1480 2050 Mindii
1515 1984 1659 2061 fuit,
1695 1983 1958 2052 adiuves
1981 1983 2203 2050 ineas-

134 2099 261 2162 que
292 2079 647 2156 rationem,
694 2097 887 2163 quem
922 2079 1004 2144 ad
1044 2079 1309 2144 modum
1352 2101 1434 2146 ea
1475 2077 1706 2144 mulier
1738 2077 2014 2145 Romam
2056 2099 2202 2164 per-

10 2224 17 2274 ⁷.
135 2174 443 2238 ducatur:
500 2173 673 2258 quod
716 2174 773 2238 si
816 2174 1055 2259 putarit
1096 2174 1209 2240 illa
1251 2173 1422 2250 fore,
1474 2185 1546 2238 ut
1580 2173 1794 2259 opinio
1827 2184 2048 2239 nostra
2083 2185 2198 2251 est,

12 2289 14 2304 ²
132 2269 476 2353 negotium
510 2267 937 2344 conficiemus.
1002 2267 1133 2334 hoc
1166 2281 1241 2335 ut
1272 2268 1722 2352 adsequamur,
1760 2279 1822 2333 te
1859 2267 2201 2356 vehemen-

132 2374 227 2428 ter
244 2362 469 2428 .etiam
510 2373 705 2446 atque
750 2362 945 2436 etiam
988 2379 1166 2448 rogo·
1252 2361 1443 2440 illud,
1489 2359 1664 2446 quod
1707 2383 1906 2448 supra
1943 2363 2196 2448 scripsi,
2231 2387 2257 2425 3

132 2457 325 2522 video
356 2457 427 2522 in
454 2477 687 2540 meque
718 2456 981 2542 recipio,
1018 2468 1081 2522 te
1106 2477 1205 2533 ea,
1238 2477 1406 2540 quae
1441 2455 1651 2532 fecisti
1667 2455 1971 2522 Mescinii
2005 2477 2202 2522 causa

132 2571 435 2634 quaeque
488 2549 746 2628 feceris,
798 2550 891 2619 ita
942 2549 1107 2615 bene
1160 2545 1669 2627 conlocatum,
1721 2560 1796 2624 ut
1843 2550 1985 2635 ipse
2033 2549 2201 2614 iudi-

134 2665 235 2709 ces
272 2643 527 2708 homini
568 2654 641 2710 te·
672 2643 1068 2730 gratissimo,
1120 2642 1580 2716 iucundissimo
1616 2640 1894 2728 benigne
1939 2642 2168 2708 fecisse
2179 2667 2197 2718 ;

133 2740 281 2804 volo
334 2737 513 2805 enim
567 2737 650 2804 ad
701 2738 798 2814 id,-
838 2738 1033 2822 quod
1082 2760 1228 2803 mea
1280 2759 1476 2804 causa
1528 2736 1766 2814 fecisti,
1827 2735 1954 2804 hoc
2005 2737 2198 2802 etiam

134 2832 467 2900 accedere.

922 3041 929 3050 ,
996 2977 1258 3037 XXVIII
1276 2983 1333 3036 b.

810 3082 937 3146 ,Scr.
955 3083 1169 3142 Romae
1190 3101 1241 3138 a.
1260 3101 1315 3138 u.
1334 3101 1382 3139 c.
1406 3083 1524 3138 708.

780 3185 1053 3242 CICERO
1087 3187 1366 3242 SERVIO
1400 3182 1560 3240 SAL.

259 3301 411 3366 Nec
450 3299 1002 3372 Lacedaemonios
1047 3298 1342 3366 dubitare
1395 3298 1666 3368 arbitror
1712 3297 1870 3382 quin
1911 3297 2036 3384 ipsi
2077 3319 2198 3364 sua
2231 3325 2256 3365 1

134 3397 581 3481 maiorumque
634 3417 900 3464 suorum
956 3394 1339 3464 auctoritate.
1387 3391 1540 3462 satis
1593 3389 2018 3461 commendati
2068 3393 2194 3460 sint

133 3490 285 3558 fidei
334 3503 403 3558 et
453 3492 732 3558 iustitiae
778 3503 961 3573 tuae,
1014 3501 1080 3560 et
1112 3513 1267 3578 ego,
1306 3491 1435 3576 qui
1481 3502 1545 3558 te
1579 3491 1820 3578 optime
1851 3492 2196 3568 novissem,

135 3607 265 3652 non
318 3585 611 3654 dubitavi
663 3587 817 3671 quin
862 3585 984 3651 tibi
1030 3585 1364 3652 notissima
1413 3597 1478 3656 et
1513 3586 1662 3654 „ima
1695 3597 1769 3652 et
1813 3587 2038 3654 merita
2081 3607 2198 3672 po-

135 3680 435 3764 pulorum
497 3691 729 3755 essent.
833 3682 1051 3766 itaque
1113 3703 1261 3747 cum
1314 3704 1356 3745 a
1405 3703 1510 3746 me
1561 3691 1806 3766 peteret
1855 3679 2198 3768 Philippus

136 3772 722 3858 Lacedaemonius,
788 3786 881 3846 nt:
914 3775 1034 3840 tibi
1086 3775 1410 3842 civitatem
1461 3773 1976 3846 commendarem
1985 3822 2012 3852 2
2077 3775 2196 3839 etsi

137 3868 556 3938 memineram
582 3873 694 3935 me
729 3870 791 3937 ei
826 3868 1070 3937 civitati
1105 3867 1319 3934 omnia
1347 3867 1610 3948 debere,
1647 3871 1862 3945 tamen
1895 3867 2196 3954 respondi

140 3964 695 4032 commendatione
722 3964 1285 4033 Lacedaemonios
1319 3964 1494 4051 apud
1529 3976 1594 4032 te
1627 3987 1760 4032 non
1795 3984 2008 4052 egere.
2079 3963 2198 4030 ita·
2233 3983 2256 4021 2

136 4073 269 4141 que
304 4056 394 4122 sic
416 4059 625 4126 ·velim
657 4059 1013 4144 existimes,
1056 4081 1159 4125 me
1196 4059 1401 4128 omnis
1437 4059 1727 4140 Achaiae
1773 4059 2060 4126 civitates
2098 4083 2200 4128 ar-
