2675 4559
788 233 1344 292 EPISTOLARUM
1375 237 1505 295 XV.
1541 239 1595 293 4.
2094 231 2218 300 381

162 361 429 448 quidem
464 379 776 442 umquam
808 359 1199 446 paruissent,
1244 381 1394 425 eum
1429 371 1494 427 et
1527 361 1834 448 fugitivos
1868 365 2223 454 reciperent

162 469 226 523 et
252 455 649 520 Parthorum
676 453 1021 518 adventum
1050 455 1356 520 acerrime
1392 468 1852 542 exspectarent,
1889 465 1975 526 ad
2007 463 2226 530 existi·

162 551 514 616 mationem
555 547 804 634 imperii
854 548 1171 634 pertinere
1230 549 1576 618 arbitr-atus
1631 575 1772 617 sum
1825 558 2265 643 conprimere-

162 666 389 711 eorum
416 642 772 720 audaciam,
809 663 938 726 quo
973 643 1225 708 facilius
1253 644 1448 710 etiam
1477 656 1834 712 ceterorum
1859 651 2074 729 animi,
2111 653 2223 736 qui

163 739 358 805 alieni
400 747 614 804 essent
656 735 741 801 ab
783 737 1051 821 imperio
1093 747 1343 817 nostro,
1387 739 1854 826 frangerentur.
1941 746 2112 811 vallo
2157 757 2224 812 et

161 833 337 898 fossa
368 830 757 898 circumdedi
769 855 789 910 ;
826 853 939 896 sex
964 833 1240 898 castellis
1268 835 1622 919 castrisque
1647 837 1944 904 maximis
1981 842 2218 928 saepsi3

163 947 433 1014 aggere,
494 925 727 1004 vineis,
794 925 1075 992 turribus
1130 928 1502 1014 oppugnavi
1551 948 1838 1014 ususque
1887 936 2218 1000 tormentis

160 1023 411 1100 multis,
464 1021 683 1086 multis
718 1020 1095 1106 sagittariis,
1150 1045 1390 1109 magno
1432 1023 1654 1090 labore
1685 1047 1858 1103 mec,
1913 1026 2050 1092 sine
2087 1030 2220 1094 ulla

159 1115 456 1183 molestia
506 1125 849 1200 sumptuve
904 1116 1254 1194 sociorum,
1317 1117 1592 1203 septimo
1641 1120 2218 1208 quinquagensimo

161 1211 264 1276 die
316 1231 456 1276 rem
498 1208 773 1286 confeci,
826 1219 901 1274 ut
946 1211 1243 1276 omnibus
1286 1211 1576 1298 partibus
1619 1214 1800 1280 urbis
1845 1215 2216 1282 disturbatis

160 1315 273 1372 aut
316 1304 593 1370 incensis
638 1303 930 1388 conpulsi
980 1304 1051 1370 in
1100 1315 1484 1392 potestatem
1526 1331 1739 1374 meam
1793 1311 2214 1394 pervenirent.

159 1401 258 1465 his
296 1410 478 1465 erant
511 1398 764 1463 finitimi
797 1398 935 1486 pari
974 1400 1211 1466 scelere
1244 1412 1311 1466 et
1347 1401 1618 1468 audacia
1644 1403 1983 1482 Tibarani;
2021 1404 2104 1470 ab
2137 1406 2217 1470 iis

158 1494 543 1560 Pindenisso
586 1503 774 1578 capto
822 1493 1077 1560 obsides
1122 1495 1372 1584 accepi:
1427 1496 1779 1562 exercitum
1827 1499 1898 1563 in
1949 1498 2218 1564 hiberna

158 1589 401 1666 dimisi3
438 1587 523 1671 Q.
542 1587 805 1653 fratrem
828 1588 1093 1674 negotio
1116 1591 1480 1676 praeposui,
1499 1601 1572 1656 ut
1597 1590 1665 1656 in
1689 1591 1846 1657 vicis
1873 1603 1986 1658 aut
2011 1595 2214 1680 captis

159 1693 269 1748 aut
302 1682 474 1747 male
507 1682 751 1766 pacatis
788 1682 1105 1748 exereitus
1140 1685 1598 1750 conlocaretur.
1685 1707 1859 1752 nunc
1892 1687 2082 1752 velim
2123 1687 2214 1752 sic
2249 1705 2300 1745 n

156 1776 275 1842 tibi
316 1775 736 1862 persuadeas,
790 1776 844 1840 si
888 1776 969 1861 de
1012 1776 1092 1841 iis
1126 1778 1318 1842 rebus
1357 1777 1440 1842 ad
1475 1788 1770 1844 senatum
1800 1779 2076 1845 relatum
2110 1781 2214 1859 sit,

157 1895 260 1938 me
297 1871 807 1938 existimaturum
842 1893 1158 1936 summam
1192 1871 1350 1938 mihi
1382 1871 1640 1941 laudem
1673 1873 1976 1940 tributam
1989 1923 2006 1953 ,
2051 1876 2107 1940 si
2142 1887 2214 1942 tu

156 1966 465 2032 honorem
516 1987 733 2030 meum
786 1967 1100 2032 sententia
1154 1977 1269 2032 tua
1319 1967 1762 2055 conprobaris3
1813 1967 2042 2052 idque,
2095 1971 2215 2036 etsi

156 2061 392 2126 talibus
428 2059 510 2126 de
545 2059 738 2125 rebus
772 2059 1185 2146 gravissimos
1220 2060 1512 2152 homines
1546 2071 1612 2127 et
1645 2083 1873 2150 rogare
1911 2064 2114 2130 solere
2149 2076 2214 2130 et

154 2154 370 2242 rogari
412 2154 571 2230 scio,
624 2165 839 2220 tamen
893 2155 1368 2221 admonendum
1419 2155 1634 2242 potius
1677 2167 1744 2224 te
1785 2179 1826 2222 a
1869 2179 1974 2224 me
2017 2179 2212 2243 quam

153 2249 515 2336 rogandum
564 2259 752 2335 puto:
804 2260 879 2314 tu
922 2271 991 2314 es
1038 2248 1209 2314 enim
1252 2249 1339 2327 is,
1397 2249 1508 2334 qui
1551 2272 1656 2316 me
1706 2251 1836 2317 tuis
1879 2253 2212 2318 sententiis

152 2343 524 2430 saepissime
568 2342 805 2408 ornasti
818 2391 837 2420 ,
889 2343 1001 2426 qui
1036 2343 1349 2420 oratione,
1403 2344 1516 2429 qui
1547 2346 2054 2430 praedicatione,
2099 2347 2212 2432 qui

151 2437 421 2504 summis
468 2435 769 2502 laudibus
821 2435 889 2502 in
942 2448 1199 2516 senatu,
1252 2438 1321 2503 in
1365 2439 1769 2506 contionibus
1823 2440 1907 2506 ad
1959 2441 2210 2508 caelum

150 2531 461 2613 extulisti,
500 2531 681 2597 cuius
716 2553 838 2618 ego
876 2555 1130 2619 semper
1162 2543 1342 2600 tanta
1375 2557 1516 2600 esse
1551 2536 1894 2600 verborum
1925 2535 2212 2621 pondera

147 2626 393 2712 putavi,
427 2637 501 2692 ut
532 2648 664 2692 uno
692 2626 889 2692 verbo
912 2638 1027 2693 tuo
1054 2649 1203 2693 cum
1230 2650 1378 2693 mea
1410 2628 1602 2694 laude
1629 2629 1968 2694 coniuncto
1995 2630 2211 2694 omnia

147 2720 418 2806 adsequi
450 2744 555 2787 me
590 2720 959 2799 arbitrarer3
1007 2732 1070 2787 te
1106 2721 1381 2806 denique
1417 2717 1718 2798 memini,
1755 2743 1903 2787 cum
1947 2722 2206 2788 cuidam

146 2814 499 2881 clarissimo
536 2826 729 2900 atque
774 2815 1015 2902 optimo
1058 2815 1197 2880 viro
1242 2815 1771 2902 supplicationem
1812 2838 1943 2881 non
1989 2815 2206 2883 decer-

143 2931 354 2987 neres,
390 2907 601 2975 dicere
626 2919 690 2974 te
718 2908 1143 2987 decreturum,
1182 2908 1237 2974 si
1264 2910 1610 2974 referretur
1635 2908 1722 2974 ob
1746 2932 1858 2976 eas
1883 2931 2007 2988 res,
2043 2932 2203 2995 quas

143 3003 199 3068 is
236 3003 462 3068 consul
496 3002 564 3068 in
598 3001 761 3068 urbe
794 3003 1116 3089 gessisset.
1171 3014 1244 3068 tu
1276 3003 1449 3070 idem
1483 3002 1640 3067 mihi
1676 3003 2206 3090 supplicationem

144 3096 485 3164 decrevisti
519 3108 769 3184 togato,
812 3120 972 3174 non,
1006 3109 1081 3164 ut
1114 3099 1331 3164 multis
1344 3147 1362 3176 ,
1405 3121 1477 3164 re
1511 3098 1770 3185 publica
1801 3099 1968 3164 bene
2001 3111 2203 3186 gesta,

148 3191 284 3268 sed,
320 3201 395 3257 ut
428 3191 689 3268 nemini,
726 3213 797 3258 re
831 3191 1093 3278 publica
1126 3203 1522 3258 conservata.
1555 3239 1568 3246 -
1595 3193 1798 3270 mitto,
1833 3193 2008 3276 quod
2041 3193 2204 3258 invi·
2239 3210 2290 3250 12

143 3285 351 3362 diam,
403 3284 580 3370 quod
621 3286 936 3372 pericula,
992 3287 1169 3371 quod
1209 3287 1422 3352 omnis
1464 3309 1642 3352 meas
1685 3296 2093 3372 tempestates
2137 3298 2202 3352 et

142 3377 417 3446 subieris
453 3390 519 3446 et
550 3381 755 3446 multo
789 3381 981 3446 etiam
1015 3381 1244 3467 magis,
1280 3381 1333 3446 si
1370 3403 1487 3467 per
1511 3403 1616 3447 me
1649 3380 1953 3458 licuisset,
1988 3380 2202 3446 subire

140 3473 584 3560 paratissimus
619 3473 837 3556 fueris,
872 3475 1049 3559 quod
1082 3475 1361 3558 denique
1395 3474 1725 3541 inimicum
1759 3497 1975 3541 meum
2011 3485 2196 3540 tuum

140 3567 473 3633 inimicum
506 3569 770 3654 putaris,
808 3569 989 3634 cuius
1024 3569 1219 3635 etiam
1250 3568 1598 3647 interitum,
1629 3581 1700 3636 ut
1731 3569 1922 3635 facile
1953 3567 2202 3635 intelle-

140 3683 386 3748 gerem,
422 3660 579 3728 mihi
614 3673 928 3748 quantum
960 3661 1305 3740 tribueres,
1340 3661 1607 3728 Milonis
1641 3683 1838 3728 causa
1867 3662 1938 3727 in
1971 3673 2200 3729 senatu

142 3755 549 3822 defendenda
600 3757 993 3844 adprobat-is.
1098 3779 1139 3821 a
1188 3779 1293 3822 me
1345 3765 1560 3822 autem
1611 3757 1772 3823 haec
1823 3767 1974 3822 sunt
2023 3759 2092 3822 in
2145 3769 2200 3822 te

138 3851 452 3936 profecta,
486 3871 653 3936 quae
680 3873 803 3938 ego
828 3853 898 3918 in
930 3851 1226 3918 beneficii
1258 3852 1402 3918 loco
1427 3871 1558 3916 non
1591 3873 1780 3938 pono,
1817 3851 1932 3917 sed
1963 3851 2034 3916 in
2061 3851 2200 3916 veri

140 3943 487 4010 testimonii
522 3955 715 4032 atque
748 3945 965 4012 iudicii
978 3994 996 4024 ,
1030 3955 1107 4010 ut
1140 3945 1718 4033 praestantissimas
1749 3957 1896 4012 tuas
1929 3945 2197 4012 virtutes

136 4059 269 4104 non
306 4037 537 4106 tacitus
576 4039 922 4106 admirarer
947 4075 1037 4090 ——
1070 4041 1215 4126 quis
1249 4041 1420 4109 enim
1447 4042 1517 4109 id
1549 4065 1679 4109 non
1715 4040 1908 4108 facit?
1941 4077 2048 4120 ——,
2085 4039 2200 4106 sed
