2675 4559
495 284 1047 344 ΕΡΙΗΤΟΕΑΗΠΜ
1083 288 1243 344 Vm.
1283 288 1472 344 1511.
1512 290 1616 344 OE.
1656 292 1704 344 1.
2004 280 2128 344 193

566 930 666 996 M.
721 928 1053 996 TULLII
1109 927 1618 999 CICERONIS

1048 1039 1097 1094 E
1110 1040 1162 1094 T

323 1137 463 1204 AD
518 1137 623 1203 M.
677 1136 1176 1204 TULLIUM
1230 1136 1867 1208 CICERONEM

702 1246 1487 1316 EPISTOLARUM

777 1381 1055 1438 LIBER
1104 1381 1419 1443 NONUS.

559 1487 716 1553 AD
780 1487 879 1553 M.
943 1487 1640 1556 VARRONEM.

1083 1675 1131 1729 Ι.
1167 1662 1204 1695 ⁸

748 1776 863 1832 Ser.
883 1776 1098 1833 Romae
1119 1795 1171 1833 a.
1190 1795 1246 1832 u.
1266 1795 1315 1833 c.
1334 1779 1454 1833 708.
1671 1832 1677 1837 .

578 1877 858 1935 CICERO
900 1879 1027 1951 [M.]
1067 1877 1422 1938 VARRONI
1459 1879 1622 1936 SAL.

218 2016 303 2083 Ex
340 2019 414 2084 iis
466 2019 729 2096 litteris,
784 2040 946 2103 quas
990 2020 1252 2086 Attieus
1297 2043 1337 2086 a
1381 2031 1445 2086 te
1493 2021 1719 2087 missas
1752 2021 1911 2086 mihi
1953 2021 2132 2107 legit,
2167 2032 2212 2082 ι’

125 2109 239 2191 quid
260 2135 467 2199 ageres
494 2124 561 2181 et
591 2113 707 2178 ubi
736 2135 930 2192 esses,
966 2115 1268 2200 'eognovi3
1305 2115 1565 2199 quando
1595 2126 1811 2181 autem
1837 2127 1901 2181 te
1930 2115 2132 2181 visuri

127 2207 376 2287 essemus,
412 2208 576 2273 nihil
617 2230 772 2274 sane
809 2231 891 2274 ex
924 2209 1130 2274 isdem
1164 2209 1408 2275 litteris
1426 2211 1608 2296 potui
1644 2211 1975 2297 suspicari.
2004 2242 2007 2246 Δ
2063 2211 2131 2275 in

128 2319 259 2381 spem
294 2312 497 2368 tamen
542 2301 741 2368 venio
787 2302 1303 2389 adpropinquare
1348 2314 1534 2369 tuum
1586 2305 1964 2371 adventum:
2019 2304 2133 2388 qui

65 2421 67 2424 ’
129 2392 240 2456 mihi
273 2396 514 2462 utinam·
547 2395 792 2462 solacio
838 2396 951 2462 sit!
1006 2396 1126 2463 etsi
1178 2407 1277 2462 tot
1328 2399 1657 2483 tantisque
1699 2400 1894 2465 rebus
1939 2420 2132 2485 urge-

130 2506 254 2565 mur,
297 2491 531 2556 nullam
589 2500 667 2555 ut
716 2490 1100 2556 levationem
1152 2491 1496 2577 quisquam
1547 2515 1678 2558 non
1722 2493 2133 2559 stultissimus

131 2601 324 2663 sperare
363 2586 631 2662 debeat3
674 2583 790 2650 sed
833 2595 1051 2651 tamen
1093 2597 1205 2651 aut
1248 2597 1321 2651 tu
1365 2596 1550 2672 potes
1593 2610 1699 2653 me
1743 2596 1856 2652 aut
1899 2607 2022 2672 ego
2058 2596 2133 2651 te

67 2683 68 2686 ’
131 2672 340 2744 fortasse
369 2679 590 2764 aliqua
623 2700 696 2745 re
739 2679 982 2746 iuvare.
1073 2680 1233 2746 seito
1269 2681 1444 2746 enim
1485 2703 1620 2760 me,
1674 2692 1901 2766 postea
1936 2701 2130 2763 quam
2165 2705 2192 2743 2
2264 2718 2267 2721 -

132 2765 177 2830 in
200 2771 393 2838 urbem
426 2773 749 2851 venerim,
799 2773 1042 2840 redisse
1078 2796 1227 2839 eum
1262 2774 1582 2840 veteribus
1630 2773 1880 2851 amieis,
1931 2773 2003 2838 id
2037 2783 2134 2838 est

135 2880 237 2926 oum
272 2866 436 2933 libris
479 2868 748 2947 nostris,
800 2868 868 2933 in
912 2869 1217 2954 gratiam3
1277 2868 1400 2934 etsi
1439 2874 1568 2934 non
1618 2868 1857 2934 ideireo
1911 2889 2135 2934 eorum

136 2975 272 3023 usum
300 2961 681 3040 dimiseram,
718 2962 893 3046 quod
925 2963 1007 3027 iis
1042 2969 1513 3042 suscenset-em,
1549 2963 1665 3029 sed
1699 2963 1875 3048 quod
1909 2984 2134 3034 eorum

136 3067 207 3112 me
233 3054 645 3141 subpudebat:
692 3056 959 3124 videbar
995 3058 1165 3123 enim
1199 3057 1388 3136 mihi,
1436 3080 1584 3123 eum
1619 3080 1724 3124 me
1758 3059 1828 3122 in
1848 3080 1964 3145 ‘res
2001 3067 2136 3123 tur-

136 3138 539 3218 bulentissimas
575 3150 1031 3218 infidelissimis
1077 3152 1265 3218 sociis
1302 3152 1728 3228 demisissem,
1773 3150 2134 3238 praeceptis

136 3230 330 3305 iHorum
373 3266 502 3310 non
557 3245 712 3310 satis
762 3245 1073 3331 paruisse.
1181 3247 1526 3332 ignoscunt
1576 3244 1765 3321 mihi,
1828 3254 2136 3310 revocant

138 3325 183 3390 in
209 3338 701 3406 consuetudinem
743 3340 1079 3426 pristinam
1115 3351 1338 3424 teque,
1385 3338 1563 3424 quod
1602 3338 1674 3402 in
1717 3358 1796 3403 ea
1837 3359 2136 3423 perman-

140 3424 273 3504 seris,
318 3433 762 3517 sapientiorem
815 3439 1011 3519 qnam
1060 3457 1165 3502 me
1219 3433 1442 3499 dieunt
1493 3430 1712 3498 fuisse.
1800 3451 1997 3514 quam
2049 3430 2134 3493 ob

141 3531 259 3621 15⁸1,
304 3528 598 3606 quoniam
641 3528 909 3613 placatis
953 3529 1034 3594 iis
1076 3541 1251 3606 utor,
1304 3528 1529 3594 videor
1573 3547 1831 3613 sperare
1864 3523 2134 3599 'deber-e,

145 3627 180 3669 ⁸1
203 3623 253 3678 te
279 3618 558 3701 viderim,
613 3633 679 3688 et
712 3646 819 3702 ea,
871 3645 1040 3708 quae
1075 3632 1401 3710 premant,
1450 3631 1515 3687 et
1549 3626 1655 3698 ea,
1710 3640 1877 3706 quae
1910 3617 2137 3702 inpen-

145 3698 311 3786 deant,
362 3736 463 3782 me
514 3716 701 3782 facile
755 3717 1191 3783 transiturum.
1299 3738 1495 3801 quam
1548 3716 1632 3780 ob
1687 3737 1823 3780 rem
1874 3712 2010 3777 sive
2069 3710 2135 3773 in

144 3793 450 3874 Tusculano
502 3811 635 3878 sive
687 3811 755 3877 in
811 3809 1108 3878 Cumano
1166 3811 1249 3879 ad
1301 3823 1367 3877 te
1419 3809 1700 3897 placebit
1751 3807 1913 3884 sive,
1967 3803 2140 3889 quod

146 3889 350 3966 minime
396 3905 624 3984 velim,
666 3906 962 3984 Romae,¹
999 3907 1155 3972 dum
1206 3904 1401 3973 modo
1457 3903 1648 3970 simu]
1701 3902 1929 3979 simus,
1995 3920 2140 3986 per-

147 3979 309 4055 ficiam
355 3998 631 4080 profecto
675 4013 748 4067 ut
798 4001 869 4066 id
911 4001 1165 4088 utrique
1209 4009 1500 4067 nostrum
1554 3993 2142 4064 commodissimum

155 4099 257 4148 esse
284 4087 595 4162 iudicetur.

226 4183 415 4236 Ciceronis
434 4196 509 4240 vol.
528 4196 593 4241 11.
1700 4190 1768 4246 13

65 4238 84 4533 ἶ
