2675 4559
445 261 1000 319 EPISTOLARUM
1034 264 1146 319 AD
1183 262 1250 329 Q.
1287 264 1666 321 FRATREM
1699 268 1777 321 II.
1814 270 1864 322 2.
1891 269 1941 323 3.
2098 257 2228 323 443

164 390 304 455 dies
341 398 438 453 est
482 387 551 453 in
584 410 690 453 vn.
727 386 891 451 Idus⁴
922 386 1117 452 Febr.
1204 386 1460 453 interim
1504 388 1755 455 reiectis
1798 390 2227 479 legationibus

161 486 231 549 in
265 484 426 549 Idus
479 480 878 548 referebatur
916 481 1022 547 >de
1042 482 1387 568 provinciis
1434 495 1849 569 quaestorum
1896 497 1961 552 et
2007 487 2087 553 de
2124 510 2227 553 or-

159 578 392 644 nandis
427 575 857 663 praetoribus3
895 576 1010 641 sed
1043 598 1144 642 res
1179 576 1399 643 multis
1434 578 1709 661 querelis
1746 580 1827 646 de
1860 603 1931 649 re
1967 582 2226 669 publica

156 670 640 758 interponendis
675 670 862 758 'nulla
901 681 1222 737 transacta
1266 683 1383 737 est.
1484 669 1562 738 C.
1602 670 1769 739 Cato
1812 676 2025 761 legem
2076 699 2225 763 pro-

135 766 480 853 *mulgavit
525 766 604 831 de
639 766 908 852 imperio
946 765 1230 831 Lentulo
1266 768 1669 853 abrogando:
1719 770 2023 835 vestitum
2056 771 2223 837 filius
2308 798 2311 803 ·

157 861 458 929 mutavit.
513 884 554 927 a
589 860 651 924 d.
686 883 793 926 vn.
823 860 926 925 Id.
951 860 1144 926 Febr.
1181 860 1349 926 Milo
1384 862 1619 940 adfuit3
1657 862 1817 927 dixit
1849 862 2223 951 Pompeiae,
2260 889 2287 929 2

156 958 298 1023 sive
331 955 564 1020 voluit:
593 977 775 1032 nam,
811 968 884 1021 ut
917 956 1210 1030 surrexit,
1247 977 1481 1041 operae
1501 953 1855 1023 Clodianae
1880 958 2226 1025 clamorem

155 1050 587 1135 sustulerunt,
648 1048 848 1136 idque
911 1048 971 1114 ei
1033 1061 1347 1135 perpetua
1396 1050 1683 1143 oratione
1736 1050 2031 1139 contigit,
2094 1075 2225 1118 non

153 1144 352 1211 modo
397 1155 470 1208 ut
499 1142 1006 1220 adclamatione,
1061 1144 1174 1209 sed
1209 1155 1282 1208 ut
1317 1144 1595 1211 convitio
1627 1157 1695 1211 >et
1736 1146 2091 1213 maledictis
2125 1148 2224 1213 in-

153 1240 506 1326 pediretur.
559 1237 674 1323 qui
709 1250 781 1307 ut
815 1237 1138 1324 peroravit
1162 1274 1250 1285 ——
1265 1260 1421 1305 nam
1454 1240 1521 1308 in
1558 1262 1633 1306 eo
1670 1262 1823 1307 sane
1859 1240 2043 1306 fortis
2078 1242 2219 1319 fuit,

153 1357 289 1400 non
341 1344 442 1400 est
490 1333 862 1411 deterritus,
923 1333 1086 1399 dixit
1141 1335 1357 1399 omnia
1409 1345 1603 1420 atque
1652 1336 1975 1401 interdum
2030 1338 2221 1402 etiam

155 1429 434 1507 silentio,
469 1450 620 1496 cum
655 1429 1032 1495 auctoritate
1060 1432 1095 1511 †
1124 1442 1463 1515 peregerat
1477 1466 1585 1508 -,
1624 1432 1737 1497 sed
1773 1443 1845 1497 ut
1878 1432 2219 1517 peroravit,

155 1523 438 1593 surrexit
468 1521 776 1590 Clodius:
823 1523 882 1590 ei
915 1535 1132 1590 tantus
1167 1525 1409 1590 clamor
1444 1550 1484 1591 a
1516 1528 1750 1591 nostris
1774 1562 1863 1575 --
1888 1528 2221 1613 placuerat

155 1620 334 1686 enim
385 1618 624 1685 referre
677 1618 954 1705 gratiam
987 1656 1103 1696 -—-,
1165 1630 1240 1685 ut
1293 1642 1507 1704 neque
1559 1632 1773 1687 mente
1824 1642 1945 1687 nec
1997 1621 2221 1707 lingua

153 1736 372 1799 neque
417 1736 528 1779 ore
573 1713 967 1779 consisteret.
1057 1737 1134 1779 ea
1168 1736 1270 1791 res
1307 1724 1453 1780 acta
1486 1726 1611 1792 est,
1660 1736 1809 1781 cum
1842 1715 2001 1781 hora
2036 1728 2219 1781 sexta

93 1854 99 1857 -
153 1811 268 1875 vix
318 1807 672 1893 Pompeius
729 1820 1117 1893 perorasset,
1181 1829 1388 1894 usque
1442 1809 1523 1873 ad
1576 1810 1799 1875 horam
1848 1832 2009 1888 vm„
2071 1832 2217 1875 cum

155 1904 378 1971 omnia
409 1902 770 1979 maledicta,
807 1925 1031 1969 versus
1061 1902 1340 1989 denique
1366 1903 1806 1969 obscenissimi.
1828 1903 1896 1968 in
1918 1900 2219 1969 Clodium

156 2010 222 2064 et
260 1995 559 2063 Clodiam
593 1996 975 2063 dicerentur.
1067 1994 1176 2062 ille
1211 1997 1433 2063 furens
1470 2010 1535 2063 et
1570 1997 1915 2083 exsanguis
1950 1999 2220 2065 interro-

154 2092 360 2179 gabat
395 2114 544 2157 suos
577 2092 647 2157 in
682 2092 960 2157 clamore
995 2092 1166 2179 ipsc,
1203 2091 1347 2175 quis
1385 2103 1572 2169 esset,
1608 2093 1722 2176 qui
1754 2094 2011 2179 plebem
2044 2094 2217 2161 fame

153 2197 438 2253 necaret.
491 2185 966 2271 respondebant
991 2207 1252 2272 operae:
1292 2186 1713 2271 ‘Pompeius.’
1767 2187 1911 2271 quis
1930 2188 2219 2254 Alexan·-

155 2281 381 2347 dream
413 2280 508 2346 ire
543 2290 824 2367 cuperet.
876 2281 1379 2367 respondebant:
1418 2274 1840 2367 ‘Pompeiua’
1896 2304 2090 2366 quem
2124 2283 2239 2349 ire*

154 2374 414 2443 vellent.
499 2374 1002 2462 respondebant:
1049 2382 1068 2411 ‘
1082 2371 1435 2441 Crassum?
1520 2374 1579 2439 is
1616 2376 1837 2441 aderat
1871 2388 2039 2455 tum,
2084 2378 2219 2442 Mi-

152 2470 302 2538 loni*
321 2470 536 2535 animo
569 2491 701 2534 non
737 2470 963 2535 amico.
1049 2470 1208 2536 hora
1243 2468 1379 2535 fere
1413 2492 1586 2535 nona
1620 2472 1807 2554 quasi
1843 2472 2029 2558 signo
2064 2472 2217 2537 dato

157 2562 458 2630 Clodiani
518 2575 770 2630 nostros
834 2575 1216 2651 consputare
1280 2578 1655 2650 coeperunt:
1720 2566 1955 2631 exarsit
2018 2567 2215 2631 dolor.

155 2680 434 2745 urguere
475 2659 596 2735 illi,
649 2670 745 2723 ut-
765 2660 906 2723 loco
950 2680 1068 2723 nos
1109 2670 1445 2725 moverent
1453 2684 1471 2737 3
1526 2659 1733 2724 factus
1779 2670 1876 2725 est
1912 2683 1951 2723 a
1984 2662 2217 2725 nostris

151 2755 462 2839 impetus3
507 2753 668 2840 fuga
713 2774 1079 2839 operarum3
1127 2752 1369 2817 eiectus
1412 2754 1493 2818 de
1538 2753 1757 2817 rostris
1794 2750 2093 2830 Clodius;
2142 2777 2217 2823 ac

151 2871 274 2913 nos
325 2870 582 2935 quoque
633 2860 772 2913 tum
823 2842 1139 2933 fugimus,
1191 2870 1274 2913 ne
1325 2846 1483 2931 quid
1533 2845 1601 2911 in
1651 2846 1859 2912 turba.
1959 2860 2217 2915 senatus

152 2953 424 3009 vocatus
456 2942 528 3007 in
563 2943 836 3019 curiam3
872 2941 1223 3027 Pompeius
1261 2941 1552 3006 domum:
1596 2962 1807 3025 neque
1844 2962 1965 3029 ego
2000 2953 2219 3010 tamen
2258 3014 2265 3023 ,

151 3039 224 3103 in
261 3049 586 3115 senatum,
621 3061 703 3103 ne
740 3048 851 3103 aut
887 3038 968 3103 de
1001 3037 1194 3103 tantis
1229 3037 1423 3103 rebus
1459 3047 1737 3102 tacerem
1773 3048 1885 3101 aut
1918 3037 1985 3102 in
2020 3038 2218 3103 Pom-
2300 3112 2307 3118 ,

151 3132 300 3219 peio
335 3131 741 3198 defendendo
757 3168 844 3179 --
859 3152 1008 3197 nam
1043 3132 1100 3197 is
1137 3130 1520 3217 carpebatur
1552 3152 1593 3195 a
1624 3129 1883 3207 Bibulo,
1912 3128 2215 3209 Curione,

153 3227 469 3304 Favoni0,
499 3226 772 3294 Servilio
795 3226 930 3292 filio
946 3262 1034 3273 --
1061 3225 1308 3292 animos
1343 3225 1659 3289 bonorum
1694 3223 1977 3289 virorum
2012 3224 2241 3290 offen-⁴

155 3322 396 3387 derem.
450 3344 553 3389 res
587 3322 656 3387 in
689 3333 1016 3409 posterum
1053 3320 1252 3385 dilata
1285 3331 1413 3399 est3
1452 3316 1721 3385 Clodius
1756 3320 1823 3385 in
1855 3318 2215 3403 Quirinalia

152 3415 436 3502 prodixit
481 3416 671 3481 diem.
762 3440 820 3481 a.
859 3416 921 3481 d.
957 3438 1040 3482 π.
1078 3416 1178 3480 Id.
1213 3414 1409 3481 Febr.
1458 3425 1717 3479 senatus
1764 3414 1847 3478 ad
1893 3414 2215 3500 Apollinis
2248 3428 2274 3467 3

151 3510 299 3587 fuit,
335 3522 408 3575 ut
440 3510 794 3597 Pompeius
828 3510 1098 3575 adesset.
1179 3520 1324 3575 acta
1358 3532 1470 3575 res.
1496 3519 1591 3573 est
1628 3508 1910 3595 graviter
1945 3531 1984 3573 a
2018 3507 2218 3572 Pom-

151 3605 321 3690 pei0.
411 3627 488 3673 eo
525 3605 628 3671 die
671 3605 830 3671 nihil
865 3603 1224 3691 perfectum
1259 3614 1377 3669 est.
1468 3625 1526 3667 a.
1564 3603 1627 3667 d.
1665 3624 1727 3667 v.
1764 3601 1863 3668 Id.
1898 3602 2093 3667 Febr.
2132 3601 2215 3666 ad

151 3698 478 3785 Apollinis
515 3710 776 3765 senatus
825 3699 1186 3764 consultum
1229 3697 1474 3763 factum
1511 3708 1635 3775 est,
1682 3720 1786 3775 ea,
1831 3718 1999 3781 quae
2044 3695 2217 3760 facta

153 3803 369 3859 essent
405 3817 463 3859 a.
502 3793 565 3857 d.
581 3815 667 3859 vi.
689 3793 788 3859 Id.
807 3792 1025 3869 Febr„
1061 3802 1283 3857 contra
1317 3814 1453 3859 rem
1488 3790 1815 3880 publicam
1849 3812 1989 3857 esse
2022 3790 2214 3855 facta.

152 3910 231 3955 eo
277 3889 381 3955 die
432 3886 600 3955 Cato
653 3888 1062 3955 vehementer
1114 3900 1208 3953 est
1259 3887 1327 3953 in
1372 3886 1756 3973 Pompeium
1806 3885 2099 3952 invectus
2153 3894 2218 3951 et

149 4006 304 4049 eum
340 3983 628 4049 oratione
661 3994 973 4071 perpetua
1014 3994 1345 4067 tamquam
1380 4003 1563 4049 reum
1598 3980 1950 4059 accusavit3
1996 3980 2077 4046 de
2113 4000 2238 4045 me¹

148 4079 358 4144 multa
389 4101 495 4144 me
531 4077 732 4144 invito
768 4100 918 4146 cum
952 4100 1094 4143 mea
1129 4100 1383 4144 summa
1416 4078 1607 4145 laude
1637 4078 1825 4145 dixit:
1863 4100 2013 4144 cum
2045 4074 2215 4141 illius
