2675 4559
692 226 1248 287 EPISTOLARUM
1279 228 1381 286 lv.
1416 231 1468 284 4.
1504 230 1556 285 ὅ.
2074 218 2159 286 75

151 352 346 440 possit3
383 374 420 417 a
452 373 579 436 quo
625 350 833 417 studio
867 363 933 417 te
979 352 1214 417 abduci
1257 352 1533 437 negotiis
1576 354 1879 439 intellego
1914 378 1995 421 ex
2031 357 2155 421 tuis
2186 376 2213 417 ⁵

151 447 364 523 litteris,
421 447 533 511 sed
597 457 808 511 tamen
861 446 1103 531 aliquid
1163 446 1294 509 iam
1346 458 1566 511 noctes
1618 459 1681 512 te
1734 448 2150 514 adiuvabant.

150 539 373 607 Servius
422 550 568 606 tuus
623 540 725 605 vel
767 539 984 625 potius
1035 550 1253 604 noster
1303 562 1557 605 summa
1600 564 1705 607 me
1750 542 2155 607 observantia

149 634 292 709 colit3
329 633 504 699 cuius
547 655 672 719 ego
715 656 866 698 cum
900 633 1076 699 omni
1117 633 1437 719 probitate
1480 656 1858 721 summaque
1900 636 2154 715 virtute,

147 738 254 793 tum
299 727 514 793 studiis
569 727 982 811 doctrinaque
1034 727 1335 792 delector.
1432 729 1489 792 is
1540 750 1793 795 mecum
1834 753 2029 817 saepe
2075 732 2157 796 de

147 834 234 885 tua
258 820 570 887 mansione
615 832 728 887 aut
762 821 1132 887 decessione
1166 822 1623 888 communicat:
1670 825 1881 890 adhuc
1920 826 1989 890 in
2032 826 2155 891 hac

147 937 258 979 sum
287 916 620 992 sententia,
653 914 816 982 nihil
847 926 922 981 ut
955 915 1270 981 faciamus
1305 916 1433 981 nisi
1466 918 1639 1001 quod
1674 919 1949 984 maxime
1987 917 2157 985 Cae-

149 1031 230 1071 sar
256 1008 398 1073 velle
432 1008 747 1075 videatur.
819 1032 922 1075 res
958 1020 1110 1075 sunt
1143 1010 1282 1076 eius
1313 1011 1512 1090 modi,
1547 1024 1641 1089 ut,
1676 1012 1731 1076 si
1766 1012 2011 1077 Romae
2046 1014 2155 1089 sis,

147 1101 267 1167 nihil
295 1113 539 1188 praeter
573 1114 722 1169 tuos
767 1116 824 1168 te
858 1103 1174 1170 delectare
1219 1106 1441 1190 possit.
1530 1106 1609 1171 de
1654 1105 1945 1190 reliquis,
1996 1106 2155 1169 nihil

149 1198 328 1263 melius
356 1198 496 1285 ipso
531 1210 652 1276 est,
687 1198 884 1264 ceteri
918 1209 983 1263 et
1018 1205 1230 1265 ceter'a
1264 1200 1401 1266 eius
1437 1201 1633 1278 modi,
1667 1211 1761 1277 ut,
1796 1199 1851 1265 si
1884 1200 2155 1265 alterum

147 1300 318 1355 utrum
361 1314 626 1359 neeesse
679 1292 789 1369 sit,
843 1292 1073 1357 audire
1110 1315 1187 1359 ea
1230 1294 1419 1359 malis
1464 1316 1661 1379 quam
1705 1293 1942 1359 videre.
2030 1293 2158 1358 hoc

135 1397 386 1462 ‚nostrum
433 1386 773 1453 consilium
815 1385 1002 1452 nobis
1045 1387 1304 1454 minime
1350 1388 1703 1453 iummdum
1748 1398 1873 1465 est,
1927 1388 2039 1473 qui
2090 1398 2155 1452 te

144 1478 318 1545 videre
349 1482 668 1567 cupimus,
703 1481 816 1546 sed
851 1482 1242 1548 consulimus
1279 1482 1415 1547 tibi.
1507 1484 1670 1548 vale.

1091 1716 1164 1772 V.

539 1818 662 1875 Ser.
683 1819 922 1874 Athenis
939 1836 1132 1874 mense
1149 1818 1335 1889 Aprili
1358 1835 1409 1873 a.
1429 1836 1484 1873 u.
1510 1835 1558 1873 c.
1580 1818 1698 1872 709.

717 1920 1041 1978 SERVIUS
1079 1920 1443 1978 CICERONI
1479 1918 1535 1975 S.

240 2042 458 2111 Postea
499 2068 702 2130 quam
746 2044 901 2109 mihi
927 2045 1379 2113 renuntiatum
1414 2056 1510 2110 est
1546 2044 1628 2109 de
1660 2044 1843 2109 obitu
1877 2043 2149 2119 Tulliae,
2188 2074 2210 2111 ι

144 2132 274 2203 filiae
303 2148 470 2216 tuae,
507 2162 667 2207 sane
703 2161 900 2223 quam
932 2160 1052 2225 pro
1087 2162 1165 2204 eo
1201 2160 1277 2203 ac
1313 2139 1509 2203 debui
1543 2139 1825 2225 graviter
1858 2138 2152 2205 moleste-

146 2248 239 2309 que
267 2233 372 2297 tuli
403 2255 939 2317 communemque
977 2256 1120 2299 eam
1148 2233 1578 2299 calamitatem
1604 2233 1983 2309 existimavi,
2019 2234 2149 2316 qui,

148 2323 188 2386 si
211 2325 332 2393 istic
361 2329 741 2405 adfuissem,
777 2350 993 2413 neque
1027 2328 1143 2393 tibi
1179 2328 1525 2394 defuissem
1561 2350 1901 2413 coramque
1936 2350 2151 2393 meum

149 2416 378 2485 dolorem
418 2423 534 2487 tibi
584 2424 1030 2500 declarassem.
1119 2422 1239 2487 etsi
1283 2444 1489 2508 genus
1535 2423 1661 2487 hoc
1704 2422 2149 2487 consolationis

147 2510 405 2582 miserum·
429 2528 625 2603 atque
660 2518 966 2583 acerbum
1000 2528 1117 2593 est,
1153 2530 1493 2603 propterea
1518 2518 1691 2601 quia,
1725 2539 1842 2602 per
1876 2537 2038 2599 quos
2074 2538 2150 2579 ea

149 2606 354 2675 confieri
385 2612 578 2677 debet
615 2606 1037 2697 [propinquos
1067 2633 1145 2675 ac
1177 2608 1563 2695 familiaris],
1599 2611 1647 2675 ii
1676 2610 1803 2696 ipsi
1838 2610 1979 2695 pari
2012 2631 2151 2674 mo-

147 2696 286 2766 lestia
330 2705 712 2771 adficiuntur
762 2728 972 2790 neque
1029 2706 1163 2771 sine
1213 2706 1493 2770 lacrimis
1546 2704 1763 2769 multis
1814 2702 1883 2768 id
1936 2703 2151 2768 conari

147 2809 386 2876 possunt,
435 2800 538 2867 uti
589 2800 794 2887 magis
836 2800 963 2885 ipsi
1009 2799 1348 2865 videantur
1402 2798 1673 2863 aliorum
1718 2795 2149 2862 consolatione

150 2884 380 2975 indigere
406 2916 604 2979 quam
633 2896 771 2959 aliis
805 2917 994 2980 posse
1021 2916 1210 2959 suum
1239 2893 1526 2959 officium
1553 2902 1898 2978 praestare,
1935 2902 2151 2955 tamen

151 2999 276 3060 quae
318 2986 381 3052 in
429 2989 796 3075 praesentia
845 2989 914 3052 in
963 2998 1245 3053 mentem
1291 2987 1448 3052 mihi
1501 2997 1843 3063 venerunt,
1898 2983 2150 3050 deerevi

150 3071 288 3141 brevi
318 3082 395 3145 ad
427 3094 489 3149 te
531 3083 944 3167 perscribere,
977 3105 1108 3147 non
1143 3102 1271 3166 quo
1305 3104 1385 3147 ea
1418 3092 1481 3145 te
1516 3080 1743 3166 fugere
1770 3078 2149 3154 existimem,

151 3170 236 3233 sed
263 3176 418 3256 quod
460 3177 732 3243 forsitan
766 3177 990 3243 dolore
1029 3176 1375 3263 impeditus
1422 3174 1633 3238 minus
1670 3196 1749 3239 ea
1782 3172 2147 3257 perspicias.

151 3263 271 3342 quid
305 3280 395 3334 est
437 3271 614 3355 quod
657 3281 832 3337 tanto
867 3293 1061 3357 opere
1105 3283 1170 3336 te
1206 3280 1607 3335 commoveat
1646 3278 1795 3331 tuus
1832 3266 2012 3331 dolor
2054 3265 2151 3328 in-
2185 3293 2209 3330 2

151 3358 408 3427 teatinus?
447 3365 689 3451 cogita,
735 3387 928 3450 quem
965 3366 1048 3431 ad
1089 3364 1353 3430 modum
1399 3362 1611 3428 adhuc
1644 3361 1903 3425 fortuna
1936 3358 2153 3425 nobis-

154 3466 266 3515 eum
303 3459 522 3542 egerit:
575 3482 654 3526 ea
685 3459 872 3525 nobis
919 3468 1138 3545 erepta
1187 3481 1324 3524 esse
1337 3504 1360 3535 ,
1411 3476 1579 3541 quae
1622 3454 1987 3519 hominibus
2021 3473 2149 3519 non

154 3543 320 3612 minus
358 3574 551 3635 quam.
588 3554 774 3619 liberi
819 3576 970 3619 cara
1011 3574 1154 3619 esse
1189 3552 1453 3630 debent,
1498 3550 1801 3639 patriam,
1854 3549 2152 3617 honesta-

155 3644 278 3717 tem,
323 3644 718 3732 dignitatem,
771 3648 1046 3715 honores
1091 3646 1316 3713 omnis.
1406 3646 1531 3711 hoc
1572 3667 1701 3712 uno
1746 3644 2150 3711 incommodo

156 3729 328 3834 addito
368 3741 519 3822 quid
561 3742 646 3807 ad
689 3742 974 3808 dolorem
1017 3740 1281 3827 adiungi
1327 3740 1571 3827 potuit?
1622 3750 1733 3805 aut
1778 3738 1887 3822 qui
1922 3758 2052 3802 non
2085 3736 2153 3800 in

155 3821 250 3889 ¹le
291 3833 470 3900 rebus
511 3837 897 3905 exercitatus
948 3835 1198 3903 animus
1243 3836 1475 3901 callere
1528 3834 1658 3899 iam
1716 3832 1909 3897 debet
1960 3840 2151 3913 atque

161 3924 330 3989 omnia
358 3930 614 3997 minoris·
643 3930 1050 3998 existimare?
1095 3954 1179 3995 an
1212 3929 1383 3995 illius
1420 3929 1649 4005 vicem,
1686 3925 1897 4002 eredo,
1936 3924 2152 3991 doles?
2188 3946 2213 3985 3

163 4017 404 4093 quotiens
441 4025 505 4091 in
547 4049 690 4094 eam
711 4026 1186 4113 cogitationem
1228 4045 1491 4089 necesse
1536 4031 1635 4088 est.
1684 4032 1749 4087 et
1788 4030 1863 4085 tu
1904 4019 2153 4085 veneris
