2675 4559
723 218 1280 277 EPISTOLARUM
1311 219 1360 274 1.
1396 220 1551 275 9.10.
1599 259 1605 269 .
2079 208 2167 277 25

154 345 486 414 reconcilies
529 355 638 411 aut
678 344 962 430 mitiges:
1017 343 1085 407 id
1120 343 1240 409 etsi
1274 342 1533 410 difficile
1570 354 1693 422 est,
1749 355 1965 412 tamen
2008 345 2165 411 mihi

153 443 372 509 videtur
404 463 541 507 esse
573 438 949 525 prudentiae
984 448 1153 504 tuae.

1095 673 1169 729 X.

521 777 640 833 Ser.
659 777 874 833 Romae
892 793 1082 832 mense
1099 776 1405 832 Decembri
1426 794 1476 831 a.
1495 794 1550 831 u.
1572 794 1621 832 c.
1641 778 1759 833 700.

264 882 332 937 M.
368 878 643 939 CICERO
682 878 739 936 S.
775 879 848 934 D.
888 879 956 934 L.
993 877 1338 961 VALERIO
1375 878 2012 938 IURISGONSULTO.

253 1002 377 1071 Cur
417 1004 589 1071 enim
634 1002 751 1067 tibi
794 1002 918 1067 hoc
961 1024 1090 1067 non
1133 1002 1457 1090 gratificer
1490 1004 1736 1081 nescio,
1790 1005 2164 1091 praesertim

152 1121 267 1163 cum
309 1098 404 1163 his
466 1096 866 1184 temporibus
929 1095 1200 1162 audacia
1263 1118 1383 1183 pro
1436 1095 1748 1183 sapientia
1807 1098 1997 1163 liceat
2045 1097 2160 1163 uti.

151 1190 387 1259 Lentulo
433 1188 654 1257 nostro
701 1191 808 1278 egi
849 1213 966 1276 per
1008 1191 1253 1258 litteras
1297 1202 1412 1257 tuo
1446 1192 1704 1259 nomine
1746 1192 1985 1279 gratias
2022 1192 2164 1258 dili-

149 1299 358 1371 genter3
411 1286 530 1353 sed
574 1297 648 1352 tu
693 1286 887 1352 velim
931 1285 1186 1351 desinas
1237 1286 1367 1351 iam
1412 1288 1644 1352 nostris
1685 1287 1909 1353 litteris
1951 1287 2048 1353 uti
2099 1298 2165 1354 et

150 1402 240 1446 nos
277 1382 616 1466 aliquando
660 1382 903 1448 revisas
951 1394 1016 1447 et
1056 1381 1148 1446 ibi
1191 1382 1377 1447 malis
1414 1405 1581 1461 esse,
1631 1381 1745 1448 ubi
1787 1383 2001 1467 aliquo
2044 1406 2164 1450 nu-

146 1498 288 1541 mero
303 1477 402 1554 sis,
439 1498 642 1561 quam
666 1475 829 1553 istic,
856 1475 970 1541 ubi
995 1476 1168 1542 solus
1199 1499 1423 1563 sapere
1449 1476 1735 1546 videare.
1773 1499 2164 1562 quamquam

147 1569 232 1652 qui
258 1571 436 1636 istinc
470 1570 762 1648 veniunt,
797 1570 1030 1657 partim
1064 1581 1128 1636 te
1165 1570 1516 1656 superbum
1545 1594 1683 1637 esse
1709 1571 1951 1650 dicunt,
1989 1573 2164 1657 quod

145 1664 271 1729 nihil
299 1665 716 1752 respondeas,
769 1664 1003 1750 partim
1039 1664 1598 1743 contumeliosum,
1647 1665 1822 1749 quod
1862 1668 2029 1733 male
2062 1690 2164 1733 re-

147 1758 438 1843 spondeas.
531 1759 647 1825 sed
695 1760 826 1824 iam
876 1758 1066 1845 cupio
1114 1770 1328 1824 tecum
1374 1780 1589 1824 coram
1640 1758 1867 1825 iocari.
1922 1782 2052 1844 qua
2092 1784 2161 1826 re

145 1851 225 1917 fac
266 1866 335 1919 ut
381 1876 581 1939 quam
632 1854 910 1941 primum
962 1854 1184 1920 venias
1241 1874 1454 1937 neque
1505 1854 1573 1919 in
1624 1854 1935 1941 Apuliam
1988 1865 2163 1921 tuam

146 1946 399 2026 accedas,
443 1959 522 2015 ut
564 1948 882 2035 possimus
925 1949 1176 2014 salvum
1212 1948 1465 2015 venisse
1508 1949 1792 2035 gaudere
1801 1974 1820 2028 3
1868 1972 2018 2015 nam
2052 1949 2161 2016 illo

146 2039 184 2101 si
212 2041 439 2108 veneris
453 2090 473 2121 ,
511 2054 842 2126 tamquam
876 2040 1106 2108 Ulixes
1142 2063 1491 2129 cognosces
1526 2055 1784 2109 tuorum
1818 2042 2157 2110 neminem.
