2675 4559
774 182 1329 242 EPISTOLARUM
1361 184 1493 242 XV.
1532 185 1616 240 14.
1643 187 1726 242 15.
2152 173 2280 242 391

1190 331 1317 414 XV.

878 457 995 514 Scr.
1012 458 1297 514 Brundisii
1316 477 1368 515 a.
1385 477 1441 513 u.
1461 475 1507 514 c.
1528 459 1649 514 707.

744 561 819 616 M.
858 560 1132 618 CICERO
1170 561 1227 618 S.
1262 561 1337 616 D.
1375 560 1438 617 C.
1477 558 1761 618 CASSIO.

348 685 495 752 Etsi
540 695 815 770 uterque
864 695 1155 750 nostrum
1198 704 1311 770 spe
1363 686 1550 770 pacis.
1589 695 1656 752 et
1699 685 1845 751 odio
1891 686 2092 752 civilis
2137 711 2283 753 san-
2315 709 2340 748 1

212 782 435 870 guinis
480 780 705 846 abesse
750 803 791 845 a
830 779 983 846 belli
1016 779 1369 866 pertinacia
1409 780 1638 857 voluit,
1683 791 1931 859 tamen,
1978 783 2282 868 quoniam

215 877 361 942 eius
398 875 643 941 consilii
677 875 973 960 princeps
1010 874 1131 962 ego
1166 874 1366 940 fuisse
1402 875 1641 952 videor,
1675 875 1822 962 plns
1857 877 2129 944 fortasse
2164 878 2282 942 tibi

212 981 547 1056 praestare
582 970 723 1054 ipse
758 969 962 1034 debeo
994 991 1189 1053 quam
1218 991 1259 1033 a
1282 979 1355 1034 te·
1377 980 1772 1054 exspectaret
1811 970 1950 1049 etsi,
1988 983 2061 1036 ut
2087 994 2280 1056 saepe

213 1065 399 1131 soleo
439 1086 697 1129 mecum
736 1063 1086 1150 recordari,
1133 1084 1338 1129 sermo
1375 1062 1704 1129 familiaris
1738 1087 1920 1130 meus
1965 1075 2180 1131 tecum
2217 1076 2280 1130 et

212 1159 377 1224 item
412 1179 665 1223 mecum
700 1167 851 1222 tuus
898 1157 1165 1222 adduxit
1198 1168 1543 1242 utrumque
1577 1168 1867 1224 nostrum
1901 1160 1985 1224 ad
2024 1158 2093 1224 id
2129 1180 2280 1225 con-

214 1253 462 1332 silium,
506 1264 581 1318 ut
616 1274 746 1317 uno
780 1252 1022 1337 proelio
1058 1262 1461 1338 putaremuS,
1507 1253 1563 1317 si
1596 1275 1728 1317 non
1761 1264 1961 1319 totam
1997 1275 2276 1330 causam,

213 1359 285 1414 at
339 1358 511 1414 certe
572 1358 863 1413 nostrum
924 1341 1233 1410 iudicium
1300 1346 1550 1412 definiri
1603 1347 1960 1414 convenire.
2065 1371 2277 1433 neque

213 1441 565 1528 quisquam
598 1441 765 1518 hanc
799 1451 1083 1506 nostram
1120 1441 1501 1506 sententiam
1537 1463 1686 1508 vere
1721 1463 2030 1527 umquam
2064 1466 2280 1529 repre-

212 1537 445 1603 hendit
495 1545 749 1622 praeter
800 1555 941 1611 eos,
1004 1534 1116 1618 qui
1169 1534 1557 1600 arbitrantur
1609 1537 1836 1602 melius
1889 1559 2028 1602 esse
2081 1538 2279 1603 deleri
2391 1561 2402 1570 χ

212 1631 480 1696 omnino
522 1652 661 1696 rem
712 1629 1041 1714 publicam
1084 1649 1279 1712 quam
1325 1628 1729 1694 imminutam
1777 1641 1842 1694 et
1885 1631 2278 1696 debilitatam

211 1745 507 1789 manerez
548 1729 669 1809 ego
707 1733 923 1788 autem
957 1745 1041 1788 ex
1073 1722 1335 1788 interitu
1370 1723 1507 1788 eius
1539 1723 1784 1788 nullam
1819 1746 2000 1809 spem
2037 1725 2278 1790 scilicet

209 1818 378 1882 mihi
429 1817 898 1904 proponebam,
963 1839 1045 1882 ex
1094 1817 1406 1901 reliquiis·
1430 1839 1750 1902 magnam.
1840 1818 1956 1884 sed
2009 1841 2088 1884 ea
2131 1831 2280 1884 sunt
2314 1835 2339 1874 2

214 1923 593 1989 consecuta,
658 1923 731 1976 ut
780 1911 995 1998 magis
1040 1910 1275 1976 mirum
1327 1912 1412 1977 sit
1463 1911 1751 1976 accidere
1809 1912 1922 1978 illa
1947 1914 2276 1999 ,potuisse‚

214 2028 422 2090 quam
451 2028 569 2072 nos
604 2027 736 2071 non
770 2006 1011 2072 vidisse
1048 2028 1125 2071 ea
1160 2007 1382 2072 futura
1415 2027 1564 2083 nec,
1597 2004 1886 2072 homines
1923 2029 2072 2072 cum
2109 2029 2280 2074 esse-

212 2123 387 2178 mus,
421 2099 709 2167 divinare
734 2101 1045 2185 potuisse.
1136 2100 1435 2184 equidem
1471 2101 1678 2166 fateor
1711 2123 1924 2166 meam
1954 2102 2279 2168 coniectu-

214 2217 361 2259 ram
393 2194 563 2259 hanc
586 2193 806 2270 fixisse,
841 2205 917 2258 ut
939 2194 1050 2258 illo
1073 2195 1265 2278 quasi
1300 2194 1582 2278 quodam
1620 2194 1802 2260 fatali
1827 2196 2070 2281 proelio
2103 2195 2275 2262 facto

216 2299 279 2356 et
314 2289 593 2356 victores
631 2288 955 2353 communi
984 2288 1219 2353 saluti.
1241 2290 1492 2354 consuli
1525 2289 1764 2374 vellent
1797 2300 1862 2356 et
1903 2291 2056 2356 v‘icti
2101 2314 2274 2368 suae,

212 2388 565 2466 utrumque
626 2393 840 2448 autem
900 2383 1183 2468 positum
1236 2405 1376 2448 esse
1429 2383 1774 2450 arbitrarer
1834 2384 1903 2448 in
1957 2384 2278 2452 celeritate

212 2477 506 2544 victoris:
578 2497 743 2560 quae
798 2477 853 2541 si
902 2477 1161 2554 fuisset,
1226 2477 1497 2543 eandem
1561 2479 1964 2545 clementiam
2016 2491 2280 2566 experta

212 2569 389 2638 esset
423 2569 679 2649 Africa,
734 2592 929 2655 quam
974 2571 1277 2656 cognovit
1311 2571 1476 2636 Asia
1489 2619 1506 2648 ,
1562 2594 1758 2656 quam
1801 2572 1993 2638 etiam
2027 2574 2281 2638 Achaia

212 2679 275 2734 te
284 2715 307 2746 ,
347 2676 420 2731 ut
454 2666 709 2752 opinor,
745 2667 885 2752 ipso
920 2665 1135 2751 legato
1167 2685 1247 2731 ac
1282 2667 1722 2752 deprecatore;
1777 2666 2026 2732 amissis
2062 2678 2279 2732 autem

210 2759 643 2846 temporibus,
697 2782 864 2846 quae
898 2760 1245 2846 plurimum
1279 2761 1523 2838 valent,
1576 2761 1950 2845 praesertim
1982 2761 2050 2826 in
2093 2760 2278 2826 bellis

213 2855 544 2932 civilibus,
595 2853 1005 2940 interpositus
1050 2877 1255 2920 annus
1292 2855 1450 2920 alios
1493 2853 1775 2932 induxit,
1830 2865 1902 2919 ut
1944 2855 2278 2922 victoriam

214 2959 567 3036 sperarent,
605 2948 783 3026 ahoe,
815 2959 890 3014 ut
922 2949 1137 3034 ipsum
1171 2949 1342 3014 vinci
1375 2959 1872 3014 contemnerent.
1937 2959 2129 3036 atque
2164 2950 2280 3014 ho-

213 3067 363 3109 rum
422 3042 737 3109 malorum
800 3043 1087 3110 omnium
1140 3043 1398 3130 culpam
1461 3043 1719 3108 fortuna
1751 3043 2068 3109 sustinet:
2133 3045 2276 3128 quis

215 3139 389 3204 enim
419 3148 535 3204 aut
566 3137 993 3204 Alexandrini
1026 3139 1178 3204 belli
1214 3150 1459 3204 tantam
1493 3159 1739 3202 moram
1773 3136 1924 3202 huic
1957 3137 2128 3203 bello
2166 3138 2278 3202 ad-

213 3232 508 3298 iunctum
556 3232 637 3297 iri
688 3243 801 3297 aut
861 3233 1075 3299 nescio
1128 3254 1321 3316 quem
1372 3233 1570 3298 istum
1619 3229 2024 3296 Pharnacem
2075 3231 2276 3296 Asiae

214 3337 523 3392 terrorem
565 3326 917 3392 inlaturum
957 3327 1251 3413 putaret?
1300 3347 1420 3392 nos
1464 3336 1680 3392 tamen
1723 3326 1791 3390 in
1837 3323 2103 3402 consilio„
2135 3328 2276 3412 pari
2311 3339 2336 3376 3

216 3441 373 3486 casu
405 3419 699 3486 dissimili
730 3421 833 3486 usi
868 3443 1121 3486 sumus:
1157 3433 1229 3486 tu
1264 3421 1436 3487 enim
1471 3443 1614 3486 eam
1649 3429 1898 3506 partem
1929 3419 2167 3506 petisti,
2205 3431 2278 3483 ut

217 3526 279 3581 et
316 3515 596 3580 consiliis
630 3515 969 3583 interesses
1004 3527 1097 3595 et,
1142 3517 1317 3601 quod
1352 3515 1631 3582 maxime
1667 3537 1890 3582 curam
1923 3515 2125 3591 levat,
2173 3513 2279 3578 fu-

216 3617 363 3675 tura
395 3608 611 3674 animo
643 3611 1006 3696 prospicere
1040 3633 1261 3698 posses
1272 3635 1291 3689 ς
1327 3632 1473 3696 eg0,
1509 3609 1620 3694 qui
1653 3608 1973 3686 festinavi,
2009 3619 2082 3673 ut
2111 3605 2278 3673 Gae-

220 3724 428 3770 sarem
476 3704 547 3770 in
598 3705 789 3772 Italia
841 3706 1127 3772 viderem
1168 3741 1257 3754 —
1310 3705 1402 3770 sic
1455 3704 1626 3771 enim
1679 3704 2150 3771 arbitrabamur
2190 3739 2279 3752 --

221 3819 498 3884 eumque
528 3800 749 3866 multis
783 3799 1245 3866 honestissimis
1289 3800 1443 3866 viris
1479 3799 1867 3865 conservatis
1901 3801 2276 3866 redeuntem

222 3889 303 3956 ad
342 3915 577 3980 pacem
610 3907 997 3974 currentem,
1032 3906 1105 3962 ut
1138 3895 1348 3971 aiunt,
1380 3893 1738 3972 incitarem,
1775 3893 1860 3960 ab
1892 3893 2002 3959 illo
2037 3892 2278 3978 longis-

223 3985 377 4054 sime
412 3999 478 4055 et
520 3988 748 4054 absum
790 4001 856 4056 et
881 3990 1053 4056 afui.
1140 4013 1362 4058 versor
1404 3999 1620 4058 autem
1661 3991 1730 4056 in
1773 3988 2016 4077 gemitu
2049 3987 2276 4054 Italiae
