<?xml version="1.0" encoding="UTF-8"?>
<!DOCTYPE html PUBLIC "-//W3C//DTD XHTML 1.0 Transitional//EN"
    "http://www.w3.org/TR/xhtml1/DTD/xhtml1-transitional.dtd">
<html xmlns="http://www.w3.org/1999/xhtml" xml:lang="en" lang="en">
 <head>
  <title>
</title>
<meta http-equiv="Content-Type" content="text/html;charset=utf-8" />
  <meta name='ocr-system' content='tesseract 3.04.00' />
  <meta name='ocr-capabilities' content='ocr_page ocr_carea ocr_par ocr_line ocrx_word'/>
</head>
<body>
  <div class='ocr_page' id='page_1' title='image "./mtulliiciceroni12unkngoog/mtulliiciceroni12unkngoog_0421.png"; bbox 0 0 2675 4559; ppageno 0'>
   <div class='ocr_carea' id='block_1_1' title="bbox 52 0 598 331">
    <p class='ocr_par' dir='ltr' id='par_1_1' title="bbox 52 0 598 331">
     <span class='ocr_line' id='line_1_1' title="bbox 52 0 598 331; baseline 0 4228"><span class='ocrx_word' id='word_1_1' title='bbox 52 0 598 331; x_wconf 95' lang='lat' dir='ltr'><strong> </strong></span> 
     </span>
    </p>
   </div>
   <div class='ocr_carea' id='block_1_2' title="bbox 617 219 2196 320">
    <p class='ocr_par' dir='ltr' id='par_1_2' title="bbox 617 212 2196 320">
     <span class='ocr_line' id='line_1_2' title="bbox 617 219 2196 320; baseline 0.001 -18"><span class='ocrx_word' id='word_1_2' title='bbox 617 240 622 245; x_wconf 86' lang='grc'>·</span> <span class='ocrx_word' id='word_1_3' title='bbox 659 225 1211 305; x_wconf 81' lang='lat' dir='ltr'>EPISTOLARUM</span> <span class='ocrx_word' id='word_1_4' title='bbox 1242 249 1408 320; x_wconf 82' lang='lat' dir='ltr'><strong>xm.</strong></span> <span class='ocrx_word' id='word_1_5' title='bbox 1445 219 1669 304; x_wconf 68' lang='lat'><strong>&#39;29-34.</strong></span> <span class='ocrx_word' id='word_1_6' title='bbox 1877 219 1884 228; x_wconf 81' lang='grc'><strong>’</strong></span> <span class='ocrx_word' id='word_1_7' title='bbox 1964 314 1972 320; x_wconf 52' lang='grc'>,</span> <span class='ocrx_word' id='word_1_8' title='bbox 2067 238 2196 305; x_wconf 79' lang='lat'><strong>337</strong></span> 
     </span>
    </p>
   </div>
   <div class='ocr_carea' id='block_1_3' title="bbox 67 361 2253 940">
    <p class='ocr_par' dir='ltr' id='par_1_3' title="bbox 172 361 2253 840">
     <span class='ocr_line' id='line_1_3' title="bbox 177 361 2187 460; baseline 0.001 -23"><span class='ocrx_word' id='word_1_9' title='bbox 177 383 313 437; x_wconf 82' lang='lat' dir='ltr'><strong>ctes:</strong></span> <span class='ocrx_word' id='word_1_10' title='bbox 341 369 409 436; x_wconf 86' lang='lat' dir='ltr'><strong>id</strong></span> <span class='ocrx_word' id='word_1_11' title='bbox 438 369 591 442; x_wconf 86' lang='lat' dir='ltr'><strong>mihi</strong></span> <span class='ocrx_word' id='word_1_12' title='bbox 626 370 717 436; x_wconf 85' lang='lat' dir='ltr'><strong>sic</strong></span> <span class='ocrx_word' id='word_1_13' title='bbox 752 369 871 438; x_wconf 86' lang='lat' dir='ltr'><strong>erit</strong></span> <span class='ocrx_word' id='word_1_14' title='bbox 904 369 1181 458; x_wconf 81' lang='lat' dir='ltr'><strong>gratum,</strong></span> <span class='ocrx_word' id='word_1_15' title='bbox 1218 383 1290 440; x_wconf 89' lang='lat' dir='ltr'><strong>ut</strong></span> <span class='ocrx_word' id='word_1_16' title='bbox 1323 361 1570 460; x_wconf 81' lang='lat' dir='ltr'><strong>gratius</strong></span> <span class='ocrx_word' id='word_1_17' title='bbox 1599 393 1738 440; x_wconf 86' lang='lat' dir='ltr'><strong>esse</strong></span> <span class='ocrx_word' id='word_1_18' title='bbox 1773 373 1932 440; x_wconf 86' lang='lat' dir='ltr'><strong>nihil</strong></span> <span class='ocrx_word' id='word_1_19' title='bbox 1965 375 2187 460; x_wconf 86' lang='lat' dir='ltr'><strong>possit.</strong></span> 
     </span>
     <span class='ocr_line' id='line_1_4' title="bbox 175 465 2251 552; baseline -0 -21"><span class='ocrx_word' id='word_1_20' title='bbox 175 467 267 532; x_wconf 84' lang='lat' dir='ltr'><strong>sed</strong></span> <span class='ocrx_word' id='word_1_21' title='bbox 297 477 613 552; x_wconf 81' lang='lat' dir='ltr'><strong>praeterea</strong></span> <span class='ocrx_word' id='word_1_22' title='bbox 654 465 771 530; x_wconf 80' lang='lat' dir='ltr'><strong>tibi</strong></span> <span class='ocrx_word' id='word_1_23' title='bbox 815 466 1081 532; x_wconf 88' lang='lat' dir='ltr'><strong>adfirmo</strong></span> <span class='ocrx_word' id='word_1_24' title='bbox 1116 501 1204 524; x_wconf 69' lang='grc' dir='ltr'><strong>-ι-</strong></span> <span class='ocrx_word' id='word_1_25' title='bbox 1221 487 1446 552; x_wconf 80' lang='lat' dir='ltr'><strong>neque</strong></span> <span class='ocrx_word' id='word_1_26' title='bbox 1489 467 1578 533; x_wconf 85' lang='lat' dir='ltr'><strong>id</strong></span> <span class='ocrx_word' id='word_1_27' title='bbox 1600 467 1948 551; x_wconf 74' lang='lat' dir='ltr'><strong>ambitione</strong></span> <span class='ocrx_word' id='word_1_28' title='bbox 1981 469 2188 535; x_wconf 82' lang='lat' dir='ltr'><strong>addu-</strong></span> <span class='ocrx_word' id='word_1_29' title='bbox 2223 491 2251 530; x_wconf 76' lang='lat'><em>2</em></span> 
     </span>
     <span class='ocr_line' id='line_1_5' title="bbox 175 556 2192 642; baseline 0.002 -15"><span class='ocrx_word' id='word_1_30' title='bbox 175 571 289 628; x_wconf 84' lang='lat' dir='ltr'><strong>ctus</strong></span> <span class='ocrx_word' id='word_1_31' title='bbox 324 560 514 638; x_wconf 82' lang='lat' dir='ltr'><strong>facio,</strong></span> <span class='ocrx_word' id='word_1_32' title='bbox 568 561 683 626; x_wconf 87' lang='lat' dir='ltr'><strong>sed</strong></span> <span class='ocrx_word' id='word_1_33' title='bbox 726 583 874 626; x_wconf 88' lang='lat' dir='ltr'><strong>cum</strong></span> <span class='ocrx_word' id='word_1_34' title='bbox 916 556 1348 636; x_wconf 77' lang='lat' dir='ltr'><strong>familiaritate</strong></span> <span class='ocrx_word' id='word_1_35' title='bbox 1391 561 1471 628; x_wconf 85' lang='lat' dir='ltr'><strong>et</strong></span> <span class='ocrx_word' id='word_1_36' title='bbox 1500 563 2004 642; x_wconf 84' lang='lat' dir='ltr'><strong>necessitudine,</strong></span> <span class='ocrx_word' id='word_1_37' title='bbox 2052 574 2192 631; x_wconf 86' lang='lat' dir='ltr'><strong>tum</strong></span> 
     </span>
     <span class='ocr_line' id='line_1_6' title="bbox 173 652 2253 727; baseline 0.002 -7"><span class='ocrx_word' id='word_1_38' title='bbox 173 655 341 722; x_wconf 85' lang='lat' dir='ltr'><strong>etiam</strong></span> <span class='ocrx_word' id='word_1_39' title='bbox 374 655 639 723; x_wconf 84' lang='lat' dir='ltr'><strong>veritate</strong></span> <span class='ocrx_word' id='word_1_40' title='bbox 670 692 759 704; x_wconf 90' lang='lat'><strong>—</strong></span> <span class='ocrx_word' id='word_1_41' title='bbox 792 666 855 722; x_wconf 92' lang='lat' dir='ltr'><strong>te</strong></span> <span class='ocrx_word' id='word_1_42' title='bbox 902 678 982 723; x_wconf 87' lang='lat' dir='ltr'><strong>ex</strong></span> <span class='ocrx_word' id='word_1_43' title='bbox 1030 652 1107 722; x_wconf 81' lang='lat' dir='ltr'><strong>C.</strong></span> <span class='ocrx_word' id='word_1_44' title='bbox 1154 655 1370 722; x_wconf 84' lang='lat' dir='ltr'><strong>Flavii</strong></span> <span class='ocrx_word' id='word_1_45' title='bbox 1415 655 1628 724; x_wconf 84' lang='lat' dir='ltr'><strong>officio</strong></span> <span class='ocrx_word' id='word_1_46' title='bbox 1675 667 1740 722; x_wconf 87' lang='lat' dir='ltr'><strong>et</strong></span> <span class='ocrx_word' id='word_1_47' title='bbox 1785 657 2192 727; x_wconf 82' lang='lat' dir='ltr'><strong>observantia</strong></span> <span class='ocrx_word' id='word_1_48' title='bbox 2247 674 2253 680; x_wconf 90' lang='grc'><em>·</em></span> 
     </span>
     <span class='ocr_line' id='line_1_7' title="bbox 172 749 2191 856; baseline 0.003 -42"><span class='ocrx_word' id='word_1_49' title='bbox 172 761 223 814; x_wconf 82' lang='lat' dir='ltr'><strong>et</strong></span> <span class='ocrx_word' id='word_1_50' title='bbox 256 760 569 836; x_wconf 82' lang='lat' dir='ltr'><strong>praeterea</strong></span> <span class='ocrx_word' id='word_1_51' title='bbox 612 749 949 856; x_wconf 85' lang='lat' dir='ltr'><strong>splendore</strong></span> <span class='ocrx_word' id='word_1_52' title='bbox 994 759 1189 836; x_wconf 88' lang='lat' dir='ltr'><strong>atque</strong></span> <span class='ocrx_word' id='word_1_53' title='bbox 1230 750 1401 817; x_wconf 89' lang='lat' dir='ltr'><strong>inter</strong></span> <span class='ocrx_word' id='word_1_54' title='bbox 1445 771 1593 817; x_wconf 88' lang='lat' dir='ltr'><strong>suos</strong></span> <span class='ocrx_word' id='word_1_55' title='bbox 1635 751 1848 838; x_wconf 84' lang='lat' dir='ltr'><strong>gratia</strong></span> <span class='ocrx_word' id='word_1_56' title='bbox 1889 775 2191 840; x_wconf 84' lang='lat' dir='ltr'><strong>magnam</strong></span> 
     </span>
    </p>

    <p class='ocr_par' dir='ltr' id='par_1_4' title="bbox 67 832 1348 940">
     <span class='ocr_line' id='line_1_8' title="bbox 67 832 1348 940; baseline 0.001 -33"><span class='ocrx_word' id='word_1_57' title='bbox 67 885 81 940; x_wconf 67' lang='lat'>3</span> <span class='ocrx_word' id='word_1_58' title='bbox 172 843 523 930; x_wconf 84' lang='lat' dir='ltr'><strong>voluptatem</strong></span> <span class='ocrx_word' id='word_1_59' title='bbox 561 867 701 910; x_wconf 87' lang='lat' dir='ltr'><strong>esse</strong></span> <span class='ocrx_word' id='word_1_60' title='bbox 736 832 1093 930; x_wconf 74' lang='lat' dir='ltr'><strong>capturum.</strong></span> <span class='ocrx_word' id='word_1_61' title='bbox 1183 845 1348 909; x_wconf 80' lang='lat' dir='ltr'><strong>vale.</strong></span> 
     </span>
    </p>
   </div>
   <div class='ocr_carea' id='block_1_4' title="bbox 502 993 1812 1240">
    <p class='ocr_par' dir='ltr' id='par_1_5' title="bbox 502 993 1796 1240">
     <span class='ocr_line' id='line_1_9' title="bbox 1031 993 1284 1059; baseline 0 -11"><span class='ocrx_word' id='word_1_62' title='bbox 1031 993 1284 1059; x_wconf 90' lang='lat' dir='ltr'>XXXII.</span> 
     </span>
     <span class='ocr_line' id='line_1_10' title="bbox 782 1065 1600 1142; baseline 0.001 -1"><span class='ocrx_word' id='word_1_63' title='bbox 782 1065 899 1141; x_wconf 84' lang='lat' dir='ltr'><strong>Scr.</strong></span> <span class='ocrx_word' id='word_1_64' title='bbox 916 1086 1161 1142; x_wconf 86' lang='lat' dir='ltr'><strong>Romae</strong></span> <span class='ocrx_word' id='word_1_65' title='bbox 1153 1102 1299 1141; x_wconf 88' lang='lat' dir='ltr'><strong>anno</strong></span> <span class='ocrx_word' id='word_1_66' title='bbox 1318 1087 1550 1142; x_wconf 86' lang='lat' dir='ltr'><strong>incerto.</strong></span> <span class='ocrx_word' id='word_1_67' title='bbox 1596 1128 1600 1132; x_wconf 80' lang='lat'><em>-</em></span> 
     </span>
     <span class='ocr_line' id='line_1_11' title="bbox 502 1161 1812 1240; baseline 0.002 -4"><span class='ocrx_word' id='word_1_68' title='bbox 502 1179 782 1237; x_wconf 82' lang='lat' dir='ltr'>CICERO</span> <span class='ocrx_word' id='word_1_69' title='bbox 818 1161 1083 1238; x_wconf 83' lang='lat' dir='ltr'>ACILIO</span> <span class='ocrx_word' id='word_1_70' title='bbox 1119 1171 1628 1240; x_wconf 84' lang='lat' dir='ltr'>PROCONSULI</span> <span class='ocrx_word' id='word_1_71' title='bbox 1647 1181 1812 1238; x_wconf 86' lang='lat' dir='ltr'><strong>SAL.</strong></span> 
     </span>
    </p>
   </div>
   <div class='ocr_carea' id='block_1_5' title="bbox 56 1281 2298 2730">
    <p class='ocr_par' dir='ltr' id='par_1_6' title="bbox 56 1281 2298 2730">
     <span class='ocr_line' id='line_1_12' title="bbox 76 1281 2298 1374; baseline -0.001 -24"><span class='ocrx_word' id='word_1_72' title='bbox 76 1317 79 1332; x_wconf 74' lang='lat'>2</span> <span class='ocrx_word' id='word_1_73' title='bbox 268 1281 343 1351; x_wconf 79' lang='grc' dir='ltr'><strong>[ιι</strong></span> <span class='ocrx_word' id='word_1_74' title='bbox 372 1287 683 1352; x_wconf 88' lang='lat' dir='ltr'><strong>Halesina</strong></span> <span class='ocrx_word' id='word_1_75' title='bbox 718 1286 975 1360; x_wconf 83' lang='lat' dir='ltr'><strong>civitate</strong></span> <span class='ocrx_word' id='word_1_76' title='bbox 1009 1297 1144 1365; x_wconf 84' lang='lat' dir='ltr'><strong>tam</strong></span> <span class='ocrx_word' id='word_1_77' title='bbox 1177 1285 1381 1354; x_wconf 85' lang='lat' dir='ltr'><strong>lauta</strong></span> <span class='ocrx_word' id='word_1_78' title='bbox 1389 1296 1650 1374; x_wconf 85' lang='lat' dir='ltr'><strong>tamque</strong></span> <span class='ocrx_word' id='word_1_79' title='bbox 1683 1287 1884 1352; x_wconf 78' lang='lat' dir='ltr'><strong>nobili</strong></span> <span class='ocrx_word' id='word_1_80' title='bbox 1917 1287 2184 1356; x_wconf 89' lang='lat' dir='ltr'><strong>coniun-</strong></span> <span class='ocrx_word' id='word_1_81' title='bbox 2219 1307 2244 1347; x_wconf 86' lang='lat'><strong>1</strong></span> <span class='ocrx_word' id='word_1_82' title='bbox 2292 1291 2298 1296; x_wconf 79' lang='grc'>’</span> 
     </span>
     <span class='ocr_line' id='line_1_13' title="bbox 63 1378 2186 1468; baseline 0.003 -27"><span class='ocrx_word' id='word_1_83' title='bbox 63 1379 81 1442; x_wconf 62' lang='grc' dir='ltr'><strong>εἱ,</strong></span> <span class='ocrx_word' id='word_1_84' title='bbox 167 1379 439 1446; x_wconf 81' lang='lat' dir='ltr'><strong>ctissimos</strong></span> <span class='ocrx_word' id='word_1_85' title='bbox 474 1380 687 1446; x_wconf 88' lang='lat' dir='ltr'><strong>habeo</strong></span> <span class='ocrx_word' id='word_1_86' title='bbox 723 1392 787 1446; x_wconf 90' lang='lat' dir='ltr'><strong>et</strong></span> <span class='ocrx_word' id='word_1_87' title='bbox 820 1381 1100 1468; x_wconf 83' lang='lat' dir='ltr'><strong>hospitio</strong></span> <span class='ocrx_word' id='word_1_88' title='bbox 1132 1391 1199 1448; x_wconf 90' lang='lat' dir='ltr'><strong>et</strong></span> <span class='ocrx_word' id='word_1_89' title='bbox 1232 1382 1666 1448; x_wconf 80' lang='lat' dir='ltr'><strong>familiaritate</strong></span> <span class='ocrx_word' id='word_1_90' title='bbox 1685 1381 1797 1449; x_wconf 85' lang='lat' dir='ltr'><strong>M.</strong></span> <span class='ocrx_word' id='word_1_91' title='bbox 1826 1391 1892 1448; x_wconf 91' lang='lat' dir='ltr'><strong>et</strong></span> <span class='ocrx_word' id='word_1_92' title='bbox 1927 1378 2006 1447; x_wconf 86' lang='lat' dir='ltr'><strong>C.</strong></span> <span class='ocrx_word' id='word_1_93' title='bbox 2031 1379 2186 1448; x_wconf 82' lang='lat'>010-</span> 
     </span>
     <span class='ocr_line' id='line_1_14' title="bbox 63 1441 2187 1586; baseline 0.002 -52"><span class='ocrx_word' id='word_1_94' title='bbox 63 1441 81 1519; x_wconf 59' lang='lat' dir='ltr'><strong>f</strong></span> <span class='ocrx_word' id='word_1_95' title='bbox 167 1472 287 1540; x_wconf 84' lang='lat' dir='ltr'><strong>dios</strong></span> <span class='ocrx_word' id='word_1_96' title='bbox 322 1474 830 1586; x_wconf 82' lang='lat' dir='ltr'><strong>Archagathum</strong></span> <span class='ocrx_word' id='word_1_97' title='bbox 862 1485 927 1540; x_wconf 87' lang='lat' dir='ltr'><strong>et</strong></span> <span class='ocrx_word' id='word_1_98' title='bbox 976 1473 1335 1541; x_wconf 81' lang='lat' dir='ltr'><strong>Philon-em.</strong></span> <span class='ocrx_word' id='word_1_99' title='bbox 1435 1476 1552 1542; x_wconf 87' lang='lat' dir='ltr'><strong>sed</strong></span> <span class='ocrx_word' id='word_1_100' title='bbox 1595 1497 1821 1542; x_wconf 88' lang='lat' dir='ltr'><strong>vereor</strong></span> <span class='ocrx_word' id='word_1_101' title='bbox 1863 1499 1977 1554; x_wconf 92' lang='lat' dir='ltr'><strong>ne,</strong></span> <span class='ocrx_word' id='word_1_102' title='bbox 2033 1475 2187 1560; x_wconf 89' lang='lat' dir='ltr'><strong>quia</strong></span> 
     </span>
     <span class='ocr_line' id='line_1_15' title="bbox 166 1567 2190 1660; baseline 0.002 -31"><span class='ocrx_word' id='word_1_103' title='bbox 166 1567 445 1658; x_wconf 79' lang='lat' dir='ltr'><strong>conpluris</strong></span> <span class='ocrx_word' id='word_1_104' title='bbox 472 1569 591 1634; x_wconf 89' lang='lat' dir='ltr'><strong>tibi</strong></span> <span class='ocrx_word' id='word_1_105' title='bbox 618 1569 961 1654; x_wconf 85' lang='lat' dir='ltr'><strong>praecipue</strong></span> <span class='ocrx_word' id='word_1_106' title='bbox 980 1570 1378 1648; x_wconf 82' lang='lat' dir='ltr'><strong>commendo,</strong></span> <span class='ocrx_word' id='word_1_107' title='bbox 1407 1590 1770 1660; x_wconf 84' lang='lat' dir='ltr'><strong>exaequare</strong></span> <span class='ocrx_word' id='word_1_108' title='bbox 1797 1569 2022 1635; x_wconf 85' lang='lat' dir='ltr'><strong>videar</strong></span> <span class='ocrx_word' id='word_1_109' title='bbox 2050 1592 2190 1634; x_wconf 80' lang='lat' dir='ltr'><strong>am-</strong></span> 
     </span>
     <span class='ocr_line' id='line_1_16' title="bbox 64 1656 2187 1750; baseline 0.003 -28"><span class='ocrx_word' id='word_1_110' title='bbox 64 1656 75 1750; x_wconf 57' lang='grc' dir='ltr'><em>ζ</em></span> <span class='ocrx_word' id='word_1_111' title='bbox 164 1659 365 1727; x_wconf 87' lang='lat' dir='ltr'><strong>bitione</strong></span> <span class='ocrx_word' id='word_1_112' title='bbox 406 1663 689 1748; x_wconf 83' lang='lat' dir='ltr'><strong>quadam</strong></span> <span class='ocrx_word' id='word_1_113' title='bbox 732 1665 1313 1732; x_wconf 82' lang='lat' dir='ltr'><strong>commendationes</strong></span> <span class='ocrx_word' id='word_1_114' title='bbox 1357 1685 1563 1730; x_wconf 73' lang='lat' dir='ltr'><strong>meast</strong></span> <span class='ocrx_word' id='word_1_115' title='bbox 1611 1685 2002 1750; x_wconf 82' lang='lat' dir='ltr'><strong>quamquam</strong></span> <span class='ocrx_word' id='word_1_116' title='bbox 2037 1687 2078 1728; x_wconf 91' lang='lat' dir='ltr'><strong>a</strong></span> <span class='ocrx_word' id='word_1_117' title='bbox 2121 1675 2187 1728; x_wconf 85' lang='lat' dir='ltr'><strong>te</strong></span> 
     </span>
     <span class='ocr_line' id='line_1_17' title="bbox 57 1753 2244 1840; baseline 0.002 -22"><span class='ocrx_word' id='word_1_118' title='bbox 57 1753 73 1840; x_wconf 67' lang='lat' dir='ltr'><strong><em>f</em></strong></span> <span class='ocrx_word' id='word_1_119' title='bbox 164 1755 385 1838; x_wconf 86' lang='lat' dir='ltr'><strong>quidem</strong></span> <span class='ocrx_word' id='word_1_120' title='bbox 420 1757 745 1828; x_wconf 87' lang='lat' dir='ltr'><strong>cumulate</strong></span> <span class='ocrx_word' id='word_1_121' title='bbox 780 1757 935 1823; x_wconf 86' lang='lat' dir='ltr'><strong>satis</strong></span> <span class='ocrx_word' id='word_1_122' title='bbox 970 1758 1043 1822; x_wconf 84' lang='lat' dir='ltr'><strong>fit</strong></span> <span class='ocrx_word' id='word_1_123' title='bbox 1077 1769 1143 1824; x_wconf 93' lang='lat' dir='ltr'><strong>et</strong></span> <span class='ocrx_word' id='word_1_124' title='bbox 1165 1757 1335 1824; x_wconf 87' lang='lat' dir='ltr'><strong>mihi</strong></span> <span class='ocrx_word' id='word_1_125' title='bbox 1371 1769 1435 1825; x_wconf 83' lang='lat' dir='ltr'><strong>et</strong></span> <span class='ocrx_word' id='word_1_126' title='bbox 1467 1756 1628 1826; x_wconf 86' lang='lat' dir='ltr'><strong>meis</strong></span> <span class='ocrx_word' id='word_1_127' title='bbox 1663 1757 1980 1830; x_wconf 87' lang='lat' dir='ltr'><strong>omnibus.</strong></span> <span class='ocrx_word' id='word_1_128' title='bbox 2071 1757 2187 1822; x_wconf 89' lang='lat' dir='ltr'><strong>sed</strong></span> <span class='ocrx_word' id='word_1_129' title='bbox 2212 1774 2244 1812; x_wconf 75' lang='lat'>2</span> 
     </span>
     <span class='ocr_line' id='line_1_18' title="bbox 56 1849 2184 1929; baseline 0.003 -18"><span class='ocrx_word' id='word_1_130' title='bbox 56 1865 79 1928; x_wconf 68' lang='lat' dir='ltr'>j</span> <span class='ocrx_word' id='word_1_131' title='bbox 163 1849 321 1914; x_wconf 85' lang='lat' dir='ltr'><strong>velim</strong></span> <span class='ocrx_word' id='word_1_132' title='bbox 354 1851 443 1917; x_wconf 85' lang='lat' dir='ltr'><strong>sic</strong></span> <span class='ocrx_word' id='word_1_133' title='bbox 476 1851 835 1929; x_wconf 76' lang='lat' dir='ltr'><strong>existimes,</strong></span> <span class='ocrx_word' id='word_1_134' title='bbox 889 1851 1057 1918; x_wconf 88' lang='lat' dir='ltr'><strong>hano</strong></span> <span class='ocrx_word' id='word_1_135' title='bbox 1098 1852 1412 1918; x_wconf 79' lang='lat' dir='ltr'><strong>familiam</strong></span> <span class='ocrx_word' id='word_1_136' title='bbox 1446 1863 1511 1918; x_wconf 88' lang='lat' dir='ltr'><strong>et</strong></span> <span class='ocrx_word' id='word_1_137' title='bbox 1551 1853 1675 1917; x_wconf 87' lang='lat' dir='ltr'><strong>hos</strong></span> <span class='ocrx_word' id='word_1_138' title='bbox 1706 1851 1864 1917; x_wconf 86' lang='lat' dir='ltr'><strong>mihi</strong></span> <span class='ocrx_word' id='word_1_139' title='bbox 1907 1850 2184 1919; x_wconf 83' lang='lat' dir='ltr'><strong>maxime</strong></span> 
     </span>
     <span class='ocr_line' id='line_1_19' title="bbox 162 1946 2184 2057; baseline 0.003 -53"><span class='ocrx_word' id='word_1_140' title='bbox 162 1962 274 2008; x_wconf 83' lang='lat' dir='ltr'><strong>esse</strong></span> <span class='ocrx_word' id='word_1_141' title='bbox 304 1946 672 2012; x_wconf 88' lang='lat' dir='ltr'><strong>coniunctos</strong></span> <span class='ocrx_word' id='word_1_142' title='bbox 715 1956 1067 2024; x_wconf 80' lang='lat' dir='ltr'><strong>vetustate,</strong></span> <span class='ocrx_word' id='word_1_143' title='bbox 1122 1947 1384 2025; x_wconf 80' lang='lat' dir='ltr'><strong>officiis,</strong></span> <span class='ocrx_word' id='word_1_144' title='bbox 1436 1946 1899 2014; x_wconf 85' lang='lat' dir='ltr'><strong>benevolentia.</strong></span> <span class='ocrx_word' id='word_1_145' title='bbox 1986 1967 2184 2057; x_wconf 61' lang='lat' dir='ltr'><strong>quarn</strong></span> 
     </span>
     <span class='ocr_line' id='line_1_20' title="bbox 76 1995 2184 2126; baseline 0.004 -28"><span class='ocrx_word' id='word_1_146' title='bbox 76 2057 79 2060; x_wconf 94' lang='lat'><strong>⁴</strong></span> <span class='ocrx_word' id='word_1_147' title='bbox 164 2035 228 2099; x_wconf 90' lang='lat' dir='ltr'><strong>ob</strong></span> <span class='ocrx_word' id='word_1_148' title='bbox 254 2059 378 2104; x_wconf 86' lang='lat' dir='ltr'><strong>rem</strong></span> <span class='ocrx_word' id='word_1_149' title='bbox 421 2052 575 2126; x_wconf 89' lang='lat' dir='ltr'><strong>peto</strong></span> <span class='ocrx_word' id='word_1_150' title='bbox 612 2063 654 2104; x_wconf 89' lang='lat' dir='ltr'><strong>a</strong></span> <span class='ocrx_word' id='word_1_151' title='bbox 687 2051 755 2106; x_wconf 85' lang='lat' dir='ltr'><strong>te·</strong></span> <span class='ocrx_word' id='word_1_152' title='bbox 787 2041 855 2104; x_wconf 86' lang='lat' dir='ltr'><strong>in</strong></span> <span class='ocrx_word' id='word_1_153' title='bbox 890 2041 1200 2106; x_wconf 88' lang='lat' dir='ltr'><strong>maiorem</strong></span> <span class='ocrx_word' id='word_1_154' title='bbox 1232 1995 1528 2119; x_wconf 86' lang='lat' dir='ltr'><strong>modum,</strong></span> <span class='ocrx_word' id='word_1_155' title='bbox 1563 2051 1636 2105; x_wconf 85' lang='lat' dir='ltr'><strong>ut</strong></span> <span class='ocrx_word' id='word_1_156' title='bbox 1669 2041 1750 2105; x_wconf 83' lang='lat' dir='ltr'><strong>iis</strong></span> <span class='ocrx_word' id='word_1_157' title='bbox 1786 2039 2135 2105; x_wconf 89' lang='lat' dir='ltr'><strong>omnibus</strong></span> <span class='ocrx_word' id='word_1_158' title='bbox 2115 2063 2184 2106; x_wconf 89' lang='lat' dir='ltr'><strong>m</strong></span> 
     </span>
     <span class='ocr_line' id='line_1_21' title="bbox 160 2129 2282 2222; baseline 0.005 -32"><span class='ocrx_word' id='word_1_159' title='bbox 160 2129 345 2210; x_wconf 86' lang='lat' dir='ltr'><strong>rebus,</strong></span> <span class='ocrx_word' id='word_1_160' title='bbox 386 2147 701 2218; x_wconf 84' lang='lat' dir='ltr'><strong>quantum</strong></span> <span class='ocrx_word' id='word_1_161' title='bbox 735 2145 850 2210; x_wconf 82' lang='lat' dir='ltr'><strong>tua</strong></span> <span class='ocrx_word' id='word_1_162' title='bbox 892 2134 1051 2200; x_wconf 87' lang='lat' dir='ltr'><strong>fides</strong></span> <span class='ocrx_word' id='word_1_163' title='bbox 1097 2133 1504 2222; x_wconf 80' lang='lat' dir='ltr'><strong>dignitasque</strong></span> <span class='ocrx_word' id='word_1_164' title='bbox 1533 2136 1859 2222; x_wconf 86' lang='lat' dir='ltr'><strong>patietur,</strong></span> <span class='ocrx_word' id='word_1_165' title='bbox 1903 2157 2184 2200; x_wconf 84' lang='lat' dir='ltr'><strong>commo·</strong></span> <span class='ocrx_word' id='word_1_166' title='bbox 2276 2187 2282 2192; x_wconf 79' lang='grc'><em>.</em></span> 
     </span>
     <span class='ocr_line' id='line_1_22' title="bbox 60 2221 1989 2332; baseline 0.005 -46"><span class='ocrx_word' id='word_1_167' title='bbox 60 2255 79 2332; x_wconf 90' lang='lat'><strong>5</strong></span> <span class='ocrx_word' id='word_1_168' title='bbox 161 2221 274 2289; x_wconf 87' lang='lat' dir='ltr'><strong>des.</strong></span> <span class='ocrx_word' id='word_1_169' title='bbox 305 2227 369 2292; x_wconf 89' lang='lat' dir='ltr'><strong>id</strong></span> <span class='ocrx_word' id='word_1_170' title='bbox 402 2229 453 2294; x_wconf 87' lang='lat' dir='ltr'><strong>si</strong></span> <span class='ocrx_word' id='word_1_171' title='bbox 488 2228 741 2306; x_wconf 86' lang='lat' dir='ltr'><strong>feceris,</strong></span> <span class='ocrx_word' id='word_1_172' title='bbox 778 2229 896 2295; x_wconf 91' lang='lat' dir='ltr'><strong>erit</strong></span> <span class='ocrx_word' id='word_1_173' title='bbox 930 2228 1085 2292; x_wconf 88' lang='lat' dir='ltr'><strong>mihi</strong></span> <span class='ocrx_word' id='word_1_174' title='bbox 1121 2228 1678 2295; x_wconf 83' lang='lat' dir='ltr'><strong>vehementissime</strong></span> <span class='ocrx_word' id='word_1_175' title='bbox 1711 2239 1989 2316; x_wconf 84' lang='lat' dir='ltr'><strong>gratum.</strong></span> 
     </span>
     <span class='ocr_line' id='line_1_23' title="bbox 772 2469 1542 2530; baseline 0 -2"><span class='ocrx_word' id='word_1_176' title='bbox 772 2469 893 2528; x_wconf 90' lang='lat' dir='ltr'><strong>Scr.</strong></span> <span class='ocrx_word' id='word_1_177' title='bbox 910 2472 1127 2530; x_wconf 78' lang='lat' dir='ltr'><strong>Romae</strong></span> <span class='ocrx_word' id='word_1_178' title='bbox 1146 2491 1293 2530; x_wconf 86' lang='lat' dir='ltr'><strong>anno</strong></span> <span class='ocrx_word' id='word_1_179' title='bbox 1310 2473 1542 2530; x_wconf 88' lang='lat' dir='ltr'><strong>incerto.</strong></span> 
     </span>
     <span class='ocr_line' id='line_1_24' title="bbox 58 2567 1797 2630; baseline 0 -8"><span class='ocrx_word' id='word_1_180' title='bbox 58 2587 73 2630; x_wconf 73' lang='lat' dir='ltr'><strong>t</strong></span> <span class='ocrx_word' id='word_1_181' title='bbox 444 2567 779 2622; x_wconf 82' lang='lat' dir='ltr'>CICERO</span> <span class='ocrx_word' id='word_1_182' title='bbox 810 2568 1074 2623; x_wconf 83' lang='lat' dir='ltr'>ACILIO</span> <span class='ocrx_word' id='word_1_183' title='bbox 1110 2569 1610 2624; x_wconf 81' lang='lat' dir='ltr'>PROCONSULI</span> <span class='ocrx_word' id='word_1_184' title='bbox 1637 2569 1797 2622; x_wconf 85' lang='lat' dir='ltr'>SAL.</span> 
     </span>
     <span class='ocr_line' id='line_1_25' title="bbox 58 2687 69 2730; baseline 0 0"><span class='ocrx_word' id='word_1_185' title='bbox 58 2687 69 2730; x_wconf 68' lang='lat' dir='ltr'><strong>l</strong></span> 
     </span>
    </p>
   </div>
   <div class='ocr_carea' id='block_1_6' title="bbox 57 2657 2258 3526">
    <p class='ocr_par' dir='ltr' id='par_1_7' title="bbox 57 2657 2258 3492">
     <span class='ocr_line' id='line_1_26' title="bbox 60 2657 2180 2762; baseline 0.001 -36.006"><span class='ocrx_word' id='word_1_186' title='bbox 60 2733 75 2762; x_wconf 41' lang='grc'>,</span> <span class='ocrx_word' id='word_1_187' title='bbox 258 2657 372 2727; x_wconf 84' lang='grc' dir='ltr'>Οιι.</span> <span class='ocrx_word' id='word_1_188' title='bbox 408 2660 695 2731; x_wconf 83' lang='lat' dir='ltr'><strong>Otacilio</strong></span> <span class='ocrx_word' id='word_1_189' title='bbox 730 2663 991 2730; x_wconf 87' lang='lat' dir='ltr'><strong>Nasone</strong></span> <span class='ocrx_word' id='word_1_190' title='bbox 1013 2671 1173 2730; x_wconf 89' lang='lat' dir='ltr'><strong>utor</strong></span> <span class='ocrx_word' id='word_1_191' title='bbox 1205 2664 1727 2740; x_wconf 85' lang='lat' dir='ltr'><strong>familiarissime,</strong></span> <span class='ocrx_word' id='word_1_192' title='bbox 1771 2663 1863 2728; x_wconf 92' lang='lat' dir='ltr'><strong>ita</strong></span> <span class='ocrx_word' id='word_1_193' title='bbox 1895 2685 2180 2748; x_wconf 88' lang='lat' dir='ltr'><strong>prorsus,</strong></span> 
     </span>
     <span class='ocr_line' id='line_1_27' title="bbox 60 2733 2180 2835; baseline 0 -17.002"><span class='ocrx_word' id='word_1_194' title='bbox 60 2733 81 2780; x_wconf 80' lang='grc'><strong>·’</strong></span> <span class='ocrx_word' id='word_1_195' title='bbox 153 2762 210 2816; x_wconf 86' lang='lat' dir='ltr'><strong>ut</strong></span> <span class='ocrx_word' id='word_1_196' title='bbox 236 2751 395 2820; x_wconf 88' lang='lat' dir='ltr'><strong>illius</strong></span> <span class='ocrx_word' id='word_1_197' title='bbox 422 2756 666 2822; x_wconf 84' lang='lat' dir='ltr'><strong>ordinis</strong></span> <span class='ocrx_word' id='word_1_198' title='bbox 691 2758 869 2823; x_wconf 92' lang='lat' dir='ltr'><strong>nullo</strong></span> <span class='ocrx_word' id='word_1_199' title='bbox 896 2758 1303 2835; x_wconf 83' lang='lat' dir='ltr'><strong>familiarius3</strong></span> <span class='ocrx_word' id='word_1_200' title='bbox 1339 2781 1493 2824; x_wconf 90' lang='lat' dir='ltr'><strong>nam</strong></span> <span class='ocrx_word' id='word_1_201' title='bbox 1521 2770 1586 2824; x_wconf 92' lang='lat' dir='ltr'><strong>et</strong></span> <span class='ocrx_word' id='word_1_202' title='bbox 1619 2755 2016 2821; x_wconf 85' lang='lat' dir='ltr'><strong>humanitate</strong></span> <span class='ocrx_word' id='word_1_203' title='bbox 2043 2755 2180 2821; x_wconf 87' lang='lat' dir='ltr'><strong>eius</strong></span> 
     </span>
     <span class='ocr_line' id='line_1_28' title="bbox 153 2849 2184 2936; baseline 0 -22"><span class='ocrx_word' id='word_1_204' title='bbox 153 2855 201 2908; x_wconf 80' lang='lat' dir='ltr'><strong>et</strong></span> <span class='ocrx_word' id='word_1_205' title='bbox 236 2850 609 2932; x_wconf 83' lang='lat' dir='ltr'><strong>probitate‘</strong></span> <span class='ocrx_word' id='word_1_206' title='bbox 588 2875 657 2917; x_wconf 86' lang='lat' dir='ltr'><strong>m</strong></span> <span class='ocrx_word' id='word_1_207' title='bbox 698 2851 1160 2918; x_wconf 83' lang='lat' dir='ltr'><strong>consuetudine</strong></span> <span class='ocrx_word' id='word_1_208' title='bbox 1204 2851 1526 2917; x_wconf 88' lang='lat' dir='ltr'><strong>cotidiana</strong></span> <span class='ocrx_word' id='word_1_209' title='bbox 1567 2870 1804 2936; x_wconf 85' lang='lat' dir='ltr'><strong>magno</strong></span> <span class='ocrx_word' id='word_1_210' title='bbox 1839 2871 2032 2936; x_wconf 84' lang='lat' dir='ltr'><strong>opere</strong></span> <span class='ocrx_word' id='word_1_211' title='bbox 2069 2849 2184 2915; x_wconf 88' lang='lat' dir='ltr'><strong>de-</strong></span> 
     </span>
     <span class='ocr_line' id='line_1_29' title="bbox 57 2936 2182 3032; baseline 0.004 -31"><span class='ocrx_word' id='word_1_212' title='bbox 57 2989 61 3028; x_wconf 84' lang='lat'><strong>;·</strong></span> <span class='ocrx_word' id='word_1_213' title='bbox 149 2936 337 3009; x_wconf 83' lang='lat' dir='ltr'><strong>lector.</strong></span> <span class='ocrx_word' id='word_1_214' title='bbox 421 2945 585 3010; x_wconf 87' lang='lat' dir='ltr'><strong>nihil</strong></span> <span class='ocrx_word' id='word_1_215' title='bbox 636 2945 769 3010; x_wconf 90' lang='lat' dir='ltr'><strong>iam</strong></span> <span class='ocrx_word' id='word_1_216' title='bbox 821 2967 983 3032; x_wconf 89' lang='lat' dir='ltr'><strong>opus</strong></span> <span class='ocrx_word' id='word_1_217' title='bbox 1028 2955 1125 3010; x_wconf 86' lang='lat' dir='ltr'><strong>est</strong></span> <span class='ocrx_word' id='word_1_218' title='bbox 1178 2957 1549 3030; x_wconf 85' lang='lat' dir='ltr'><strong>exspectare</strong></span> <span class='ocrx_word' id='word_1_219' title='bbox 1593 2955 1688 3022; x_wconf 86' lang='lat' dir='ltr'><strong>te,</strong></span> <span class='ocrx_word' id='word_1_220' title='bbox 1742 2944 1978 3028; x_wconf 86' lang='lat' dir='ltr'><strong>quibus</strong></span> <span class='ocrx_word' id='word_1_221' title='bbox 2031 2967 2182 3010; x_wconf 89' lang='lat' dir='ltr'><strong>eum</strong></span> 
     </span>
     <span class='ocr_line' id='line_1_30' title="bbox 57 3035 2180 3150; baseline 0.005 -56"><span class='ocrx_word' id='word_1_222' title='bbox 57 3047 63 3150; x_wconf 79' lang='lat'><strong>5</strong></span> <span class='ocrx_word' id='word_1_223' title='bbox 152 3035 333 3102; x_wconf 83' lang='lat' dir='ltr'><strong>verbis</strong></span> <span class='ocrx_word' id='word_1_224' title='bbox 365 3037 482 3106; x_wconf 87' lang='lat' dir='ltr'><strong>tibi</strong></span> <span class='ocrx_word' id='word_1_225' title='bbox 510 3037 979 3116; x_wconf 88' lang='lat' dir='ltr'><strong>commendem,</strong></span> <span class='ocrx_word' id='word_1_226' title='bbox 1002 3059 1154 3123; x_wconf 90' lang='lat' dir='ltr'><strong>quo</strong></span> <span class='ocrx_word' id='word_1_227' title='bbox 1167 3039 1259 3104; x_wconf 85' lang='lat' dir='ltr'><strong>sic</strong></span> <span class='ocrx_word' id='word_1_228' title='bbox 1291 3051 1459 3117; x_wconf 84' lang='lat' dir='ltr'><strong>utar,</strong></span> <span class='ocrx_word' id='word_1_229' title='bbox 1492 3049 1566 3104; x_wconf 93' lang='lat' dir='ltr'><strong>ut</strong></span> <span class='ocrx_word' id='word_1_230' title='bbox 1599 3038 1842 3124; x_wconf 86' lang='lat' dir='ltr'><strong>scripsi.</strong></span> <span class='ocrx_word' id='word_1_231' title='bbox 1895 3039 2144 3106; x_wconf 85' lang='lat' dir='ltr'><strong>habet</strong></span> <span class='ocrx_word' id='word_1_232' title='bbox 2125 3061 2180 3104; x_wconf 76' lang='grc' dir='ltr'><strong>ιε</strong></span> 
     </span>
     <span class='ocr_line' id='line_1_31' title="bbox 150 3123 2178 3221; baseline 0.003 -28.69"><span class='ocrx_word' id='word_1_233' title='bbox 150 3123 203 3192; x_wconf 86' lang='lat' dir='ltr'><strong>in</strong></span> <span class='ocrx_word' id='word_1_234' title='bbox 231 3135 551 3215; x_wconf 81' lang='lat' dir='ltr'><strong>provincia</strong></span> <span class='ocrx_word' id='word_1_235' title='bbox 583 3144 697 3200; x_wconf 87' lang='lat' dir='ltr'><strong>tua</strong></span> <span class='ocrx_word' id='word_1_236' title='bbox 722 3133 1002 3221; x_wconf 86' lang='lat' dir='ltr'><strong>negotia,</strong></span> <span class='ocrx_word' id='word_1_237' title='bbox 1038 3155 1203 3218; x_wconf 87' lang='lat' dir='ltr'><strong>quae</strong></span> <span class='ocrx_word' id='word_1_238' title='bbox 1239 3144 1586 3220; x_wconf 87' lang='lat' dir='ltr'><strong>procurant</strong></span> <span class='ocrx_word' id='word_1_239' title='bbox 1617 3133 1852 3210; x_wconf 86' lang='lat' dir='ltr'><strong>liberti,</strong></span> <span class='ocrx_word' id='word_1_240' title='bbox 1886 3133 2178 3210; x_wconf 77' lang='grc' dir='ltr'>ΗὶΙιιιιιε,</span> 
     </span>
     <span class='ocr_line' id='line_1_32' title="bbox 57 3211 2258 3314; baseline -0 -20"><span class='ocrx_word' id='word_1_241' title='bbox 57 3211 63 3294; x_wconf 61' lang='grc' dir='ltr'>ἰ</span> <span class='ocrx_word' id='word_1_242' title='bbox 149 3221 511 3314; x_wconf 74' lang='lat' dir='ltr'><strong>Antigonus,</strong></span> <span class='ocrx_word' id='word_1_243' title='bbox 544 3229 1017 3304; x_wconf 82' lang='lat' dir='ltr'><strong>Demostratus,</strong></span> <span class='ocrx_word' id='word_1_244' title='bbox 1054 3249 1213 3312; x_wconf 90' lang='lat' dir='ltr'><strong>quos</strong></span> <span class='ocrx_word' id='word_1_245' title='bbox 1250 3228 1368 3293; x_wconf 86' lang='lat' dir='ltr'><strong>tibi</strong></span> <span class='ocrx_word' id='word_1_246' title='bbox 1393 3226 1780 3314; x_wconf 87' lang='lat' dir='ltr'><strong>negotiaque</strong></span> <span class='ocrx_word' id='word_1_247' title='bbox 1809 3227 2025 3292; x_wconf 86' lang='lat' dir='ltr'><strong>omnia</strong></span> <span class='ocrx_word' id='word_1_248' title='bbox 2041 3227 2179 3293; x_wconf 85' lang='lat' dir='ltr'><strong>Na·</strong></span> <span class='ocrx_word' id='word_1_249' title='bbox 2253 3233 2258 3242; x_wconf 90' lang='lat'>&#39;</span> 
     </span>
     <span class='ocr_line' id='line_1_33' title="bbox 57 3303 2179 3407; baseline -0.002 -17"><span class='ocrx_word' id='word_1_250' title='bbox 57 3303 67 3390; x_wconf 67' lang='grc' dir='ltr'>ἶ</span> <span class='ocrx_word' id='word_1_251' title='bbox 151 3318 295 3384; x_wconf 75' lang='lat' dir='ltr'><strong>sonis</strong></span> <span class='ocrx_word' id='word_1_252' title='bbox 326 3344 457 3388; x_wconf 92' lang='lat' dir='ltr'><strong>non</strong></span> <span class='ocrx_word' id='word_1_253' title='bbox 491 3345 677 3389; x_wconf 89' lang='lat' dir='ltr'><strong>secus</strong></span> <span class='ocrx_word' id='word_1_254' title='bbox 724 3322 1128 3398; x_wconf 79' lang='lat' dir='ltr'><strong>commende,</strong></span> <span class='ocrx_word' id='word_1_255' title='bbox 1175 3343 1251 3389; x_wconf 87' lang='lat' dir='ltr'><strong>ac</strong></span> <span class='ocrx_word' id='word_1_256' title='bbox 1296 3322 1351 3386; x_wconf 84' lang='lat' dir='ltr'><strong>si</strong></span> <span class='ocrx_word' id='word_1_257' title='bbox 1393 3343 1538 3387; x_wconf 89' lang='lat' dir='ltr'><strong>mea</strong></span> <span class='ocrx_word' id='word_1_258' title='bbox 1573 3331 1802 3386; x_wconf 85' lang='lat' dir='ltr'><strong>essent.</strong></span> <span class='ocrx_word' id='word_1_259' title='bbox 1890 3321 2179 3407; x_wconf 82' lang='lat' dir='ltr'><strong>gratissi·</strong></span> 
     </span>
     <span class='ocr_line' id='line_1_34' title="bbox 147 3411 2224 3526; baseline 0.001 -48"><span class='ocrx_word' id='word_1_260' title='bbox 147 3429 301 3478; x_wconf 89' lang='lat' dir='ltr'><strong>mum</strong></span> <span class='ocrx_word' id='word_1_261' title='bbox 332 3417 489 3483; x_wconf 85' lang='lat' dir='ltr'><strong>mihi</strong></span> <span class='ocrx_word' id='word_1_262' title='bbox 534 3417 793 3494; x_wconf 80' lang='lat' dir='ltr'><strong>feceris,</strong></span> <span class='ocrx_word' id='word_1_263' title='bbox 840 3417 894 3482; x_wconf 87' lang='lat' dir='ltr'><strong>si</strong></span> <span class='ocrx_word' id='word_1_264' title='bbox 935 3416 1305 3483; x_wconf 84' lang='lat' dir='ltr'><strong>intellexero</strong></span> <span class='ocrx_word' id='word_1_265' title='bbox 1348 3416 1516 3483; x_wconf 87' lang='lat' dir='ltr'><strong>hanc</strong></span> <span class='ocrx_word' id='word_1_266' title='bbox 1560 3411 2178 3526; x_wconf 87' lang='lat' dir='ltr'><strong>commendationem</strong></span> <span class='ocrx_word' id='word_1_267' title='bbox 2221 3487 2224 3492; x_wconf 54' lang='grc'><strong>,</strong></span> 
     </span>
    </p>
   </div>
   <div class='ocr_carea' id='block_1_7' title="bbox 56 3509 1624 3636">
    <p class='ocr_par' dir='ltr' id='par_1_8' title="bbox 56 3509 1624 3636">
     <span class='ocr_line' id='line_1_35' title="bbox 56 3509 1624 3636; baseline 0.005 -68"><span class='ocrx_word' id='word_1_268' title='bbox 56 3509 67 3520; x_wconf 82' lang='grc'><strong>’“</strong></span> <span class='ocrx_word' id='word_1_269' title='bbox 149 3523 427 3592; x_wconf 84' lang='lat' dir='ltr'><strong>magnum</strong></span> <span class='ocrx_word' id='word_1_270' title='bbox 464 3511 641 3598; x_wconf 89' lang='lat' dir='ltr'><strong>apud</strong></span> <span class='ocrx_word' id='word_1_271' title='bbox 672 3522 737 3636; x_wconf 83' lang='lat' dir='ltr'><strong>te</strong></span> <span class='ocrx_word' id='word_1_272' title='bbox 771 3511 1021 3597; x_wconf 84' lang='lat' dir='ltr'><strong>pondus</strong></span> <span class='ocrx_word' id='word_1_273' title='bbox 1058 3511 1382 3579; x_wconf 86' lang='lat' dir='ltr'><strong>habuisse.</strong></span> <span class='ocrx_word' id='word_1_274' title='bbox 1455 3512 1624 3578; x_wconf 87' lang='lat' dir='ltr'><strong>vale.</strong></span> 
     </span>
    </p>
   </div>
   <div class='ocr_carea' id='block_1_8' title="bbox 768 3662 1538 3814">
    <p class='ocr_par' dir='ltr' id='par_1_9' title="bbox 768 3662 1538 3814">
     <span class='ocr_line' id='line_1_36' title="bbox 1014 3662 1289 3720; baseline 0 -1"><span class='ocrx_word' id='word_1_275' title='bbox 1014 3662 1289 3720; x_wconf 84' lang='lat' dir='ltr'>XXXIV.</span> 
     </span>
     <span class='ocr_line' id='line_1_37' title="bbox 768 3755 1538 3814; baseline -0.003 0"><span class='ocrx_word' id='word_1_276' title='bbox 768 3755 886 3814; x_wconf 77' lang='lat' dir='ltr'><strong>Sor.</strong></span> <span class='ocrx_word' id='word_1_277' title='bbox 902 3757 1119 3814; x_wconf 88' lang='lat' dir='ltr'><strong>Romae</strong></span> <span class='ocrx_word' id='word_1_278' title='bbox 1138 3775 1284 3814; x_wconf 89' lang='lat' dir='ltr'><strong>anno</strong></span> <span class='ocrx_word' id='word_1_279' title='bbox 1304 3759 1538 3814; x_wconf 86' lang='lat' dir='ltr'><strong>incerto.</strong></span> 
     </span>
    </p>
   </div>
   <div class='ocr_carea' id='block_1_9' title="bbox 507 3853 1790 3912">
    <p class='ocr_par' dir='ltr' id='par_1_10' title="bbox 507 3853 1790 3912">
     <span class='ocr_line' id='line_1_38' title="bbox 507 3853 1790 3912; baseline 0 -4"><span class='ocrx_word' id='word_1_280' title='bbox 507 3853 778 3912; x_wconf 79' lang='lat' dir='ltr'>CICERO</span> <span class='ocrx_word' id='word_1_281' title='bbox 810 3854 1070 3908; x_wconf 71' lang='lat' dir='ltr'>AQILIO</span> <span class='ocrx_word' id='word_1_282' title='bbox 1104 3853 1604 3910; x_wconf 77' lang='lat' dir='ltr'>PROCONSULI</span> <span class='ocrx_word' id='word_1_283' title='bbox 1630 3853 1790 3910; x_wconf 87' lang='lat' dir='ltr'>SAL.</span> 
     </span>
    </p>
   </div>
   <div class='ocr_carea' id='block_1_10' title="bbox 262 3945 2202 4037">
    <p class='ocr_par' dir='ltr' id='par_1_11' title="bbox 262 3945 2202 4037">
     <span class='ocr_line' id='line_1_39' title="bbox 262 3945 2202 4037; baseline 0.002 -25"><span class='ocrx_word' id='word_1_284' title='bbox 262 3945 527 4019; x_wconf 83' lang='lat' dir='ltr'><strong>Avitum</strong></span> <span class='ocrx_word' id='word_1_285' title='bbox 553 3950 715 4016; x_wconf 83' lang='lat' dir='ltr'><strong>mihi</strong></span> <span class='ocrx_word' id='word_1_286' title='bbox 736 3948 1087 4037; x_wconf 83' lang='lat' dir='ltr'><strong>hospitium</strong></span> <span class='ocrx_word' id='word_1_287' title='bbox 1112 3961 1211 4018; x_wconf 89' lang='lat' dir='ltr'><strong>est</strong></span> <span class='ocrx_word' id='word_1_288' title='bbox 1238 3972 1388 4016; x_wconf 88' lang='lat' dir='ltr'><strong>cum</strong></span> <span class='ocrx_word' id='word_1_289' title='bbox 1407 3949 1692 4036; x_wconf 82' lang='lat' dir='ltr'><strong>Lysone,</strong></span> <span class='ocrx_word' id='word_1_290' title='bbox 1718 3947 2000 4036; x_wconf 82' lang='lat' dir='ltr'><strong>Lysonis</strong></span> <span class='ocrx_word' id='word_1_291' title='bbox 2027 3949 2202 4029; x_wconf 85' lang='lat' dir='ltr'><strong>filio,</strong></span> 
     </span>
    </p>
   </div>
   <div class='ocr_carea' id='block_1_11' title="bbox 150 4029 2184 4208">
    <p class='ocr_par' dir='ltr' id='par_1_12' title="bbox 150 4029 2184 4198">
     <span class='ocr_line' id='line_1_40' title="bbox 150 4029 2184 4198; baseline 0.008 -102"><span class='ocrx_word' id='word_1_292' title='bbox 150 4029 576 4185; x_wconf 49' lang='lat' dir='ltr'><strong>Lilgkraetam,</strong></span> <span class='ocrx_word' id='word_1_293' title='bbox 594 4045 909 4131; x_wconf 78' lang='lat' dir='ltr'><strong>valdeque</strong></span> <span class='ocrx_word' id='word_1_294' title='bbox 936 4045 1021 4112; x_wconf 87' lang='lat' dir='ltr'><strong>ab</strong></span> <span class='ocrx_word' id='word_1_295' title='bbox 1047 4067 1125 4112; x_wconf 84' lang='lat' dir='ltr'><strong>eo</strong></span> <span class='ocrx_word' id='word_1_296' title='bbox 1153 4045 1459 4112; x_wconf 86' lang='lat' dir='ltr'><strong>observor</strong></span> <span class='ocrx_word' id='word_1_297' title='bbox 1485 4043 1886 4198; x_wconf 55' lang='grc' dir='ltr'>οοςιιονὶἓέιθ</span> <span class='ocrx_word' id='word_1_298' title='bbox 1915 4044 2184 4132; x_wconf 83' lang='lat' dir='ltr'><strong>dignum</strong></span> 
     </span>
     <span class='ocr_line' id='line_1_41' title="bbox 356 4146 695 4208; baseline 0.027 -20"><span class='ocrx_word' id='word_1_299' title='bbox 356 4155 451 4208; x_wconf 60' lang='lat' dir='ltr'><strong>emp</strong></span> <span class='ocrx_word' id='word_1_300' title='bbox 470 4148 549 4192; x_wconf 76' lang='lat' dir='ltr'><strong>v.01</strong></span> <span class='ocrx_word' id='word_1_301' title='bbox 566 4146 636 4192; x_wconf 71' lang='lat' dir='ltr'><strong>lx.</strong></span> <span class='ocrx_word' id='word_1_302' title='bbox 692 4189 695 4197; x_wconf 78' lang='grc'><strong><em>,</em></strong></span> 
     </span>
    </p>
   </div>
   <div class='ocr_carea' id='block_1_12' title="bbox 57 2771 69 2984">
    <p class='ocr_par' dir='ltr' id='par_1_13' title="bbox 57 2771 69 2984">
     <span class='ocr_line' id='line_1_42' title="bbox 57 2771 69 2984; baseline 0 1575"><span class='ocrx_word' id='word_1_303' title='bbox 57 2771 69 2984; x_wconf 95' lang='lat' dir='ltr'><strong> </strong></span> 
     </span>
    </p>
   </div>
  </div>
 </body>
</html>
