2675 4559
777 239 1334 299 EPISTOLARUM
1367 241 1473 296 III.
1509 243 1561 299 8.
2116 228 2201 292 57

152 390 380 453 umque
423 388 651 433 earum
695 365 1025 435 civitatum
1068 366 1477 452 magistratus
1529 364 2008 452 legationesque
2051 389 2200 433 con-

151 462 471 531 venirent?
522 460 649 525 nisi
699 460 865 525 forte
909 470 1133 545 postea
1177 471 1521 547 coeperunt
1576 461 1793 546 legare
1836 482 2032 546 quam
2076 485 2196 545 ego
2232 489 2256 525 ε.

149 559 435 624 Taurum
472 567 909 641 transgressus
945 577 1118 632 sum3
1171 555 1348 639 quod
1382 565 1551 621 certe
1584 576 1716 620 non
1749 554 1841 620 ita
1875 566 1999 622 estz
2054 577 2200 621 cnm

149 653 306 719 enim
361 650 765 727 Laodiceae,
829 670 976 715 cum
1028 649 1391 735 Apameae,
1446 643 1594 715 cum
1648 647 2000 735 Synnadis,
2054 673 2196 717 eum

149 746 530 823 Philomelii,
565 768 713 810 cum
749 744 952 823 Iconii
989 766 1214 821 essem,
1252 744 1486 828 quibus
1520 744 1589 809 in
1624 745 1871 830 oppidis
1908 745 2200 811 omnibus

151 851 576 909 commoratus
629 863 804 918 sum,
859 861 1078 905 omnes
1130 840 1259 904 iam
1310 839 1495 905 istius
1547 842 1798 926 generis
1850 842 2200 928 legationes

154 947 317 1003 erant
352 934 761 1002 constitutae.
849 944 1041 1017 atque
1077 933 1200 998 hoc
1234 945 1452 999 tamen
1486 944 1548 1000 te
1585 935 1745 1000 scire
1782 936 1945 1014 v010,
1980 960 2084 1001 me
2122 937 2200 1001 [le

151 1033 259 1096 isto
309 1040 581 1117 sumptu
642 1027 1037 1114 legationum
1089 1039 1200 1093 aut
1250 1027 1597 1094 minuendo
1652 1042 1763 1095 aut
1822 1030 2200 1097 remittendo

154 1127 503 1193 decrevisse
528 1124 688 1191 nihil
720 1123 843 1188 nisi
869 1124 1044 1207 quod
1077 1123 1396 1209 principes
1424 1123 1753 1216 civitatum
1780 1147 1820 1190 a
1844 1150 1947 1193 me
1971 1136 2196 1213 ‚postu-

152 1223 400 1299 lassent,
434 1243 522 1286 ne
554 1219 624 1284 in
658 1217 1087 1284 venditionem
1123 1219 1505 1285 tributorum
1541 1232 1606 1286 et
1635 1221 1812 1287 illam
1848 1222 2199 1289 acerbissu-

152 1339 311 1381 mam
355 1315 788 1389 exactionem,
841 1335 1036 1397 quam
1082 1323 1153 1377 tu
1186 1336 1318 1378 non
1350 1313 1638 1399 ignoras,
1691 1316 1973 1403 capitum
2008 1329 2196 1401 atque

149 1411 452 1475 ostiorum
495 1408 950 1473 inducerentur
1003 1418 1293 1492 sumptus
1347 1408 1606 1477 minime
1656 1410 2024 1490 necessarii3
2080 1437 2200 1497 egn-

146 1516 386 1582 autem,
443 1525 593 1569 cum
643 1502 768 1567 hoc
819 1501 1265 1587 suscepissem,
1324 1523 1456 1567 non
1508 1504 1714 1569 solum
1767 1504 2033 1585 iustitia,
2088 1509 2200 1573 setl

146 1600 330 1665 etiam
367 1596 808 1663 misericordia
841 1596 1172 1672 adductus,
1207 1606 1281 1660 ut
1312 1597 1593 1663 levarem
1618 1598 1886 1664 miseriis
1921 1601 2196 1685 perditas

147 1694 434 1759 civitates
472 1703 539 1757 et
580 1690 862 1777 perditas
908 1690 1184 1755 maxime
1229 1713 1343 1775 per
1377 1691 1788 1777 magistratus
1834 1716 2017 1772 suos,
2072 1721 2196 1757 nen

145 1787 320 1872 potui
353 1786 426 1851 in
471 1785 582 1850 illo
619 1796 879 1871 sumptu
911 1807 1043 1849 non
1077 1784 1436 1850 necessario
1470 1785 1821 1871 neglegens
1858 1809 2019 1853 esse.
2112 1805 2196 1865 tn,

144 1886 194 1947 si
240 1880 431 1948 istius
483 1880 660 1945 modi
712 1901 1034 1946 sermones
1089 1879 1171 1943 ad
1216 1889 1280 1945 te
1323 1878 1519 1957 delati
1570 1879 1650 1945 de
1694 1902 1798 1946 me
1842 1892 2020 1960 sunt,
2072 1905 2200 1945 nun

144 1977 422 2043 debuisti
457 1976 746 2053 credere3
758 1974 838 2039 si
874 1984 1089 2039 autem
1124 1973 1246 2039 hoc
1281 1995 1519 2060 genere
1545 1973 1898 2051 delectaris,
1935 1986 2009 2041 ut
2035 1997 2120 2061 qu
2128 2001 2200 2041 ic

145 2071 310 2137 tibi
291 2095 360 2137 m
393 2081 678 2137 mentem
703 2069 965 2135 veniant
993 2068 1131 2133 aliis
1160 2068 1490 2145 attribuas,
1491 2089 1733 2178 genus
1770 2069 2076 2137 sermonis
2104 2073 2200 2133 in

146 2164 376 2231 ducis
356 2188 428 2229 m
463 2163 808 2229 amicitiam
835 2161 1095 2227 minime
1120 2161 1403 2227 liberale.
1491 2161 1644 2249 eg0,
1682 2161 1738 2228 si
1772 2162 1839 2231 in
1874 2164 2172 2249 provinti:
2182 2193 2200 2229 ι

147 2260 219 2325 dc
253 2271 371 2325 tua
405 2258 584 2324 fama
620 2257 953 2327 detrahere
988 2278 1296 2340 umquam
1332 2256 1733 2344 cogitassem,
1769 2261 1803 2341 †
1839 2280 1971 2323 non
2003 2283 2196 2345 gens—

146 2377 283 2419 rum
301 2364 487 2419 tuum
513 2352 817 2418 libertum
834 2351 1162 2416 Brundisii
1190 2372 1401 2435 neque
1420 2351 1504 2415 ad
1520 2351 1918 2437 praefectum
1944 2353 2196 2420 fabr-mn

149 2446 493 2534 Corcyrae,
540 2469 736 2531 quem
775 2446 845 2511 in
888 2446 1102 2512 locum
1145 2468 1250 2511 me
1284 2446 1502 2519 venire
1547 2447 1774 2525 velles,
1820 2448 2196 2513 retulissem.

147 2564 270 2626 qua
303 2565 374 2609 re
420 2553 606 2628 potes
643 2539 1023 2606 doctissimis
1065 2540 1432 2605 hominibus
1477 2542 1871 2616 auctoribus,
1926 2563 2196 2625 quorum

150 2648 291 2702 sunt
327 2637 410 2703 de
446 2635 730 2704 amicitia
772 2634 1058 2721 gerenda
1091 2634 1595 2721 praeclarissime
1631 2634 1849 2720 scripti
1882 2635 2051 2712 libri,
2088 2661 2200 2721 ge-

150 2754 261 2796 nus
295 2731 420 2797 hoc
453 2741 662 2796 totum
690 2729 988 2795 orationis
1023 2728 1274 2815 tollere:
1314 2735 1334 2766 ‘
1344 2728 1783 2814 disputabant3
1822 2750 1944 2814 ego
1980 2741 2196 2793 contra

153 2825 563 2892 disserebam:
619 2824 950 2902 dicebant3
1013 2845 1133 2911 ego
1187 2822 1549 2909 negabam!
1656 2846 1739 2888 an
1790 2820 1948 2886 mihi
2001 2822 2080 2887 de
2140 2841 2196 2885 re
2236 2845 2256 2881 s

154 2918 299 2985 nihil
334 2943 473 2986 esse
511 2919 756 2984 dictum
789 2939 1100 3003 umquam
1134 2918 1361 3003 putas?
1411 2940 1495 2983 ne
1531 2916 1654 2982 hoc
1687 2916 1968 3002 quidem,
2005 2917 2196 3000 quod,

159 3034 291 3078 cum
322 3036 426 3081 me
451 3013 848 3079 Laodiceam
883 3010 1103 3079 venire
1139 3012 1471 3090 voluisses,
1501 3012 1789 3078 Taurum
1822 3012 1961 3098 ipsc
1996 3022 2200 3077 trans-

158 3107 286 3172 isti?
335 3109 508 3195 quod
543 3108 748 3174 isdem
785 3108 1012 3173 diebus
1057 3127 1239 3173 meus
1279 3117 1631 3173 conventus
1678 3117 1813 3172 erat
1846 3106 2200 3191 Apameae

163 3199 475 3285 Synnade,
519 3202 916 3281 Philomelii,
964 3212 1115 3267 tuus
1149 3200 1379 3267 Tarsi?
1422 3221 1552 3266 non
1587 3200 1794 3265 dicam
1836 3200 2051 3284 plura,
2100 3225 2196 3266 nt

162 3294 219 3358 in
249 3318 368 3380 quo
402 3309 466 3363 te
501 3297 861 3382 obiurgem,
896 3295 1018 3360 id
999 3318 1213 3381 ipsum
1240 3295 1462 3360 videar
1496 3292 1760 3357 imitari·
1797 3291 1958 3357 illud
1992 3292 2200 3356 dicam

165 3399 225 3452 ut
254 3392 474 3457 sentio·
523 3391 577 3456 si
611 3391 765 3469 ista,
812 3411 978 3474 quae
1015 3390 1171 3455 alios
1205 3388 1384 3473 loqui
1418 3386 1577 3453 dicis
1590 3435 1609 3466 ,
1654 3387 1792 3473 ipse
1828 3385 2053 3463 sentis,
2092 3397 2200 3449 tna

169 3503 390 3553 summa
433 3486 627 3571 culpa
670 3496 796 3562 est3
851 3484 950 3550 sin
985 3495 1202 3551 autem
1237 3484 1348 3548 alii
1392 3494 1605 3549 tecum
1639 3482 1799 3549 haec
1832 3481 2198 3589 loquuntuj

168 3585 265 3643 tua
295 3591 530 3659 tamen,
576 3580 753 3664 quod
789 3578 1004 3657 audis,
1052 3580 1244 3663 culpa
1278 3599 1411 3643 non
1445 3578 1623 3643 nulla
1658 3588 1774 3643 est.
1861 3597 2007 3642 mea
2039 3577 2172 3641 rati
2164 3597 2200 3637 ι

172 3667 228 3732 in
280 3683 404 3739 tota
465 3666 747 3740 amicitia
807 3684 1026 3738 nostra.
1088 3683 1387 3739 constans
1441 3684 1505 3738 et
1566 3672 1781 3760 gravis
1832 3670 2196 3757 reperietur.

172 3766 324 3842 quod
353 3769 404 3832 si
445 3768 557 3853 qui
590 3791 696 3833 me
732 3768 1103 3833 astutiorem
1137 3765 1355 3853 fingit,
1402 3765 1559 3851 quid
1604 3777 1815 3853 potest
1850 3786 1989 3830 esse
2024 3765 2196 3838 calli

177 3854 297 3923 <llus
339 3884 551 3946 quam,
607 3887 754 3929 cum
800 3874 864 3929 te
909 3864 1242 3929 absentem
1276 3884 1531 3949 semper
1574 3859 1999 3934 defenderim,
2052 3881 2192 3921 cun]

180 3957 513 4031 praesertim
563 3957 722 4022 mihi
774 3980 899 4023 usu
952 3967 1294 4023 venturum
1346 3977 1478 4022 non
1530 3954 1900 4030 arbitrarer,
1950 3962 2027 4016 ut
2080 3973 2112 4017 e
2116 3973 2196 4037 go

185 4061 405 4133 quoque
432 4074 469 4117 a
500 4063 563 4119 te
591 4051 822 4120 absens
850 4050 1294 4120 defendendus
1320 4073 1548 4128 essem,
1583 4070 1755 4115 nunc
1786 4046 2196 4120 committere,
