2675 4559
681 218 1237 277 EPISTOLARUM
1268 221 1433 276 XIII.
1471 221 1695 278 20—23.
2097 214 2221 278 329

1098 391 1293 445 ΧΧΠ.

846 492 963 548 Scr.
979 493 1193 548 Romae
1214 511 1265 548 a.
1284 511 1339 548 u.
1361 511 1409 548 c.
1431 495 1549 549 708.

796 593 1072 651 CICERO
1111 594 1388 652 SERVIO
1427 595 1592 652 SAL.

290 718 403 783 Τ.
429 717 785 794 Manlium,
840 717 953 801 qui
1003 719 1368 804 negotiatur
1418 717 1746 804 Thespiis,
1809 719 2217 786 vehementer
2257 742 2277 778 ι

161 811 402 896 dilig03
429 833 581 876 nam
617 821 685 877 et
717 833 969 897 semper
1002 834 1106 876 me
1142 811 1345 877 coluit:
1366 811 1976 898 diligentissimeque
2002 814 2218 879 obser

163 904 344 969 vavit
374 915 444 968 et
477 927 518 969 a
552 904 778 969 studiis
812 905 1044 979 nostris
1075 925 1215 968 ιιοιι
1241 904 1559 970 abhorret.
1628 905 1879 971 accedit
1909 928 2009 984 eo,
2045 906 2213 991 quud

165 997 375 1064 Varro
411 998 696 1063 Murena
737 1018 973 1083 magno
1010 1019 1201 1084 opere
1238 998 1377 1064 eius
1412 1020 1610 1064 causa
1642 999 1778 1064 volt
1811 1019 2027 1064 omma
2034 1024 2054 1076 3
2109 1002 2217 1082 qui

163 1102 383 1157 tamen
424 1092 830 1169 existimavit,
867 1092 987 1157 etsi
1022 1093 1152 1157 suis
1188 1092 1443 1170 litteris,
1479 1093 1714 1176 quibus
1747 1092 1866 1158 tibi
1898 1093 2217 1158 Manlium

164 1186 678 1264 commendarat,
731 1187 919 1253 valde
955 1187 1330 1265 confideret,
1374 1198 1590 1256 tamen
1635 1209 1782 1254 mea
1815 1190 2217 1254 commenda-

164 1280 337 1348 tione
386 1280 629 1364 aliquid
671 1281 1051 1346 accessionis
1095 1281 1253 1346 fore.
1340 1304 1445 1347 me
1489 1281 1749 1366 quidem
1797 1304 1945 1347 cum
1987 1281 2213 1346 Manlii

163 1373 590 1452 familiaritas,
642 1387 780 1439 tum
814 1374 1126 1440 Varronis
1162 1375 1448 1440 studium
1484 1376 1858 1453 commovit,
1911 1386 1984 1440 ut
2028 1378 2109 1440 ad
2157 1394 2214 1438 ιι]

165 1492 361 1554 quam
395 1470 869 1536 accuratissime
904 1469 1269 1535 scriberem.
1359 1471 1793 1556 gratissimum
1829 1470 2026 1557 igitur
2060 1470 2213 1534 mihi

163 1564 423 1641 feceris,
476 1565 533 1628 si
583 1564 733 1630 huic
785 1564 1320 1629 commendationi
1371 1587 1553 1630 meae
1596 1575 1844 1629 tantum
1897 1564 2209 1638 tribueris

164 1668 478 1742 quantum
513 1659 619 1724 cui
651 1659 929 1724 tribuisti
969 1659 1347 1743 plurimum,
1399 1657 1470 1722 id
1514 1668 1638 1735 est,
1691 1659 1747 1722 si
1781 1658 1861 1721 Τ.
1897 1658 2217 1722 Manli-um

163 1771 356 1833 quam
390 1751 697 1829 maxime,
744 1751 1253 1836 quibuscumque
1296 1751 1493 1816 rebus
1537 1751 1804 1817 honeste
1841 1773 1917 1817 ac
1953 1773 2069 1837 pro
2105 1766 2190 1814 tu
2181 1778 2217 1814 ι

163 1843 474 1930 dignitate
515 1847 784 1930 poteris,
828 1845 1065 1912 iuveris
1114 1856 1308 1929 atque
1352 1845 1708 1922 ornaveris,
1763 1867 1844 1910 ex
1886 1845 2213 1930 ipsiusque

160 1948 491 2022 praeterea
533 1939 909 2024 gratissimis
946 1951 1012 2005 et
1055 1939 1530 2004 humanissimis
1576 1938 1860 2004 moribus
1911 1939 2213 2005 consinus]

163 2032 274 2096 tibi
325 2044 391 2100 te
446 2056 613 2111 eum,
669 2055 864 2118 quem
920 2034 1093 2099 soles-
1136 2033 1421 2098 fructum
1473 2056 1519 2099 a.
1566 2033 1880 2100 bonorum
1933 2055 2141 2098 wroru
2153 2058 2213 2098 ιιι

159 2126 383 2192 officiis
422 2139 811 2214 exspectare,
848 2150 988 2194 esse
1023 2139 1379 2213 capturum.

1076 2361 1283 2418 XXIII

828 2463 946 2520 Scr.
966 2463 1178 2520 Romae
1200 2483 1249 2520 a.
1269 2483 1325 2520 u.
1349 2483 1395 2519 c.
1419 2467 1536 2520 708.

790 2565 1064 2623 CICERO
1102 2566 1380 2623 SERVIO
1419 2567 1581 2622 SAL:

281 2687 369 2752 L.
409 2684 735 2764 Cossinio,
780 2689 986 2754 amico
1031 2700 1094 2755 et
1138 2689 1356 2754 tribuli
1401 2702 1558 2767 tuo,
1590 2690 1775 2755 valde
1817 2689 2209 2754 familiariter
2253 2710 2269 2742 1

152 2793 330 2860 utor3
378 2804 530 2846 nam
566 2793 629 2848 et
670 2783 835 2848 inter
868 2794 1117 2850 nosmet
1160 2784 1331 2869 ipsos
1370 2795 1556 2848 vetus
1590 2805 1750 2848 usus
1783 2781 2117 2848 intercedit
2153 2798 2213 2846 et.

152 2877 417 2943 Atticus
460 2888 676 2943 noster
719 2876 1027 2943 maiorem
1070 2876 1263 2943 etiam
1314 2877 1471 2942 mihi
1524 2900 1670 2944 cum
1714 2875 2011 2944 Cossinio
2063 2898 2213 2942 cen-

155 2970 565 3036 suetudinem
608 2971 788 3048 fecit3
840 2971 1058 3056 imque
1092 2983 1229 3036 tota
1264 2969 1543 3037 Cossinii
1588 2971 1814 3036 domus
1859 2995 1964 3037 me
2009 2970 2213 3054 diligit

152 3063 222 3128 in
254 3063 608 3151 primisque
642 3066 907 3132 libertus
946 3066 1103 3143 eius,
1140 3066 1223 3130 L.
1245 3063 1578 3132 Cossinius
1609 3066 1986 3142 Anchialus,
2021 3065 2213 3130 heum

153 3169 219 3222 et
270 3170 543 3244 patrono
597 3171 661 3224 et
711 3160 963 3246 patroni
1014 3160 1419 3238 necessariis,
1475 3182 1601 3245 quo
1653 3161 1722 3224 in
1768 3180 2036 3225 numero
2093 3182 2213 3242 egi]

153 3274 321 3329 sum,
357 3253 861 3339 probatissimus.
916 3253 1088 3319 hunc
1114 3253 1231 3319 tibi
1264 3254 1355 3320 ita
1381 3253 1778 3331 commende,
1815 3263 1907 3332 ut,
1944 3253 1998 3317 si
2031 3274 2209 3318 meus
2249 3270 2269 3306 Ξ

150 3346 423 3413 libertus
478 3361 647 3421 esset
700 3349 1054 3434 eodemque
1109 3350 1281 3460 apud
1335 3373 1439 3415 me
1491 3350 1635 3416 loco
1689 3359 1883 3425 esset,
1938 3369 2065 3433 quo
2117 3362 2213 3414 est.

153 3441 332 3528 apud
386 3465 576 3508 suum
628 3455 999 3529 patronum,
1051 3445 1290 3509 maiore
1345 3444 1556 3509 studio
1601 3442 2042 3508 commendare
2085 3466 2213 3506 neu

152 3557 431 3620 possem.
523 3558 654 3621 qua
686 3558 756 3603 re
792 3548 1163 3624 pergratum
1198 3537 1356 3602 mihi
1389 3537 1666 3647 feceris,
1684 3537 1737 3603 si
1773 3559 1922 3603 eum
1954 3537 2024 3601 in
2058 3538 2213 3602 ami-

156 3628 372 3694 citiam
410 3641 589 3695 tuam
624 3631 936 3718 receperis
972 3643 1166 3716 atque
1202 3654 1370 3709 eum,
1408 3631 1582 3716 quod
1617 3632 1753 3697 sine
1779 3631 2070 3698 molestia
2105 3642 2213 3694 tua

154 3723 286 3800 fiat,
325 3723 380 3788 si
416 3745 550 3808 qua
580 3724 648 3789 in
682 3747 765 3791 re
788 3747 950 3836 opus
987 3727 1048 3792 ei
1083 3726 1296 3803 fuerit,
1331 3725 1596 3791 iuveris.
1632 3726 1701 3790 id
1735 3737 1798 3792 et
1829 3725 1988 3791 mihi
2021 3726 2213 3790 vehs-

156 3828 403 3884 menter
454 3830 712 3904 gratum
766 3820 885 3886 crit
930 3831 993 3886 et
1038 3819 1155 3885 tibi
1196 3829 1422 3905 postea
1462 3819 1840 3897 iucundum3
1893 3819 2213 3886 hominem

158 3912 327 3976 enim
379 3932 632 3979 summa
682 3915 1030 4000 probitate,
1082 3914 1477 3980 humanitate
1529 3913 2056 4000 observantiaque
2109 3938 2217 3982 eo-

159 4028 451 4090 gnosces.
