2675 4559
439 257 520 324 12
1053 258 1130 312 M
1168 253 1443 313 TULLII
1477 248 1876 313 CICERONIS

215 401 221 405 “
371 410 810 478 cognosces3
845 405 1012 493 quae
1047 381 1269 465 quales
1305 378 1450 453 sint,
1484 397 1616 443 non
1649 372 1836 440 facile
1865 381 1962 440 est
1998 369 2300 439 seribere·
2338 380 2495 439 sunt

481 486 697 556 uidem
741 490 912 552 certe
962 478 1030 543 i'n
1087 474 1439 541 amicorum
1488 480 1851 541 nostrerum
1900 476 2220 553 potestate
2215 512 2248 542 ,
2296 475 2496 549 atque

441 566 552 642 lta,
628 589 655 639 t
686 575 929 642 nullam
962 569 1382 638 mutationem
1414 585 1723 647 umquam
1757 560 1880 626 hac
1914 558 2246 628 hominum
2282 569 2497 624 aetate

382 667 407 719 ²
441 653 679 730 habltu
799 690 872 736 es
904 687 1044 734 esse
1078 663 1389 729 videatur.
1478 679 1601 744 ego
1636 656 1927 741 quidem,
1972 664 2045 719 ut
2078 653 2285 720 debeo
2321 663 2389 718 et
2420 664 2499 717 ut

441 763 578 822 tute
628 751 786 822 mihi
986 757 1208 843 cepisti
1255 766 1319 822 et
1372 764 1445 819 ut
1486 774 1590 820 me
1633 752 1839 837 pietas
1883 748 2253 831 utilitasque
2298 746 2497 832 cogit,

440 870 545 914 me
581 847 666 911 ad
701 845 839 914 eius
872 851 1149 913 rationes
1179 850 1482 934 adiungO,
1518 868 1711 931 quem
1744 854 1817 909 tu
1849 844 1918 909 in
1950 842 2111 907 meis
2139 840 2497 908 rationibus

441 941 556 1013 tibi
585 963 726 1008 esse
752 938 1232 1046 adiungendum
1257 941 1523 1022 putasti·
1506 988 1525 1018 ,
1564 940 1677 1007 sed
1702 949 1765 1004 te
1792 959 1920 1003 non
1948 935 2267 1021 praeterit,
2296 954 2499 1018 quam

442 1036 524 1104 sit
575 1033 834 1102 difficile
885 1054 1146 1099 sensum
1196 1031 1264 1096 in
1305 1054 1377 1097 re
1422 1034 1680 1115 publica
1721 1032 2095 1119 praesertim
2138 1040 2385 1102 rectum
2429 1040 2501 1093 et

440 1130 886 1198 confirmatum
931 1126 1269 1211 deponere.
1339 1147 1566 1190 verum
1600 1138 1816 1193 tamen
1848 1127 1987 1212 ipse
2020 1148 2125 1190 me
2163 1122 2496 1193 conformo

441 1223 525 1287 ad
560 1223 695 1290 eius
722 1222 1136 1297 voluntatem,
1174 1244 1214 1283 a
1238 1240 1368 1302 quo
1395 1217 1662 1285 honeste
1686 1221 2017 1287 dissentire
2041 1241 2173 1287 nen
2206 1240 2500 1303 possum,

438 1337 648 1400 neque
674 1316 744 1381 id
768 1314 955 1391 facio,
987 1324 1060 1378 ut
1087 1313 1359 1381 forsitan
1380 1314 1766 1397 quibusdam
1792 1315 2033 1392 videar,
2062 1312 2461 1382 simulatione
2476 1336 2504 1389 ·,

439 1421 690 1476 tantum
744 1408 914 1474 enim
967 1406 1162 1471 animi
1225 1407 1511 1471 inductio
1563 1419 1627 1476 et
1687 1408 2048 1475 mehercule
2109 1429 2287 1475 amor
2338 1428 2499 1491 erga

437 1502 822 1589 Pompeium
849 1500 1024 1586 apud
1051 1524 1154 1567 me
1182 1501 1373 1576 valet,
1410 1512 1502 1579 ut,
1538 1522 1705 1585 quae
1730 1500 1823 1565 illi
1850 1502 2032 1566 utilia
2060 1511 2209 1565 sunt
2235 1511 2301 1566 et
2326 1522 2497 1583 quae

437 1598 544 1666 ille
589 1598 750 1675 velt,
807 1621 883 1664 ea
927 1596 1085 1665 mihi
1120 1597 1334 1663 omnia
1366 1598 1497 1662 iam
1532 1608 1596 1662 et
1638 1608 1814 1663 recta
1849 1609 1914 1663 et
1947 1620 2100 1664 vera
2134 1598 2497 1664 videantur..

438 1714 677 1777 neque,
729 1703 803 1758 ut
848 1714 969 1779 ego
1015 1692 1315 1768 arbitror,
1374 1702 1654 1759 errarent
1698 1715 1779 1758 ne
1834 1692 2181 1758 adversarii
2232 1690 2495 1775 quidem

439 1788 594 1864 eius,
632 1788 706 1865 si,
743 1809 892 1853 cum
925 1809 1112 1871 pares
1141 1810 1281 1853 esse
1307 1808 1437 1853 non
1465 1798 1744 1871 possent,
1779 1808 2069 1873 pugnare
2098 1786 2494 1853 desisterent.

377 1897 408 1938 ³
437 1906 541 1954 me
576 1882 836 1967 quidem
879 1883 1072 1948 etiam
1113 1882 1224 1945 illa
1267 1903 1371 1946 res
1418 1882 1812 1958 consolatur,
1865 1882 2051 1966 quod,
2073 1904 2195 1967 ego
2229 1881 2286 1945 is
2326 1903 2493 1956 sum,

436 1976 542 2045 cui
585 1976 689 2041 vel
733 1976 1008 2041 maxime
1053 1974 1409 2040 concedant
1442 1995 1694 2052 omnes,
1746 1987 1817 2040 ut
1864 1977 1968 2041 vel
2013 1999 2092 2042 ea
2127 1975 2491 2049 defendam,

436 2092 601 2153 quae
625 2068 976 2154 Pompeius
1006 2068 1182 2145 velit,
1217 2069 1320 2133 vel
1356 2078 1624 2146 taceam,
1658 2070 1763 2138 vel
1792 2068 2005 2147 etiam,
2040 2070 2109 2134 id
2135 2070 2310 2152 quod
2336 2068 2496 2135 mihi

434 2163 713 2232 maxime,
753 2162 963 2239 lubet,
1017 2162 1102 2228 ad
1142 2173 1363 2227 nostra
1406 2185 1509 2227 me
1546 2163 1761 2229 studia
1792 2163 2065 2229 referam
2108 2163 2494 2239 litterarum3

435 2256 609 2339 quod
661 2255 946 2341 profecto
998 2255 1261 2333 faciam,
1315 2256 1371 2321 si
1432 2255 1589 2322 mihi
1641 2280 1757 2341 per
1810 2258 2093 2323 eiusdem
2146 2258 2491 2326 amicitiam

433 2350 668 2419 licebit.
759 2371 924 2434 quae
971 2350 1139 2414 enim
1175 2350 1502 2435 proposita
1537 2350 1792 2418 fuerant
1826 2352 2041 2427 nobis,
2087 2373 2235 2416 cum
2271 2362 2335 2419 et
2376 2351 2491 2415 ho-

431 2441 694 2510 noribus
729 2443 1132 2528 amplissimis
1171 2455 1236 2509 et
1268 2444 1603 2511 laboribus
1631 2445 1928 2512 maximis
1964 2445 2284 2531 perfuncti
2317 2468 2489 2511 esse-

431 2560 595 2614 mus,
632 2537 963 2623 dignitas
944 2562 1011 2602 ιιι
1037 2537 1367 2604 sententiis
1398 2538 1702 2617 dicendis,
1738 2539 2053 2604 libertas
2034 2563 2100 2603 m
2126 2562 2201 2605 re
2231 2539 2491 2625 publica

432 2633 851 2718 capessenda,
906 2655 984 2698 ea
1019 2633 1273 2700 sublata
1306 2644 1442 2700 tota
1476 2646 1665 2713 sunt,
1708 2656 1827 2699 nec
1862 2634 2018 2699 mihi
2052 2634 2260 2721 magis
2293 2656 2488 2719 quam

348 2789 351 2790 γ
431 2728 756 2805 omnibus;
790 2751 941 2797 nam
977 2740 1088 2793 aut
1124 2729 1611 2794 adsentiendum
1647 2740 1743 2794 est
1777 2728 1955 2793 nulla
1990 2750 2138 2794 cum
2171 2729 2487 2814 gravitate

368 2846 396 2884 4
429 2821 679 2906 pauciS,
734 2833 846 2887 aut
896 2821 1134 2889 frustra
1183 2823 1704 2888 dissentiendum.
1793 2822 1952 2888 haec
1996 2845 2120 2909 ego
2164 2822 2247 2888 ad
2292 2834 2362 2888 te
2404 2824 2487 2888 ob

431 2939 571 2982 eam
599 2937 859 2980 causam
885 2916 1162 2997 maxime
1193 2916 1424 2994 scribe,
1462 2927 1534 2981 ut
1560 2918 1690 2981 iam
1708 2917 1788 2983 de
1816 2928 1928 2982 tua
1956 2938 2211 3002 quoque
2240 2917 2485 2984 ratione

425 3009 751 3076 meditere.
839 3019 1229 3074 commutata
1263 3020 1399 3075 tota
1432 3011 1594 3076 ratio
1631 3022 1729 3077 est
1762 3022 2044 3088 senatus,
2079 3011 2483 3088 iudiciorum,

425 3101 519 3167 rei
561 3102 756 3167 totius
803 3102 1099 3188 publicae
1111 3128 1129 3179 ;
1185 3103 1387 3169 otium
1432 3105 1618 3169 nobis
1655 3106 2095 3191 exoptandum
2129 3116 2258 3183 est,
2307 3106 2485 3189 quod

425 3196 499 3274 ii,
545 3196 657 3281 qui
690 3196 1022 3282 potiuntur
1054 3220 1298 3276 rerum,
1345 3200 1731 3285 praestaturi
1766 3199 2092 3278 videntur,
2128 3201 2184 3265 si
2220 3201 2485 3284 quidam

424 3293 713 3359 homines
783 3294 1126 3384 patientius
1195 3317 1419 3361 eorum
1488 3296 1841 3381 potentiam
1908 3294 2075 3361 ferre
2138 3296 2481 3381 potuerint.

427 3386 803 3473 dignitatem
846 3389 1105 3471 quidem
1151 3389 1326 3453 illam
1365 3390 1763 3454 consularem
1806 3388 1987 3477 fortis
2026 3400 2090 3453 et
2134 3390 2480 3454 constantis

425 3480 732 3544 senatoris
770 3482 948 3547 ⁴nihil
1010 3493 1105 3547 est
1165 3482 1337 3565 quod
1393 3484 1776 3568 cogitemus:
1844 3484 2078 3549 amissa
2132 3484 2322 3569 culpa
2386 3494 2482 3549 est

423 3596 675 3651 eorum,
719 3576 832 3659 qui
867 3600 906 3640 a
940 3588 1166 3641 senatu
1211 3588 1273 3641 et
1310 3577 1601 3645 ordinem
1636 3580 2224 3647 coniunctissimum
2258 3590 2326 3645 et
2366 3579 2479 3644 ho-

360 3687 388 3727 5
423 3668 660 3736 minem
712 3669 1134 3736 clarissimum
1187 3672 1649 3739 abalienarunt.
1739 3675 1853 3740 sed
1905 3686 1981 3740 ut·
2022 3675 2107 3741 ad
2150 3697 2255 3752 ea,
2312 3681 2477 3758 quae

421 3763 857 3829 coniunctiora
906 3763 1097 3829 rebus
1150 3765 1275 3831 tuis
1320 3778 1471 3832 sunt
1485 3816 1502 3843 ,
1556 3780 1872 3835 revertar:
1923 3768 2310 3855 Pompeium
2362 3767 2478 3833 tibi

420 3858 608 3923 valde
655 3858 932 3923 amicum
979 3882 1118 3925 esse
1163 3860 1438 3947 cognovi
1483 3873 1548 3927 et
1590 3886 1666 3928 eo
1712 3875 1784 3928 tu
1820 3866 2109 3940 consule,
2162 3874 2477 3948 quantum

421 3972 541 4035 ego
577 3954 892 4038 perspicio
905 4002 923 4031 ‚
977 3956 1218 4032 omnia,
1273 3976 1439 4039 quae
1473 3958 1650 4022 voles
1663 4006 1681 4034 ,
1736 3957 2083 4036 obtinebis,
2138 3957 2373 4041 quibus
2409 3959 2479 4024 in

417 4042 611 4117 rebus
645 4069 747 4115 me
784 4048 905 4114 sibi
949 4050 1054 4115 ille
1090 4050 1377 4118 adfixum
1420 4050 1681 4118 habebit
1722 4074 1933 4137 neque
1972 4078 2011 4119 a
2044 4076 2146 4119 me
2182 4054 2315 4120 ulla
2350 4076 2475 4131 res,
