2675 4559
449 216 534 285 58
1028 178 1033 181 Ι
1069 228 1146 282 Μ.
1185 225 1459 283 TULLII
1494 224 1897 281 CICERONIS

391 379 413 418 '1
450 366 525 422 ut
568 365 638 419 tu
691 355 829 419 iure
875 352 1114 438 optimo
1159 373 1264 415 me
1310 349 1640 432 absentem
1676 349 1964 414 deserere
2009 348 2254 434 possis?
2309 370 2512 415 unum

448 471 653 537 genus
689 449 937 534 excipio
974 446 1309 522 sermonis,
1354 445 1422 509 in
1467 466 1596 528 quo
1630 466 1937 529 persaepe
1982 443 2224 528 aliquid
2260 444 2512 521 dicitur,

453 544 625 631 quud
684 554 749 609 te
807 554 1030 629 putem
1088 540 1258 605 nolle
1327 539 1481 615 dici,
1553 539 1608 603 si
1659 549 1770 603 aut
1830 538 2191 624 legatorum
2252 541 2513 604 tuorum

453 639 728 727 *cuipiam
774 649 887 703 aut
928 636 1397 724 praefectorum
1431 647 1548 700 aut
1590 634 1988 699 tribunorum
2030 634 2306 699 militum
2343 636 2513 701 male

453 735 708 799 dieitur:
757 734 930 817 quod
972 744 1188 797 tamen
1222 731 1435 815 ipsum
1469 750 1598 794 non
1634 728 1997 794 mehercule
2034 728 2245 794 adhuc
2280 729 2514 794 accidit

453 855 557 895 1110
585 828 901 904 audiente,
937 839 1010 891 ut
1040 836 1151 893 aut
1185 826 1445 912 gravius
1474 825 1790 889 diceretur
1816 835 1929 888 aut
1954 823 2023 888 in
2056 823 2278 908 pluris,
2315 845 2514 907 quam

453 947 705 991 1110011111
744 920 1069 1007 Corcyrae
1108 917 1376 985 Clodius
1421 929 1518 984 est
1552 919 1831 994 locutus,
1875 940 2027 983 eum
2058 918 2127 983 in
2160 939 2239 982 00
2273 940 2513 1003 genere

457 1043 517 1083 tn
525 1018 732 1083 01111110
767 1027 1142 1100 quereretur
1175 1025 1239 1079 te
1276 1014 1546 1078 aliorum
1580 1013 1964 1098 inprobitate
1998 1011 2211 1076 minus
2255 1011 2512 1077 felicem

457 1115 670 1177 fuisse.
759 1111 876 1175 hos
921 1131 1042 1196 ego
1089 1130 1441 1186 sermones,
1494 1108 1667 1191 quod
1714 1118 1777 1172 et
1818 1106 2003 1171 multi
2040 1116 2190 1171 sunt
2223 1115 2288 1170 et
2330 1116 2514 1171 tuam

457 1206 1014 1280 existimationem,
1067 1214 1141 1267 ut
1174 1224 1294 1289 ego
1342 1202 1576 1279 sentio,
1627 1224 1758 1266 non
1795 1201 2157 1279 offendunt,
2211 1202 2510 1267 lacessivi

457 1323 825 1384 numquam,
863 1299 976 1364 sed
1011 1320 1141 1363 non
1176 1297 1365 1362 valde
1400 1298 1691 1382 repressi.
1758 1297 1813 1361 si
1847 1297 1990 1381 quis
2026 1308 2122 1361 est
2157 1298 2271 1381 qui
2305 1298 2512 1363 nemi—

453 1419 601 1459 nem
637 1395 806 1458 bona
829 1392 956 1458 fide
983 1392 1050 1457 in
1085 1392 1360 1478 gratiam
1384 1401 1567 1477 putet
1590 1392 1798 1458 redire
1824 1413 2031 1477 posse,
2064 1413 2196 1455 non
2223 1402 2513 1457 nostram

453 1491 509 1555 is
545 1488 874 1575 perfidiam
901 1489 1210 1574 coarguit,
1248 1488 1361 1553 sed
1396 1488 1638 1553 indicat
1674 1510 1874 1563 suam,
1912 1486 2226 1571 simulque
2259 1508 2395 1551 non
2430 1488 2514 1552 de

453 1611 557 1651 1110
593 1587 644 1648 is
679 1584 861 1670 peius
909 1606 1102 1668 quam
1137 1582 1218 1648 de
1255 1593 1324 1663 te⁴
1355 1582 1704 1660 existimat3
1751 1582 1850 1646 sin
1886 1591 2100 1647 autem
2136 1602 2329 1666 quem
2364 1605 2515 1647 mea

453 1679 741 1743 instituta
783 1679 850 1742 in
885 1677 1214 1763 provincia
1247 1699 1378 1741 non
1413 1677 1731 1742 delectant
1766 1686 1830 1741 et
1873 1676 2151 1758 quadam
2188 1676 2515 1740 dissimili-

457 1775 674 1839 tudine
724 1772 1161 1837 institutorum
1210 1793 1499 1837 meorum
1551 1793 1629 1835 ac
1671 1783 1926 1835 tuorum
1969 1771 2137 1835 laedi
2182 1793 2251 1835 se
2302 1782 2512 1856 putat,

457 1891 601 1935 011111
635 1879 904 1951 uterque
939 1877 1229 1933 nostrum
1269 1877 1442 1931 recte
1486 1865 1734 1942 fecerit,
1790 1866 1902 1930 sed
1948 1866 2077 1929 non
2118 1865 2292 1931 idem
2335 1877 2514 1931 uter-

453 1987 581 2047 11110
634 1973 889 2027 secutus
943 1962 1062 2037 sit,
1113 1960 1286 2027 1111110
1338 1982 1477 2047 ego,
1515 1959 1792 2025 amicum
1852 1960 2088 2026 habere
2148 1982 2280 2025 11011
2332 1982 2512 2025 01110.

393 2075 421 2111 θ
453 2056 798 2123 liberalitas
835 2067 966 2133 tua,
1001 2067 1077 2121 ut
1110 2054 1383 2122 hominis
1418 2054 1815 2131 nobilissimi,
1852 2053 2041 2119 latius
2074 2054 2141 2118 in
2176 2054 2514 2141 provincia

453 2150 687 2235 patuit:
732 2160 950 2215 nostra
995 2150 1049 2215 si
1085 2150 1416 2235 angustior
1451 2162 1537 2214 est
1568 2185 1657 2197 -
1691 2150 1808 2215 etsi
1844 2149 1925 2214 de
1960 2159 2071 2213 tua
2113 2149 2363 2235 prolixa
2396 2151 2515 2216 be·-

453 2247 785 2328 nsficaque
818 2256 1049 2310 natura
1091 2244 1339 2309 limavit
1374 2244 1617 2330 aliquid
1661 2244 1973 2330 posterior
2008 2266 2212 2309 annus
2248 2256 2514 2332 propter

453 2338 771 2423 quandam
807 2338 1126 2404 tristitiam
1163 2350 1523 2425 temporum
1556 2374 1672 2414 -,
1708 2359 1838 2402 non
1874 2338 2107 2403 debent
2141 2339 2361 2404 mirari
2398 2340 2515 2404 ho-

453 2435 680 2510 mines,
736 2455 885 2499 cum
930 2444 992 2498 et
1035 2443 1266 2497 natura
1310 2456 1564 2518 semper
1606 2432 1689 2497 ad
1734 2433 2135 2519 largiendum
2172 2455 2253 2497 ex
2299 2434 2511 2499 alieno

453 2527 682 2591 fuerim
733 2526 1078 2593 restrictior
1121 2537 1185 2591 et
1238 2526 1660 2614 temporibus,
1715 2526 1949 2611 quibus
1997 2527 2103 2591 alii
2146 2540 2510 2605 moventur,

449 2623 652 2687 isdem
689 2643 811 2709 ego
845 2644 1134 2688 movear:

2668 2208 2670 2262 4

2669 2328 2670 2371 1

764 2780 858 2821 me
893 2781 1015 2822 esse
1051 2760 1330 2823 acerbum
1365 2760 1502 2832 sibi,
1539 2770 1607 2821 ut
1642 2761 1758 2821 sim
1795 2760 1985 2824 dulcis
2021 2759 2190 2823 mihi.

389 2923 413 2959 s
577 2902 684 2966 De
717 2901 910 2966 rebus
945 2902 1208 2967 urbanis
1233 2903 1408 2986 quod
1442 2925 1545 2970 me
1576 2902 1912 2969 certiorem
1946 2903 2171 2981 fecisti,
2207 2926 2358 2969 cum
2394 2928 2511 2991 per

449 3019 517 3059 00
573 2994 726 3059 mihi
777 3007 1033 3082 gratum
1080 2994 1237 3073 fuit,
1291 3008 1430 3061 tum
1482 2991 1655 3081 quod
1708 2997 2078 3083 significasti
2130 2997 2249 3063 tibi
2292 3000 2511 3065 omnia

449 3111 593 3155 msa
624 3090 926 3156 mandata
962 3113 1152 3181 curae
1197 3090 1365 3170 fore3
1408 3091 1476 3157 in
1512 3091 1746 3175 quibus
1781 3115 1989 3156 unum
2018 3091 2177 3157 illud
2221 3103 2286 3158 te
2321 3116 2511 3179 prae-

449 3183 633 3271 cipue
685 3205 845 3272 rogo
887 3196 962 3250 ut
1005 3208 1220 3265 cures,
1273 3209 1357 3252 ne
1411 3186 1566 3271 quid
1611 3186 1769 3250 mihi
1813 3186 1895 3251 ad
1942 3186 2065 3251 hoc
2107 3186 2351 3273 negotii
2397 3200 2511 3253 aut

449 3279 654 3347 oneris
716 3280 981 3346 accedat
1033 3292 1145 3346 aut
1206 3282 1541 3367 temporis,
1606 3273 2153 3365 Hortensiumque
2214 3293 2508 3347 nostrum

449 3375 780 3461 conlegam
815 3387 881 3442 et
913 3376 1292 3441 familiarem
1326 3398 1516 3462 roges
1552 3385 1656 3452 ut,
1694 3375 1749 3440 si
1784 3397 2093 3459 umquam
2128 3398 2273 3441 mea
2310 3399 2509 3441 causa

445 3471 790 3551 quisquam
835 3481 948 3534 aut
993 3470 1190 3535 sensit
1233 3482 1345 3535 aut
1386 3471 1567 3548 fecit,
1615 3470 1707 3535 de·
1740 3469 1864 3535 hac
1898 3491 2153 3554 quoque
2192 3472 2509 3535 sententia

361 3579 409 3619 11]
445 3561 618 3627 bima
663 3561 958 3637 decedat,
1005 3584 1132 3646 qua
1175 3564 1331 3628 mihi
1376 3563 1533 3632 nihil
1576 3574 1786 3651 potest
1822 3585 1960 3630 esse
1996 3565 2333 3631 inimicius.
2425 3564 2507 3630 de

445 3654 675 3719 nostris
725 3657 919 3722 rebus
970 3657 1146 3740 quod
1196 3658 1359 3724 scire
1378 3739 1392 3752 „
1413 3659 1539 3723 vis:
1594 3660 1797 3724 Tarso
1849 3659 2053 3725 Nonis
2108 3656 2505 3726 Octobribus

445 3751 773 3816 Amanum
823 3772 1046 3820 versus
1091 3751 1362 3838 profecti
1406 3776 1627 3819 sumus
1640 3779 1658 3832 ;
1706 3753 1868 3819 haec
1920 3753 2143 3838 scripsi
2194 3752 2505 3839 postridie

445 3847 581 3911 01110
617 3845 770 3923 diei,
811 3866 960 3911 cum
994 3856 1204 3911 castra
1237 3848 1541 3913 haberem
1574 3850 1642 3913 in
1678 3870 1835 3935 agro
1870 3847 2375 3935 Mopsuhestiae.
2450 3848 2503 3913 si

445 3939 597 4019 quid
624 3961 836 4025 egem,
873 3940 1156 4019 scribam¹
1177 3940 1258 4007 ad
1293 3953 1377 4020 te,
1413 3965 1622 4028 neque
1649 3943 1913 4007 domum
1946 3964 2251 4026 umquam
2279 3942 2364 4006 ad
2399 3964 2504 4007 me

441 4031 680 4097 litteras
707 4034 975 4115 mittam,
1012 4038 1163 4121 quin
1193 4038 1549 4125 adiungam
1572 4060 1702 4117 eas,
1738 4060 1900 4123 quas
1926 4038 2046 4103 tibi
2072 4036 2253 4103 reddi
2283 4036 2500 4103 velim.
