2675 4559
809 255 1365 317 EPISTOLARUM
1399 263 1446 317 1.
1485 266 1533 321 7.
1555 267 1605 323 8.
2156 262 2235 327 11

161 375 466 461 sperasti,
513 398 651 442 non
697 378 920 445 dubito
954 382 1109 465 quin
1156 383 1426 471 adeptus
1470 388 1803 477 intellegas
1846 428 1926 441 --
1961 404 2025 460 te
2060 394 2239 462 facil·
2336 364 2338 366 ι

157 470 308 535 lime
353 491 558 557 posse
609 471 900 539 obtinere
945 497 1267 543 summum
1314 491 1511 566 atque
1546 484 1921 552 altissimum
1964 491 2254 575 gradum·

159 565 462 631 civitatis.
539 586 712 650 quae
749 568 1010 652 quidem
1045 594 1192 637 mea
1225 574 1581 642 cohortatio
1615 602 1697 644 ne
1732 579 1848 644 tibi
1882 562 2229 645 inanirafit

157 658 291 724 sine
331 681 544 724 causa
580 672 882 747 suscepta
915 664 1211 731 videatur
1219 714 1263 745 ,.
1293 668 1405 735 illa
1446 693 1552 738 me
1589 674 1750 739 ratio
1786 674 2007 741 mox-st,
2058 674 2131 729 ¹1¹⁵
2165 675 2229 729 te

155 777 236 819 ex
267 754 520 819 nostris
549 757 796 821 eventis
824 761 1270 828 communibus
1307 763 1775 831 admonendum
1808 768 2121 844 putarem,
2157 768 2231 823 Ut

157 848 638 928 considerares,
684 852 754 916 in
788 854 962 918 omni
994 856 1242 940 reliqua
1257 858 1411 928 ‘vita
1431 855 1685 936 'quibus
1721 852 2032 931 crederes,
2068 874 2228 937 quos

156 964 446 1008 caveres.
539 944 719 1027 quod
753 947 978 1012 scribis
1014 959 1080 1014 te
1115 950 1279 1021 velle
1303 946 1472 1011 scire
1489 992 1509 1023 ,
1546 946 1657 1029 qui
1692 946 1775 1010 sit
1807 947 1901 1011 rei
1934 948 2228 1031 publicae

155 1046 396 1113 status,
451 1059 710 1103 summa
747 1038 1060 1108 dissensio
1096 1055 1217 1115 est,
1273 1039 1389 1105 sed
1424 1040 1745 1106 contentio
1783 1039 1999 1125 dispar
2007 1065 2026 1119 ;
2079 1064 2229 1105 nam

155 1130 264 1215 qui
298 1131 458 1215 plus
487 1131 740 1215 opibus,
779 1135 990 1212 armis,
1025 1132 1309 1218 potentia
1336 1136 1573 1211 valent,
1609 1133 1956 1220 profecisse
1981 1144 2230 1199 tantum

153 1224 313 1287 mihi
347 1224 660 1289 videntur
693 1228 960 1293 stultitia
1005 1238 1070 1292 et
1111 1227 1539 1294 inconstantia
1576 1228 2083 1295 adversariorum
2096 1275 2115 1305 ,
2158 1237 2233 1291 ut

156 1319 354 1383 etiam
409 1320 790 1386 auctoritate
842 1322 971 1385 iam
1024 1322 1168 1406 plus
1220 1322 1524 1389 valerent.
1628 1322 1849 1407 itaque
1892 1321 2231 1408 perpaucis

155 1412 656 1476 adversantibus
691 1414 931 1489 omnia,
979 1434 1143 1497 quae
1179 1438 1262 1481 ne
1296 1439 1411 1502 per
1450 1418 1763 1502 populum
1797 1416 2058 1500 quidem
2092 1415 2229 1481 sine

155 1506 478 1571 seditione
504 1528 574 1572 se
601 1507 867 1591 adsequi
904 1509 1396 1588 arbitrabantur,
1434 1534 1551 1595 per
1586 1523 1877 1576 senatum
1904 1510 2229 1577 consecuti

157 1612 304 1665 sunt
312 1624 334 1678 3
379 1624 538 1665 nam
575 1612 640 1669 et
675 1602 1062 1691 stipendium
1102 1600 1369 1668 Caesari
1406 1604 1731 1669 decretum
1768 1616 1867 1671 est
1901 1616 1964 1670 et
2008 1604 2228 1671 decem

156 1696 357 1781 legati
413 1705 512 1773 et,
563 1719 646 1762 ne
698 1698 842 1783 lege
866 1692 870 1695 ’
890 1696 1274 1785 Sempronia
1327 1698 1804 1775 succederetur,
1855 1698 2045 1763 facile
2086 1722 2232 1784 per-

158 1790 404 1854 fectum
439 1798 560 1854 est.
616 1790 790 1874 quod
825 1811 902 1857 eo
937 1791 1023 1856 ad
1057 1801 1121 1856 te
1157 1791 1417 1857 brevius
1454 1791 1685 1869 scribo,
1722 1792 1873 1876 quia
1896 1814 2001 1857 mc
2030 1802 2229 1857 status

159 1882 257 1948 hic
291 1882 397 1949 rei
429 1882 732 1969 publicae
765 1906 896 1949 non
929 1886 1236 1951 delectat:
1283 1886 1495 1951 scribo
1531 1896 1767 1963 tamen,
1804 1896 1875 1950 ut
1911 1896 1975 1951 te
2013 1885 2232 1950 admo-

158 2000 380 2054 neam,
416 1977 597 2061 quod
629 1978 798 2064 ipse,
833 1980 1058 2045 litteris
1092 1980 1390 2046 omnibus
1427 2004 1467 2045 a
1499 1980 1775 2066 pueritia
1808 1980 2085 2057 deditus,
2120 2003 2234 2045 ex-

159 2071 476 2157 periendo
510 2082 727 2137 tamen
763 2074 971 2159 magis
999 2095 1194 2158 quam
1221 2074 1524 2141 discendo
1556 2076 1857 2161 cognovi,
1895 2086 1965 2140 tu
2000 2087 2069 2139 ut
2102 2075 2229 2139 tuis

161 2164 356 2230 rebus
404 2166 676 2250 integris
719 2166 928 2232 discas
963 2189 1174 2252 neque
1221 2169 1444 2235 salutis
1478 2179 1733 2259 nostrae
1768 2170 2079 2235 rationem
2114 2170 2257 2235 ha*

159 2260 440 2325 bendam
493 2260 679 2324 nobis
727 2282 866 2327 esse
911 2261 1047 2328 sine
1103 2262 1413 2349 dignitate
1466 2284 1675 2347 neque
1722 2262 2047 2351 dignitatis
2094 2265 2229 2329 sine

161 2354 387 2419 salute.
480 2354 654 2437 quod
701 2355 857 2420 mihi
905 2357 986 2422 de
1029 2358 1160 2423 filia
1205 2368 1269 2423 et
1315 2358 1395 2423 de
1434 2355 1819 2444 Crassipede
1865 2358 2225 2444 gratularis,

160 2469 444 2535 agnosco
482 2448 943 2517 humanitatem
977 2463 1157 2519 tuam
1193 2474 1508 2539 speroque
1545 2464 1609 2518 et
1646 2465 1797 2539 opto
1830 2454 2019 2518 nobis
2062 2453 2230 2519 hanc

161 2542 679 2611 coniunctionem
714 2546 1027 2631 voluptati
1061 2546 1220 2613 fore.
1277 2547 1632 2613 Lentulum
1667 2557 1959 2612 nostrum
1995 2547 2229 2613 eximia

161 2660 272 2723 spe
317 2659 616 2703 summae
657 2639 912 2704 virtutis
965 2640 1442 2707 adulescentem
1490 2662 1637 2705 cum
1684 2640 1909 2705 ceteris
1962 2640 2226 2715 artibus,

161 2732 398 2817 quibus
446 2732 748 2797 studuisti
795 2756 1047 2820 semper
1089 2736 1258 2821 ipse,
1312 2746 1452 2799 tum
1496 2734 1564 2799 in
1609 2733 1832 2820 primis
1874 2732 2227 2799 imitatione

159 2826 250 2891 tui
293 2826 406 2891 fac
453 2825 739 2904 erudias;
789 2828 969 2893 nulla
1013 2830 1186 2894 enim
1231 2828 1353 2895 erit
1394 2828 1519 2894 hac
1562 2828 1985 2914 praestantior
2036 2827 2231 2893 disci-

159 2920 362 3007 plina=
399 2940 598 3003 quem
631 2942 768 2998 nos,
805 2932 868 2987 et
903 2922 1056 3005 quia
1091 2934 1242 2987 tuus
1272 2933 1336 2987 et
1372 2922 1525 3006 quia
1558 2932 1623 2988 te
1657 2922 1891 3009 dignus
1927 2932 2025 2987 est
2057 2920 2227 2987 filius

161 3026 220 3079 et
253 3014 416 3099 quia
448 3035 570 3079 nos
606 3012 812 3101 diligit
856 3036 1236 3103 semperque
1275 3016 1525 3094 dilexit,
1570 3016 1637 3081 in
1682 3018 1901 3103 primis
1940 3039 2228 3083 amamus

161 3130 516 3222 carumgue
550 3107 882 3175 habemus.

1115 3259 1280 3315 VIII.

600 3360 718 3419 Scr.
735 3362 950 3419 Romae
969 3379 1161 3419 mense
1178 3360 1444 3417 Ianuario
1465 3378 1515 3416 a.
1535 3378 1591 3416 u.
1612 3378 1659 3417 c.
1682 3360 1803 3417 699.
1883 3362 1897 3379 ·

471 3456 551 3513 Μ.
592 3458 865 3515 CICERO
899 3461 958 3513 S.
993 3458 1068 3513 D.
1106 3460 1170 3514 Pa
1206 3458 1572 3513 LENTULO
1603 3456 1912 3513 PROCOS.

231 3566 236 3573 ¹
283 3578 400 3648 De
437 3577 734 3645 omnibus
769 3580 985 3659 rebus,
1021 3602 1187 3665 quae
1217 3580 1301 3646 ad
1335 3591 1400 3646 te
1434 3580 1773 3667 pertinent,
1810 3579 1966 3665 quid
1994 3588 2230 3655 actum,

163 3673 319 3759 quid
355 3674 776 3739 constitutum
823 3673 935 3753 sit,
982 3676 1138 3760 quid
1172 3675 1523 3762 Pompeius
1562 3675 1940 3761 susceperit,
1988 3674 2227 3758 optime

161 3792 241 3835 ex
273 3768 378 3834 M.
415 3768 744 3834 Plaetorio
789 3790 1170 3857 cognosces,
1216 3770 1330 3855 qui
1376 3792 1505 3836 non
1552 3770 1759 3835 solum
1801 3766 2089 3833 interfuit
2132 3765 2231 3831 his

161 3864 384 3941 rebus,
431 3863 550 3929 sed
595 3862 788 3929 etiam
823 3864 1104 3951 praefuit
1145 3886 1357 3949 neque
1401 3866 1606 3933 ullum
1658 3862 1941 3928 officium
1978 3882 2133 3945 erga
2168 3870 2230 3925 te

163 3955 442 4023 hominis
488 3956 943 4037 amantissimi,
991 3958 1501 4044 prudentissimi,
1547 3952 2014 4041 diligentissimi
2047 3976 2232 4039 prae-

167 4052 456 4119 termisit.
563 4074 647 4117 ex
701 4053 926 4118 eodem
980 4053 1061 4118 de
1111 4064 1248 4119 toto
1301 4063 1473 4119 statu
1534 4073 1748 4119 rerum
1800 4048 2233 4117 communium

2266 971 2317 1011 10

2265 2382 2313 2419 11
