2675 4559
637 222 1196 282 EPISTOLARUM
1229 225 1334 282 IX.
1372 227 1599 282 22—24.
2019 219 2150 284 217

109 349 373 414 viderem
432 358 496 414 te
555 357 622 414 et
681 348 958 414 viserem
1021 358 1086 412 et
1147 367 1441 415 cenarem
1504 337 1754 432 etiaim⁴
1798 375 1930 420 non
1984 355 2157 422 enim

110 444 364 508 arbitror
412 463 640 510 cocum
693 442 889 508 etiam
941 453 1008 508 te
1052 441 1451 510 arthriticum
1500 445 1759 512 habere.
1850 460 2153 535 exspecta
2192 453 2222 466 ''

107 539 282 624 igitur
315 537 636 624 hospitem
671 559 818 604 cum
855 537 1119 606 minime
1155 537 1421 606 edacem
1434 585 1453 617 ‚
1509 550 1648 606 tum
1682 541 2012 609 inimicum
2048 566 2155 612 oe-

107 635 188 698 nis
221 634 630 720 sumptuosis.

1013 867 1233 928 XXIV.

365 973 485 1029 Ser.
505 973 722 1028 Romae
744 978 982 1029 exeunte
1002 935 1194 1030 mense
1212 973 1525 1029 Februario
1544 990 1595 1028 a.
1615 990 1671 1029 u.
1692 991 1742 1029 c.
1763 974 1879 1030 711.

738 1073 1016 1132 CICERO
1051 1073 1313 1131 PAETO
1352 1074 1409 1132 S.
1446 1077 1519 1131 D.

215 1198 464 1264 Rufum
497 1198 722 1276 istum,
777 1199 1056 1266 amicum
1089 1211 1306 1278 tuum,
1360 1200 1443 1268 de
1477 1221 1607 1286 quo
1641 1200 1875 1266 iterum
1908 1200 2039 1266 iam
2074 1201 2158 1268 ad
2192 1225 2216 1264 1
2418 1187 2423 1196 ’

113 1315 198 1357 me
227 1293 484 1371 scribis,
533 1293 936 1372 adiuvarem,
971 1305 1286 1379 quantum
1318 1316 1604 1380 possem,
1640 1295 1837 1363 etiam
1870 1296 1927 1364 si
1959 1296 2045 1362 ab
2078 1317 2157 1362 eo

110 1387 298 1453 laesus
353 1409 594 1466 essem,
649 1410 799 1454 cum
851 1399 916 1454 te
959 1397 1138 1455 tanto
1183 1410 1377 1474 opere
1428 1389 1715 1457 viderem
1768 1390 1905 1458 cius
1960 1412 2159 1457 causa

110 1481 380 1550 laborare
387 1507 407 1560 3
455 1504 608 1549 cum
653 1503 807 1548 vero
841 1493 906 1548 et
949 1505 1033 1548 ex
1065 1483 1194 1551 tuis
1227 1481 1455 1548 litteris
1492 1495 1559 1550 et
1602 1507 1685 1550 ex
1726 1485 1899 1552 illius
1934 1485 2017 1552 ad
2052 1507 2157 1552 me

110 1575 296 1642 missis
347 1577 721 1664 intellegam
773 1587 837 1644 et
887 1577 1167 1644 iudicem
1218 1599 1495 1663 magnae
1540 1599 1732 1644 curae
1780 1579 1840 1644 ei
1885 1580 2157 1646 salutem

111 1693 300 1736 meam
331 1670 560 1750 fuisse,
597 1693 726 1738 non
761 1693 1026 1759 possum
1061 1671 1123 1738 ei
1156 1691 1286 1736 non
1323 1671 1567 1738 amicus
1603 1693 1745 1738 esse
1753 1697 1773 1750 3
1809 1695 2019 1758 neque
2054 1695 2157 1738 so·
2234 1688 2237 1690 ’

109 1764 227 1831 lum
259 1778 372 1833 tua
417 1767 1002 1844 commendatione,
1037 1787 1204 1852 quae
1241 1765 1415 1852 apud
1451 1789 1553 1833 me
1565 1813 1585 1844 ‚
1626 1777 1694 1830 ut
1730 1765 1950 1844 debet,
1988 1769 2161 1832 valet

110 1860 468 1944 plurimum,
523 1858 638 1928 sed
689 1861 883 1926 etiam
936 1861 1266 1928 voluntate
1319 1881 1397 1926 ac
1448 1859 1687 1930 iudicio
1738 1883 1905 1926 meo,
2013 1861 2159 1926 volo

111 1955 264 2019 enim
297 1965 362 2021 te
397 1956 584 2032 scire,
619 1956 708 2020 mi
740 1955 976 2033 Paete,
1011 1954 1266 2020 initium
1307 1954 1467 2020 mihi
1502 1954 1871 2040 suspitionis
1906 1965 1975 2022 et
2009 1977 2161 2020 cau-

111 2047 280 2114 tionis
333 2060 399 2116 et
455 2049 824 2136 diligentiae
877 2049 1078 2116 fuisse
1132 2049 1377 2116 litteras
1421 2060 1598 2127 tuas,
1652 2049 1888 2134 quibus
1934 2049 2159 2116 litteris

114 2154 517 2230 congruentes
582 2144 844 2210 fuerunt
906 2144 1070 2210 aliae
1137 2154 1380 2231 postea·
1432 2145 1811 2210 multorum:
1882 2167 2034 2210 nam
2097 2155 2161 2210 et

115 2237 338 2322 Aquini
371 2249 438 2304 et
471 2237 890 2304 Fabrateriae
927 2239 1194 2304 consilia
1227 2251 1379 2306 sunt
1410 2239 1571 2305 inita
1604 2239 1685 2306 de
1722 2263 1857 2318 me,
1893 2261 2061 2324 quae
2096 2249 2159 2304 te

115 2331 278 2396 video
311 2331 672 2410 inaudisse,
721 2343 814 2410 et,
858 2334 1043 2416 quasi
1079 2333 1468 2411 divinarent,
1504 2355 1702 2419 quam
1736 2334 1815 2400 iis
1849 2334 2157 2416 molestus

115 2447 298 2491 essem
321 2425 602 2502 tuturus,
636 2426 795 2494 1111111
823 2426 999 2492 aliud
1025 2440 1297 2516 egerunt
1321 2429 1448 2494 nisi
1475 2451 1581 2495 me
1604 2439 1677 2494 ut
1706 2429 2157 2516 opprimerent.

116 2519 266 2602 quod
301 2542 428 2607 ego
461 2542 594 2586 non
637 2521 971 2606 suspicans
1015 2522 1334 2590 incautior
1367 2522 1667 2602 fuissem,
1712 2524 1839 2589 nisi
1873 2547 1913 2588 a
1948 2535 2011 2589 te
2046 2523 2161 2588 ad·

115 2615 370 2682 monitus
407 2637 613 2681 essem
625 2639 646 2694 ;
691 2635 887 2700 quam
923 2616 1008 2681 ob
1042 2640 1178 2683 rem
1220 2618 1343 2684 iste
1378 2628 1529 2684 tuus
1566 2619 1811 2684 amicus
1846 2617 2021 2703 apud
2056 2640 2159 2683 me

117 2709 646 2778 commendatione
673 2731 803 2779 non
831 2721 998 2798 eget.
1054 2713 1300 2778 utinam
1329 2735 1409 2777 ea
1442 2712 1703 2778 fortuna
1736 2711 1830 2776 rei
1863 2710 2163 2795 publicae

118 2803 206 2881 sit,
248 2817 319 2870 ut
353 2805 464 2871 ille
498 2827 602 2873 me
638 2827 840 2872 unum
874 2807 1312 2892 gratissimum
1346 2807 1553 2892 possit
1584 2803 1999 2892 cognoscere!
2023 2805 2163 2870 ‘sed

119 2894 256 2964 haec
295 2900 627 2966 hactenus.
716 2911 782 2966 te
825 2901 917 2965 ad·
955 2911 1166 2966 cenas·
1190 2900 1353 2966 itare
1398 2900 1641 2966 desisse
1678 2901 1945 2966 moleste
1991 2898 2159 2978 fero3
2194 2921 2221 2961 2

119 3013 330 3080 magna
365 2995 540 3062 enim
574 3005 640 3062 te
667 2994 1088 3062 delectatione
1123 3005 1188 3060 et
1222 2995 1553 3082 voluptate
1590 2992 1874 3082 privasti.
1930 2995 2163 3062 deinde

121 3087 290 3152 etiam
339 3109 568 3156 vereor
597 3125 686 3138 —-
729 3089 880 3158 licet
932 3089 1104 3157 enim
1151 3111 1383 3156 ‚verum
1438 3089 1650 3156 dicere
1684 3125 1775 3138 —-
1814 3113 1897 3156 ne
1946 3091 2163 3156 nescio

120 3182 255 3263 quid
284 3184 475 3263 illud,
513 3184 689 3269 quod
724 3184 998 3262 solebas,
1035 3183 1328 3254 dediscas
1365 3195 1430 3250 et
1466 3183 1865 3260 obliviscare,
1903 3185 2163 3250 cenulas

121 3273 328 3344 facere.
417 3301 572 3344 nam
609 3279 666 3345 si
702 3291 872 3358 tum,
926 3291 1076 3348 cum'
1110 3277 1399 3347 habebas
1433 3299 1597 3362 quos
1630 3278 1980 3355 imitar-ere,
2034 3299 2165 3343 non

123 3371 369 3438 multum
403 3373 810 3459 proficiebas,
845 3374 1004 3458 quid
1038 3397 1212 3440 nunc
1245 3385 1310 3442 te
1337 3373 1661 3440 facturum
1694 3372 1956 3460 putem?
1993 3371 2167 3458 Spu-

124 3462 284 3532 rinna
317 3467 602 3552 quidem,
640 3489 789 3534 cum
825 3468 886 3534 ei
919 3491 1056 3537 rem
1083 3469 1623 3536 demonstrassem
1658 3478 1723 3534 et
1756 3467 1956 3534 vitam
1988 3477 2167 3532 tuam

129 3562 494 3644 superiorem
521 3563 984 3649 exposuissem,
1018 3587 1330 3652 magnum
1364 3565 1721 3652 periculum
1750 3585 2041 3630 summae
2073 3563 2167 3628 rei

129 3653 395 3733 publicae
453 3657 966 3737 demonstrabat,
1021 3659 1147 3726 nisi
1193 3659 1278 3726 ad
1320 3659 1715 3746 superiorem
1759 3656 2167 3724 consuetudi-

129 3767 253 3812 nem
284 3761 443 3832 tum,
481 3775 632 3820 cum
665 3753 996 3840 Favonius
1031 3755 1236 3832 flaret,
1271 3754 1643 3822 revertisses
1654 3779 1675 3832 3
1720 3754 1847 3820 hoc
1878 3766 2165 3839 tempore

129 3837 258 3908 ferri
288 3866 499 3932 posse,
535 3849 592 3914 si
626 3841 792 3914 forte
829 3859 901 3914 tu
934 3848 1142 3936 frigus
1179 3850 1348 3916 ferre
1382 3871 1515 3927 non
1547 3871 1793 3937 posses.
1882 3847 1998 3914 sed
2031 3869 2167 3912 me·
2200 3867 2231 3908 s

129 3931 376 4019 hercule,
412 3943 504 4008 mi
539 3942 762 4020 Paete,
799 3955 980 4010 extra
1011 3944 1227 4010 iocum
1253 3965 1485 4010 moneo
1521 3954 1607 4023 te,
1642 3943 1817 4028 quod
1850 3941 2167 4031 pertinere

129 4029 200 4094 ad
227 4033 406 4104 beate
435 4037 784 4104 vivendum
820 4037 1110 4117 arbitror,
1145 4048 1218 4104 ut
1245 4061 1395 4106 cum
1421 4038 1573 4106 viris
1608 4039 1816 4118 bonis,
1851 4038 2167 4116 iucundis,
