2675 4559
456 203 585 272 446
1079 216 1157 270 M.
1196 213 1471 271 TULLII
1505 211 1905 272 CICERONIS

452 363 571 408 nos
606 337 979 408 confecisse.
1050 335 1185 404 dies
1223 347 1404 402 erant
1438 335 1596 412 duo,
1631 335 1746 419 qui
1779 346 1928 422 pest
1962 336 2234 404 Latinas
2271 337 2522 405 haben·

454 451 560 502 tur
590 434 900 522 religiosi3
937 443 1219 499 ceterum
1248 431 1611 498 confectum
1635 429 1864 496 Latiar
1891 441 2047 496 erat.
2103 430 2258 518 [VI.
2286 432 2521 516 3-7,]

392 554 420 594 a
457 525 881 614 ἆμφιλαφίαν
935 537 1151 594 autem
1194 526 1404 598 illnm.
1459 546 1654 610 quam
1705 535 1778 590 tu
1829 525 1997 591 soles
2049 525 2296 604 dicere,
2352 527 2526 594 bono

454 623 645 688 modo
698 621 1019 698 desidero,
1072 620 1167 688 sic
1216 641 1505 706 prorsus,
1572 628 1646 684 ut
1697 619 2144 686 advenientem
2199 621 2524 707 excipiam

450 717 776 796 lubenter,
810 717 1115 784 latentem
1148 715 1346 782 etiam
1377 735 1550 781 nunc
1583 735 1714 782 non
1749 714 2045 780 excitem.
2117 715 2331 781 tribus
2367 717 2524 783 locis

454 813 751 891 aedifico,
795 812 1043 896 reliqua
1076 811 1494 887 reconcinn03
1541 810 1689 874 vivo
1723 810 1918 894 paulo
1951 808 2286 875 liberalius
2325 833 2523 894 qnam

454 906 769 984 solebam;
832 927 995 992 opus
1048 915 1205 971 erat.
1313 904 1370 970 si
1421 913 1486 968 te
1535 901 1868 979 haberem,
1934 903 2268 990 paulisper
2279 903 2298 920 ”’
2321 905 2524 970 flabris

453 1003 667 1068 locum
695 1001 943 1078 darem3
980 999 1095 1064 sed
1120 1009 1187 1066 et
1212 998 1394 1076 haec,
1429 1008 1506 1062 nt
1529 1017 1736 1083 spere,
1773 997 1958 1063 brevi
1989 997 2160 1062 inter
2185 1020 2310 1064 nos
2350 1013 2526 1064 com-

349 1163 363 1174 ,
392 1117 421 1156 ι
454 1095 941 1162 municabimus.
1044 1115 1150 1160 res
1213 1102 1428 1176 autem
1489 1089 1823 1159 Romanae
1884 1113 2023 1158 sese
2087 1091 2182 1157 sie
2245 1092 2518 1160 habent:

455 1191 679 1256 consul
728 1200 827 1256 est
876 1187 1177 1274 egregius
1229 1186 1578 1263 Lentulus,
1638 1207 1768 1250 non
1817 1185 2186 1270 inpediente
2239 1187 2516 1274 collega;

454 1285 566 1360 sic,
600 1284 883 1366 inquam,
920 1283 1149 1359 bonus,
1184 1292 1257 1346 ut
1290 1281 1618 1348 meliorem
1651 1301 1784 1346 non
1808 1280 2106 1348 viderim:
2145 1280 2288 1347 dies
2325 1285 2522 1348 comi-

452 1378 619 1443 tialis
670 1376 906 1443 exemit
959 1376 1195 1454 omnis3
1254 1399 1407 1441 nam
1473 1375 1666 1443 etiam
1715 1374 1992 1441 Latinae
2043 1375 2518 1456 instaurantur3

389 1493 416 1536 5
450 1493 569 1536 nec
613 1482 830 1536 tamen
865 1470 1129 1536 deerant
1170 1469 1682 1556 supplicationes.
1769 1469 1864 1535 sic
1896 1469 2150 1555 legibus
2195 1470 2519 1559 pernicio-

451 1564 715 1630 sissimis
760 1565 1117 1642 obsistitur,
1166 1564 1446 1628 maxime
1481 1559 1790 1640 Catonis,
1843 1563 1948 1628 cui
1991 1574 2210 1629 tamen
2255 1567 2515 1652 egregie

449 1659 733 1744 inposuit
782 1657 948 1724 Milo
999 1669 1243 1723 noster:
1306 1679 1459 1721 nam
1509 1657 1618 1721 ille
1679 1655 1914 1722 vindex
1963 1657 2402 1742 gladiatorum
2455 1669 2512 1724 et

450 1752 898 1819 bestiariorum
934 1761 1175 1818 emerat
1208 1751 1289 1817 de
1307 1747 1629 1816 Cosconio
1666 1762 1730 1816 et
1756 1747 2120 1836 Pomponio
2156 1751 2512 1829 bestiarios,

448 1870 569 1913 nec
623 1847 759 1914 sine
820 1847 899 1912 iis
952 1845 1211 1911 armatis
1262 1867 1573 1929 umquam
1624 1845 1688 1911 in
1742 1845 2002 1930 publico
2055 1845 2289 1911 filerat.
2397 1847 2514 1911 hos

450 1942 621 2008 alere
656 1963 786 2008 non
820 1952 1098 2027 poterat3
1132 1939 1350 2022 itaque
1385 1937 1496 2004 vix
1529 1939 1806 2004 tenebat.
1871 1939 2070 2004 sensit
2100 1939 2300 2005 Milo:
2337 1940 2512 2006 dedit

450 2035 707 2102 cuidam
740 2057 871 2100 non
904 2034 1201 2102 familiari
1234 2032 1596 2118 negotium,
1632 2033 1744 2117 qui
1777 2031 1914 2098 sine
1949 2031 2302 2118 suspitione
2339 2056 2512 2099 eme-

448 2138 548 2194 ret
590 2151 733 2194 eam
776 2128 1088 2194 familiam
1129 2151 1170 2191 a
1213 2124 1491 2205 Catone3
1543 2149 1711 2211 quae
1755 2127 1946 2193 simul
1991 2138 2186 2210 atque
2228 2126 2514 2194 abducta

448 2232 565 2298 est,
600 2221 907 2298 Racilius,
944 2223 1058 2306 qui
1092 2244 1259 2288 unus
1294 2233 1396 2288 est
1429 2225 1694 2308 optimus
1733 2221 1854 2287 hoc
1889 2232 2176 2307 tempore
2211 2221 2508 2287 tribunus

447 2315 535 2400 pl.
546 2359 565 2390 ,
611 2337 749 2380 rem
780 2315 1087 2400 patefecit
1120 2335 1360 2398 eosque
1393 2315 1682 2382 homines
1725 2315 1850 2382 sibi
1883 2327 2132 2401 emptos
2167 2338 2310 2381 esse
2344 2316 2508 2380 di'xit

446 2444 534 2456 —
558 2408 651 2473 sic
684 2408 855 2474 enim
889 2409 1219 2494 placuerat
1248 2445 1339 2464 -ι-
1373 2423 1438 2476 et
1469 2410 1754 2476 tabulam
1788 2409 2178 2496 proscripsit,
2213 2433 2286 2476 se
2317 2411 2508 2476 fami-

446 2503 599 2568 liam
618 2499 1046 2570 Catonianam
1064 2503 1472 2572 venditurum
1485 2529 1504 2568 ε
1538 2505 1608 2570 in
1623 2527 1768 2572 eam
1785 2505 2074 2570 tabulam
2089 2506 2312 2590 magni
2337 2507 2505 2570 risus

448 2598 1022 2682 consequebantur.
1109 2598 1283 2664 hunc
1327 2598 1526 2686 igitur
1561 2596 1880 2665 Catonem
1912 2598 2232 2665 Lentulus
2271 2623 2312 2664 a
2343 2601 2506 2686 legi-

447 2693 571 2758 bus
604 2692 877 2758 removit
920 2702 983 2758 et
1018 2715 1161 2770 eos,
1206 2693 1321 2776 qui
1364 2693 1446 2760 de
1482 2690 1760 2760 Caesare
1803 2705 2089 2758 monstra
2131 2694 2506 2780 promulga-

446 2796 625 2863 runt,
668 2785 905 2869 quibus
948 2785 1369 2856 intercederet
1411 2808 1600 2852 nemo
1612 2811 1631 2864 ;
1674 2809 1828 2852 nam
1861 2785 2036 2872 quod
2068 2788 2154 2854 de
2186 2787 2504 2874 Pompeio

448 2876 759 2945 Caninius
804 2881 968 2966 agit,
1022 2905 1175 2948 sane
1208 2902 1403 2965 quam
1437 2881 1687 2948 refrixit
1693 2907 1712 2960 3
1764 2903 1974 2966 neque
2009 2883 2181 2948 enim
2215 2905 2320 2948 res
2354 2905 2504 2971 pro-

422 2973 637 3039 'batur
670 2984 731 3038 et
768 2972 1117 3060 Pompeius
1160 2985 1378 3040 noster
1420 2975 1490 3040 in
1522 2975 1801 3042 amicitia
1834 2975 1914 3042 P.
1952 2976 2218 3042 Lentuli
2251 2977 2502 3063 vitupe-

444 3077 623 3132 ratur
658 3078 725 3134 et
765 3066 1023 3135 hercule
1066 3091 1195 3134 non
1230 3080 1327 3134 est
1359 3068 1560 3147 idem3
1603 3093 1756 3136 nam
1790 3069 1965 3156 apud
2007 3070 2504 3156 perditissimam

443 3161 619 3226 illam
678 3173 871 3245 atque
932 3162 1219 3228 infimam
1279 3161 1528 3230 faecem
1585 3163 1808 3250 populi
1840 3223 1844 3228 .
1870 3176 2134 3250 propter
2182 3163 2500 3232 Milonem

444 3254 854 3332 suboffendit,
891 3268 957 3322 et
988 3257 1142 3322 boni
1175 3258 1378 3323 multa
1405 3258 1489 3324 ab
1515 3280 1592 3324 eo
1619 3257 2013 3334 desiderant,
2047 3259 2255 3324 multa
2285 3281 2504 3346 repre·

444 3349 751 3416 hendunt.
834 3349 1257 3416 Marcellinus
1300 3361 1518 3418 autem
1551 3352 1674 3418 hoc
1708 3374 1840 3418 uno
1873 3351 2032 3420 mihi
2075 3352 2342 3437 quidem
2372 3375 2506 3419 non

445 3445 597 3510 satis
633 3444 808 3522 facit,
844 3445 1017 3528 quod
1054 3467 1203 3512 eum
1228 3446 1418 3512 nimis
1453 3469 1678 3532 aspere
1711 3457 1966 3512 tractat:
2003 3467 2406 3532 quamquam
2439 3448 2508 3514 id

444 3547 671 3603 senatu
704 3561 836 3604 non
868 3539 1069 3604 invito
1103 3538 1287 3616 facit,
1324 3562 1454 3624 quo
1489 3563 1612 3626 ego
1647 3563 1752 3608 me
1785 3541 2110 3608 lubentius
2145 3565 2188 3608 a
2223 3543 2406 3608 curia
2439 3553 2506 3608 et

384 3651 411 3690 e
446 3632 529 3696 ab
571 3633 746 3696 omni
789 3643 971 3718 parte
1013 3634 1110 3700 rei
1150 3633 1448 3720 publicae
1492 3634 1815 3703 subtraho.
1901 3635 1972 3700 in
2014 3634 2270 3701 iudiciis
2313 3636 2363 3702 ii
2395 3659 2504 3701 su·

442 3747 607 3802 mus,
643 3726 757 3810 qui
790 3726 1061 3805 fuimus3
1109 3727 1337 3794 domus
1373 3730 1730 3797 celebratur
1761 3729 1873 3806 ita,
1906 3739 1981 3794 ut
2015 3751 2164 3796 eum
2199 3732 2501 3796 maxime.

442 3841 645 3884 unum
682 3820 909 3886 accidit
952 3821 1362 3908 inprudentia
1394 3823 1662 3890 Milonis
1695 3823 2098 3890 incommode
2111 3871 2132 3900 ‚
2175 3823 2262 3890 de
2297 3823 2502 3892 Sexto

446 3908 699 3989 Clodio,
750 3933 945 3995 quem
997 3937 1207 4000 neque
1258 3915 1383 3983 hoc
1443 3928 1728 4003 tempore
1779 3937 1990 4003 neque
2043 3918 2128 3984 ab
2179 3918 2502 3986 inbecillis

442 4005 917 4072 accusatoribus
943 4009 1101 4074 mihi
1132 4011 1376 4096 placuit
1405 4013 1722 4080 accusari:
1756 4013 1820 4080 ei
1851 4023 1983 4079 tres
2009 4014 2366 4080 sententiae
2393 4015 2503 4079 de·
