2675 4559
672 245 1227 304 EPISTOLARUM
1261 245 1392 303 v11.
1431 247 1655 303 11—13.
2067 236 2195 307 155

150 373 331 438 modo
365 381 583 438 autem
615 369 732 434 tibi
765 366 1043 456 placebit
1057 368 1262 436 Iovnu
1285 391 1560 434 Lamum
1582 369 1814 448 iurare,
1851 394 1999 437 cum
2029 375 2192 439 scias

150 469 360 532 Iovem
395 465 631 530 iratum
667 486 806 530 esse
839 462 1078 528 nemini
1112 463 1342 548 posse?
1386 463 1539 547 quid
1581 464 1694 531 fiet
1727 488 1915 552 porro
1951 469 2190 552 populo

150 559 509 637 UlubranO,
562 559 616 624 si
659 569 733 624 tu
774 557 1099 636 statueris,
1152 557 1636 624 πολιτεύεσθαι
1686 581 1816 626 non
1860 562 2192 645 oportere?

148 676 265 737 qua
294 677 366 719 re
403 653 461 718 si
493 653 686 740 plane
720 676 761 718 a
792 651 977 717 nobis
1014 651 1255 728 deficis,
1290 651 1557 718 moleste
1590 653 1757 731 fero;
1803 653 1902 718 sin
1935 653 2192 720 Pansae

150 748 459 814 adsentari
486 747 895 814 commodum
921 757 1039 824 est,
1057 746 1345 832 ignosco.
1395 747 1590 814 modo
1617 747 1823 815 scribe
1851 747 2190 832 aliquando

148 845 221 908 ad
250 865 390 922 nos,
428 840 587 928 quid
622 864 777 927 agas
810 852 879 908 et
912 864 951 906 a
984 841 1172 906 nobis
1207 840 1363 924 quid
1397 839 1536 906 fieri
1570 852 1684 906 aut
1717 839 1923 911 curari
1960 842 2138 908 velis.

1077 1072 1245 1130 XIII.

577 1179 694 1234 Ser.
713 1179 927 1233 Romae
944 1177 1044 1234 1v.
1067 1177 1211 1234 Non.
1234 1177 1400 1233 Mart.
1421 1196 1472 1234 a.
1492 1197 1546 1233 u.
1567 1195 1614 1233 c.
1635 1178 1752 1234 701.

620 1282 748 1350 [Μ.]
786 1278 1062 1336 CICERO
1098 1278 1156 1335 S.
1191 1281 1264 1334 D.
1304 1279 1719 1336 TREBATIO.

256 1405 535 1472 Adeone
583 1427 687 1470 me
718 1402 1027 1468 iniustum
1062 1425 1202 1470 esse
1237 1402 1643 1481 existimasti,
1688 1416 1780 1468 ut.
1805 1404 1924 1470 tibi
1955 1405 2190 1472 irasce-
2228 1431 2250 1470 ι

149 1522 259 1577 rer,
299 1499 475 1584 quod
507 1521 739 1584 parum
770 1495 929 1570 mihi
962 1507 1259 1564 constans
1293 1508 1360 1564 et
1393 1498 1660 1564 nimium
1696 1499 1966 1583 cupidus
2003 1499 2189 1566 dece-

150 1593 327 1658 dendi
358 1593 669 1668 viderere,
703 1591 789 1656 ob
816 1611 1087 1674 eamque
1114 1613 1380 1656 eausam
1406 1613 1510 1656 me
1537 1591 1913 1658 arbitrarere
1945 1593 2189 1658 litteras

151 1688 219 1750 ad
251 1699 315 1752 te
354 1686 487 1752 iam
532 1686 645 1752 diu
686 1707 816 1753 non
858 1684 1145 1751 misisse?
1196 1684 1354 1752 mihi
1397 1685 1790 1770 perturbatio
1835 1686 2031 1753 animi
2072 1686 2188 1763 tui,

152 1801 327 1864 quam
388 1780 613 1866 primis
672 1779 896 1846 litteris
957 1774 1425 1864 perspiciebam
1437 1825 1456 1856 ‚
1527 1778 1884 1844 molestiam
1946 1777 2186 1855 attulit3

52 1940 55 1955 Ι
152 1896 341 1958 neque
376 1875 505 1940 alia
538 1875 673 1940 ulla
704 1873 827 1941 fuit
862 1893 1057 1940 causa
1090 1871 1572 1938 intermissionis
1601 1873 2031 1958 epistolarum,
2065 1872 2190 1936 nisi

50 1958 55 1979 ''
153 1968 325 2050 quod,
363 1967 479 2034 ubi
514 1990 707 2044 esses,
742 1969 933 2053 plane
966 1967 1350 2032 nesciebam.
1421 1966 1530 2034 hic
1563 1976 1636 2032 tu
1667 1989 1772 2033 me
1808 1967 2001 2034 etiam
2034 1965 2190 2030 insi-

154 2063 337 2130 mulas
372 2083 495 2130 nec
531 2060 1029 2127 satisfactionem
1061 2083 1273 2126 meam
1306 2059 1561 2146 accipis.
1629 2059 1804 2138 audi,
1839 2059 2038 2133 Testa
2065 2059 2188 2124 mi:

154 2167 347 2220 utrum
383 2154 820 2241 superbiorem
847 2165 911 2219 te
944 2153 1221 2240 pecunia
1245 2153 1401 2228 facit
1429 2175 1512 2222 an
1538 2155 1714 2239 quod
1748 2165 1812 2220 te
1844 2153 2187 2240 imperator

158 2251 443 2315 consulit?
479 2250 733 2326 moriar,
768 2249 856 2326 ni,
892 2269 1057 2332 quae
1093 2257 1205 2314 tua
1238 2248 1446 2334 gloria
1479 2260 1595 2326 est,
1632 2261 1789 2335 puto
1825 2261 1887 2316 te
1921 2247 2110 2314 malle
2147 2271 2187 2312 a

158 2339 415 2408 Caesare
462 2343 707 2408 consuli
755 2364 949 2426 quam
992 2341 1291 2406 inaurari.
1383 2342 1438 2407 si
1482 2365 1634 2408 vero
1678 2354 2022 2427 utrumque
2067 2352 2181 2418 est,

158 2436 278 2516 quis
310 2449 371 2502 te
405 2436 569 2502 feret
602 2447 857 2522 praeter
885 2457 1023 2512 me,
1068 2436 1181 2519 qui
1216 2437 1431 2504 omnia
1473 2435 1640 2502 ferre
1676 2437 1977 2522 possum?
2045 2437 2180 2515 sed,
2219 2461 2246 2500 ι

160 2540 217 2591 ut
248 2531 323 2594 ad
356 2553 491 2596 rem
526 2529 813 2608 redeam,
850 2541 913 2594 te
947 2530 1090 2594 istic
1123 2529 1400 2595 invitum
1433 2552 1565 2595 non
1601 2553 1740 2610 esse
1777 2532 2184 2596 vehementer

161 2624 411 2706 gaudeO,
467 2636 559 2703 et,
613 2637 686 2690 ut
728 2624 887 2690 illud
934 2635 1069 2689 erat
1112 2624 1486 2702 molestum,
1539 2623 1631 2690 sic
1664 2625 1786 2689 hoc
1821 2635 1915 2689 est
1957 2623 2185 2689 iucun-

164 2717 310 2781 dum.
358 2729 609 2784 tantum
643 2731 879 2798 mstuO,
916 2742 998 2784 ne
1034 2719 1371 2785 artificium
1406 2730 1588 2785 tuum
1624 2719 1740 2783 tibi
1774 2742 2002 2805 parum
2036 2740 2185 2805 pro-

166 2808 253 2872 sit:
283 2835 445 2890 nam,
481 2824 553 2878 ut
589 2813 799 2889 audin,
836 2813 979 2880 istic

288 2971 411 3014 non
446 2973 529 3014 ex
561 2949 701 3016 iure
737 2973 999 3015 manum
1034 2960 1418 3027 consertum,
1457 2949 1572 3016 sed
1606 2945 1814 3036 magis
1849 2949 2016 3016 ferro

291 3065 419 3108 rem
453 3055 771 3128 repetunt.

168 3197 217 3246 et
245 3197 306 3250 tu
336 3189 499 3254 soles
536 3189 619 3253 ad
654 3190 784 3253 vim
821 3189 1187 3254 faciundam
1224 3188 1550 3254 adhiberi?
1592 3209 1801 3273 neque
1838 3199 1963 3264 est,
2009 3189 2184 3272 quod

168 3275 307 3342 illam
355 3283 799 3369 exceptionem
859 3283 925 3347 in
987 3281 1320 3348 interdicto
1375 3279 1815 3391 pertimescas,
1886 3303 2053 3352 Qvon
2105 3305 2184 3346 'rv

169 3368 315 3437 mori
359 3399 423 3440 νι
471 3399 809 3444 nommvs
860 3399 1126 3442 amum
1187 3399 1313 3443 nou
1365 3397 1650 3454 mmmm
1713 3376 1844 3440 scio
1898 3375 2068 3440 enim
2121 3385 2184 3439 te

170 3484 271 3530 non
306 3491 439 3536 esse
483 3492 825 3556 procacem
866 3471 935 3535 in
977 3470 1368 3536 lacessendo,
1458 3469 1601 3548 sed,
1653 3481 1726 3534 ut
1771 3490 1891 3556 ego
1927 3490 2183 3553 quoque

172 3565 217 3620 te
258 3560 484 3646 aliquid
548 3565 928 3632 admoneam
981 3566 1062 3630 de
1116 3565 1343 3630 vestris
1399 3564 1826 3641 cautionibus,
1881 3563 2182 3628 Treviros

172 3649 299 3716 vites
331 3677 585 3735 cense03
623 3659 814 3724 audio
850 3659 1138 3746 capitalis
1177 3680 1346 3736 esse3
1381 3660 1638 3724 mallem
1673 3680 1858 3736 auro,
1895 3669 2180 3742 argento,

172 3744 275 3808 aeri
312 3761 535 3815 essent.
627 3753 741 3817 sed
786 3753 941 3820 alias
986 3753 1370 3818 iocabimur.
1415 3764 1486 3817 tu
1531 3755 1615 3818 ad
1658 3775 1762 3819 me
1797 3753 1877 3817 de
1911 3751 2048 3816 istis
2082 3771 2184 3816 re-

172 3831 267 3902 bus
296 3844 581 3910 omnibus
626 3846 867 3912 scribas
908 3847 1103 3912 velim
1140 3869 1335 3931 quam
1379 3847 1880 3933 diligentissime.
1968 3845 2032 3908 d.
2067 3867 2180 3909 rm.

172 3928 311 4000 Non.
341 3937 533 4006 Mart.
