2675 4559
469 222 604 289 424
1091 232 1168 289 M.
1215 232 1482 289 rULLH
1517 230 1919 289 CICERONIS

469 370 608 425 tum
664 359 939 442 denique
993 354 1131 422 fore
1191 355 1417 423 beatas
1470 378 1575 423 res
1625 355 1917 443 publicas
1970 355 2251 443 putavit,
2302 356 2353 421 si
2399 374 2491 423 aut

469 453 642 519 docti
679 463 742 519 et
777 451 1096 539 sapientes
1139 449 1433 517 homines
1468 472 1579 517 eas
1625 472 1849 536 regere
1886 448 2274 535 coepissent,
2308 461 2409 515 aut
2437 450 2491 527 ii,

467 547 580 631 qui
630 556 958 633 regerent,
1022 567 1211 611 omne
1263 567 1456 610 suum
1510 544 1795 611 studium
1844 543 1913 609 in
1966 544 2257 609 doctrina
2304 554 2365 611 et
2408 567 2493 609 sa-

467 640 707 725 pientia
744 639 1214 705 conlocassent:
1259 637 1429 703 hanc
1464 636 1979 705 coniunctionem
2012 636 2311 705 videlicet
2342 647 2494 723 pote-

467 733 650 799 statis
682 745 751 799 et
795 732 1146 819 sapientiae
1191 732 1387 797 saluti
1429 732 1677 798 censuit
1723 730 2087 798 civitatibus
2124 754 2265 798 esse
2306 753 2493 817 posse3

468 826 644 911 quod
685 826 958 893 fortasse
1004 826 1349 912 aliquando
1394 826 1733 892 universae
1778 826 1875 893 rei
1915 826 2218 912 publicae
2252 835 2492 903 nostrae,

467 940 640 987 nunc
675 920 936 1007 quidem
971 920 1257 1007 profecto
1291 920 1399 985 isti
1430 919 1798 1005 provinciae
1829 920 2116 1005 contigit,
2152 932 2227 986 ut
2260 920 2315 985 is
2344 918 2407 983 in
2435 941 2497 983 ea

469 1037 788 1081 summam
820 1024 1204 1101 potestatem
1235 1013 1530 1089 haberet,
1568 1014 1674 1079 cui
1707 1013 1776 1078 in
1810 1014 2132 1092 doctrina,
2170 1014 2277 1079 cui
2306 1012 2371 1079 in
2394 1012 2495 1077 vir-

472 1119 606 1175 tute
648 1120 840 1194 atque
885 1108 1282 1175 humanitate
1324 1107 1739 1195 percipienda
1779 1106 2130 1193 plurimum
2177 1132 2218 1175 a
2256 1105 2496 1193 pueritia

383 1230 437 1273 so
471 1203 667 1269 studii
709 1204 940 1270 fuisset
979 1214 1046 1268 et
1089 1202 1413 1289 temporis.
1501 1225 1633 1286 qua
1674 1226 1745 1269 re
1791 1223 1972 1279 cura,
2027 1213 2105 1267 ut
2144 1201 2251 1267 hic
2302 1223 2492 1275 annus,

469 1297 586 1383 qui
626 1297 711 1363 ad
752 1297 1039 1363 laborem
1083 1308 1269 1362 tuum
1311 1296 1611 1375 accessit,
1662 1296 1837 1363 idem
1879 1296 1964 1361 ad
2010 1296 2285 1363 salutem
2324 1294 2494 1361 Asiae

469 1400 852 1477 prorogatus
899 1412 1040 1459 esse
1085 1387 1409 1468 videatur3
1463 1390 1768 1476 quoniam
1810 1390 1879 1455 in
1926 1402 1991 1457 te
2036 1390 2367 1456 retinendo
2396 1386 2494 1453 fuit

470 1483 635 1549 Asia
667 1484 915 1551 felicior
951 1504 1147 1569 quam
1188 1506 1307 1551 nos
1343 1484 1412 1549 in
1447 1483 1844 1562 deducendO,
1879 1484 2149 1569 perfice,
2184 1494 2259 1551 ut
2288 1481 2493 1549 laetitia

469 1578 836 1665 provinciae
881 1578 1268 1645 desiderium
1312 1589 1605 1644 nostrum
1644 1578 1941 1646 leniatur.
2038 1579 2309 1655 etenim,
2356 1576 2405 1641 si
2440 1574 2492 1637 in

471 1673 924 1759 promerendo,
990 1684 1062 1738 ut
1113 1674 1231 1738 tibi
1283 1672 1446 1737 tanti
1497 1672 1773 1740 honores
1824 1672 2246 1751 haberentur,
2306 1666 2493 1755 quanti

471 1767 648 1833 haud
675 1770 806 1834 scio
833 1792 918 1835 an
944 1768 1204 1845 nemini,
1239 1768 1419 1833 fuisti
1438 1767 1723 1834 omnium
1750 1766 2298 1853 diligentissimus,
2322 1763 2491 1829 multo

471 1863 778 1929 maiorem
820 1864 889 1929 in
931 1862 1032 1927 his
1069 1852 1425 1927 honoribus
1472 1861 1726 1928 tuendis
1770 1860 2075 1928 adhibere
2133 1858 2490 1947 diligentiam

283 1956 290 1963 “
383 1981 435 2021 81
469 1956 687 2025 debes.
775 1957 1075 2041 equidem
1110 1957 1191 2022 de
1223 1956 1348 2023 isto
1382 1978 1619 2043 genere
1655 1956 1968 2021 honorum
2001 1954 2167 2039 quid
2208 1952 2487 2024 sentirem,

471 2051 694 2137 scripsi
729 2050 812 2115 ad
848 2061 911 2116 te
945 2061 1120 2115 antez
1157 2072 1413 2136 semper
1446 2070 1557 2116 eos
1591 2048 1833 2136 putavi,
1870 2048 1927 2113 si
1960 2049 2259 2135 volgares
2292 2054 2486 2117 essent,

469 2144 644 2221 vilis,
699 2143 756 2209 si
797 2143 1102 2229 tempor-is
1139 2166 1334 2209 causa
1382 2144 1946 2221 constituerentur,
1996 2143 2193 2221 levis3
2248 2142 2297 2208 si
2347 2157 2487 2211 vero,

467 2236 534 2300 id
569 2235 746 2319 quod
775 2235 868 2300 ita
900 2236 1148 2301 factum
1181 2246 1312 2314 est,
1358 2237 1599 2303 meritis
1634 2236 1763 2302 tuis
1798 2237 2262 2315 tribuerentur,
2306 2231 2486 2301 existi-

467 2327 725 2393 mabam
753 2328 1019 2393 multam
1054 2329 1172 2394 tibi
1201 2329 1376 2395 iniis
1411 2329 1761 2396 honoribus
1800 2331 2053 2397 tuendis
2086 2354 2342 2419 operam
2372 2346 2486 2393 esse

465 2420 848 2509 ponendam.
902 2442 1034 2507 qua
1065 2446 1136 2489 re
1169 2423 1477 2507 quoniam
1510 2424 1578 2489 in
1614 2424 1753 2491 istis
1788 2426 2053 2491 urbibus
2090 2449 2243 2493 cum
2274 2441 2484 2491 summo

465 2516 732 2603 imperio
783 2526 848 2583 et
908 2527 1222 2603 potestate
1277 2518 1583 2597 versaris,
1641 2520 1710 2585 in
1772 2521 2005 2605 quibus
2058 2532 2207 2587 tuas
2259 2520 2484 2585 virtutes

467 2622 867 2679 consecratas
921 2622 985 2678 et
1031 2612 1101 2676 in
1145 2612 1415 2678 deorum
1472 2636 1736 2680 numero
1784 2615 2149 2681 conlocatas
2194 2614 2385 2689 vides,
2430 2608 2483 2672 in

467 2705 762 2771 omnibus
795 2705 1018 2783 rebus,
1065 2726 1228 2789 quas
1261 2717 1536 2786 statues,
1572 2729 1733 2792 quas
1768 2708 2103 2786 decernes,
2150 2730 2305 2793 quas
2334 2724 2481 2790 ages,

466 2799 624 2881 quid
665 2798 858 2864 tantis
902 2798 1235 2865 hominum
1288 2802 1723 2888 opinionibus,
1779 2802 1969 2867 tantis
2014 2802 2096 2869 de
2142 2815 2207 2869 te
2247 2796 2479 2871 iudiciis,

464 2891 656 2957 tantis
709 2892 1058 2960 honoribus
1111 2895 1379 2972 debeas,
1432 2897 1762 2984 cogitabis.
1850 2897 1918 2963 id
1962 2908 2181 2965 autem
2222 2895 2334 2963 erit
2370 2891 2480 2959 eius

466 2984 669 3061 modi,
705 2996 778 3049 ut
813 2989 1108 3053 consulas
1145 2989 1473 3069 omnibus,
1510 3003 1582 3057 ut
1616 2990 1914 3059 medeare
1949 2988 2358 3057 incommodis
2386 2984 2479 3048 ho-

465 3078 732 3157 minum,
767 3080 1106 3165 provideas
1143 3084 1354 3161 saluti,
1389 3095 1463 3150 ut
1498 3095 1559 3151 te
1596 3096 1923 3171 parentem
1958 3085 2161 3153 Asiae
2196 3096 2257 3151 et
2290 3080 2401 3147 dici
2430 3086 2478 3143 et

466 3172 690 3239 haberi
724 3172 903 3239 velis.
946 3242 951 3246 ,
1654 3253 1664 3261 Ο

362 3266 429 3320 11
594 3268 803 3351 Atqui
835 3266 988 3335 huic
1021 3281 1170 3338 tuae
1207 3272 1521 3339 voluntati
1556 3294 1633 3338 ac
1669 3273 2037 3360 diligentiae
2074 3270 2475 3339 difficultatem

369 3338 430 3379 ³²
464 3382 768 3447 magnam
795 3360 1094 3429 adferunt
1127 3365 1483 3451 publicani:
1522 3367 1757 3451 quibus
1794 3367 1851 3432 si
1876 3366 2363 3441 adversabimur,
2392 3380 2472 3425 or·

464 3455 676 3522 dinem
713 3456 794 3521 de
837 3457 1022 3524 nobis
1067 3458 1306 3547 optime
1353 3462 1652 3527 meritum
1687 3472 1752 3527 et
1792 3485 1909 3548 per
1954 3484 2072 3529 nos
2108 3484 2254 3528 cum
2282 3480 2345 3525 re
2376 3475 2471 3540 pu·

462 3548 630 3615 blica
665 3551 1078 3617 coniunctum
1113 3564 1178 3619 et
1210 3577 1253 3619 a
1284 3554 1471 3621 nobis
1508 3566 1573 3623 et
1608 3579 1651 3621 a
1682 3578 1750 3621 re
1786 3556 2045 3643 publica
2079 3556 2467 3641 diiungemus

461 3642 562 3707 sin
607 3654 822 3711 autem
865 3646 1160 3713 omnibus
1207 3646 1276 3713 in
1319 3649 1513 3716 rebus
1558 3650 2013 3735 obsequemur,
2065 3650 2337 3717 funditus
2382 3658 2467 3707 0⁰⁸

459 3736 667 3821 perire
692 3737 1028 3824 patiemur,
1055 3762 1329 3825 quorum
1358 3764 1489 3809 non
1516 3744 1707 3809 modo
1732 3744 1945 3823 saluti,
1978 3744 2094 3812 sed
2120 3744 2299 3811 etiam
2326 3756 2467 3803 00111‘

459 3829 665 3895 modis
701 3834 1030 3901 consulere
1065 3834 1393 3904 debemus.
1447 3838 1609 3906 haec
1642 3848 1739 3905 est
1772 3861 1922 3917 una,
1958 3840 2013 3905 si
2048 3860 2195 3907 vere
2227 3832 2465 3921 cogitate

462 3922 784 4000 volumus,
821 3926 888 3991 in
923 3938 1056 3992 toto
1091 3930 1361 4015 imperio
1397 3943 1509 3998 tuo
1546 3932 1919 3999 difficultas-z
1956 3957 2109 4001 nam
2142 3953 2272 4001 esse
2302 3920 2465 3994 absti-

459 4022 734 4091 nentem,
771 4019 1094 4088 continere
1131 4025 1338 4091 omnis
1374 4025 1777 4115 cupiditates,
1812 4050 1963 4095 suos
2000 4034 2305 4102 coercere,
2334 4013 2460 4087 iuris

2595 3384 2601 3464 ι

2597 3712 2598 3770 ι

2594 3990 2596 4076 1
