2675 4559
390 226 523 294 440
1015 237 1091 292 M.
1130 235 1406 296 TULLII
1440 235 1842 294 CICERONIS

893 773 993 837 M.
1056 770 1388 838 TULLII
1441 755 1944 837 CICERONIS

1030 881 1804 951 EPISTOLARUM

773 997 915 1062 AD
981 995 1486 1080 QUINTUM
1555 995 2064 1062 FRATREM

1070 1128 1307 1187 LIBER
1344 1129 1764 1188 SECUNDUS.

1387 1283 1436 1337 I.

739 1387 860 1444 Ser.
894 1387 1110 1444 Romae
1145 1403 1337 1442 mense
1372 1385 1675 1442 Decembri
1711 1403 1763 1442 a.
1799 1402 1853 1440 u.
1891 1402 1938 1440 c.
1975 1387 2097 1441 697.

706 1489 1017 1548 MARCUS
1056 1486 1354 1553 QUINTO
1391 1487 1686 1544 FRATRI
1723 1485 2109 1542 SALUTEM.

324 1635 346 1672 ι
511 1605 896 1693 Epistolam,
932 1626 1129 1689 quam
1154 1601 1390 1690 legisti,
1425 1625 1613 1668 mane
1641 1600 1970 1680 dederam3
2007 1603 2122 1668 sed
2149 1601 2310 1670 fecit
2337 1603 2458 1671 hu-

379 1702 652 1771 maniter
677 1699 993 1776 Licinius,
1028 1698 1203 1783 quod
1239 1697 1322 1763 ad
1359 1720 1462 1763 me
1489 1697 1685 1762 misso
1713 1708 1940 1763 senatu
1968 1698 2224 1782 vesperi
2251 1699 2454 1778 venit,

378 1807 471 1874 ut,
508 1797 563 1861 si
596 1795 753 1881 quid
788 1804 955 1860 esset
989 1804 1224 1870 actum,
1259 1792 1346 1857 ad
1381 1803 1464 1869 te,
1503 1792 1558 1856 si
1592 1791 1750 1856 mihi
1785 1792 2129 1870 videretur,
2167 1795 2455 1878 perscri-

379 1891 620 1956 berem.
708 1899 969 1955 senatus
1009 1887 1133 1952 fuit
1176 1887 1600 1970 frequentior,
1645 1907 1841 1970 quam
1885 1897 2270 1972 putaramus
2309 1891 2452 1956 esse

378 2005 569 2071 posse
616 2006 835 2050 mense
869 1980 1221 2048 Decembri
1264 1981 1387 2046 sub
1431 1981 1567 2046 dies
1610 1980 1827 2046 festos.
1917 1982 2286 2049 consulares
2331 2007 2452 2050 nos

378 2080 621 2146 fuimus
656 2089 722 2143 et
763 2077 891 2143 duo
936 2077 1229 2141 consules
1274 2075 1619 2161 designati,
1662 2074 1746 2140 Ρ.
1784 2073 2126 2154 Servilius,
2171 2077 2272 2143 M.
2310 2077 2452 2144 Lu·-

380 2173 608 2249 cullus,
644 2171 957 2257 Lepidus,
993 2169 1349 2248 Volcatius,
1387 2168 1678 2247 Glabrio,
1713 2181 2060 2256 praetores.
2126 2193 2284 2238 sane
2319 2173 2452 2239 fre-

378 2277 647 2351 quentes
690 2265 929 2328 fuimus
940 2287 960 2341 ;
1005 2263 1263 2329 omnino
1308 2263 1394 2328 ad
1439 2287 1536 2330 oo·
1627 2276 1978 2330 commorat
2021 2267 2452 2352 exspectatio-
2502 2257 2514 2273 ³

374 2382 527 2426 nem
561 2359 823 2444 Lupus:
877 2357 1012 2442 egit
1054 2379 1319 2422 causam
1363 2359 1504 2445 agri
1550 2355 1872 2444 Campani
1913 2381 2069 2432 sane
2115 2373 2448 2439 accurate3

376 2454 633 2520 auditus
677 2463 776 2519 est
816 2472 1052 2538 magno
1096 2451 1368 2517 silentio.
1455 2453 1789 2519 materiam
1841 2455 1934 2519 rei
1975 2476 2108 2519 non
2148 2455 2448 2542 ignoras:

374 2549 532 2614 nihil
591 2571 674 2613 ex
726 2546 959 2612 nostris
1024 2546 1382 2613 actionibus
1445 2548 1888 2634 praetermisit,
1996 2548 2259 2616 fuerunt
2313 2573 2448 2616 non

374 2644 535 2710 nulli
570 2642 776 2708 aculei
808 2641 878 2707 in
913 2638 1291 2718 Caesarem,
1329 2644 1754 2709 contumeliae
1791 2644 1860 2708 in
1893 2641 2204 2723 Gellium,
2241 2668 2447 2732 expo-

373 2737 747 2804 stulationes
792 2759 943 2803 cum
985 2736 1251 2802 absente
1295 2736 1630 2822 Pompeio.
1719 2760 1914 2802 causa
1957 2760 2100 2804 sero
2143 2753 2448 2824 perorata

372 2832 720 2899 sententias
756 2854 825 2897 se
853 2843 1229 2918 rogaturum
1254 2833 1536 2918 negavit,
1573 2853 1658 2897 ne
1693 2832 1867 2916 quod
1903 2854 2064 2897 onus
2100 2833 2446 2900 simultatis

370 2926 557 2991 nobis
592 2925 954 3011 inponeret:
993 2949 1075 2992 ex
1103 2927 1501 3013 superiorum
1537 2937 1898 3012 temporum
1923 2927 2219 2993 convitiis
2256 2941 2324 2996 et
2359 2954 2445 2996 ex

372 3021 694 3111 praesenti
746 3017 1028 3098 silentio,
1084 3021 1241 3105 quid
1286 3032 1546 3086 senatus
1583 3021 1874 3097 sentiret,
1927 3043 1996 3086 se
2041 3022 2441 3110 intellegere.

373 3115 535 3182 dixit
596 3114 781 3181 Milo.
872 3116 1111 3202 coepit‘
1145 3116 1483 3181 dimittere.
1573 3127 1712 3182 tum
1762 3114 2181 3182 Marcellinus
2245 3118 2442 3184 ‘noli'

373 3210 583 3294 inquit
616 3217 727 3275 ‘ex
763 3209 1192 3276 taciturnitate
1226 3221 1464 3288 nostra,
1501 3210 1713 3295 Lupe,
1751 3208 1907 3292 quid
1945 3220 2058 3274 aut
2090 3209 2443 3294 probemus

372 3305 498 3370 hoc
540 3315 826 3390 tempore
872 3315 983 3370 aut
1026 3304 1474 3390 inprobemus,
1526 3304 1828 3369 iudicare.
1919 3325 2072 3389 eg0,
2125 3303 2304 3389 quod
2357 3307 2444 3372 ad

373 3421 477 3465 me
512 3399 739 3465 attinet
769 3398 1053 3483 itemque
1088 3399 1364 3464 arbitror
1399 3410 1641 3465 ceteros
1655 3446 1673 3476 ,
1718 3398 1956 3464 idcirco
2001 3409 2214 3476 tace0,
2261 3399 2441 3486 quod

370 3513 503 3557 non
548 3491 870 3570 existim0,
926 3515 1073 3558 cum
1109 3493 1464 3578 Pompeius
1511 3493 1706 3569 absit,
1761 3515 2026 3559 causam
2061 3492 2204 3578 agri
2242 3490 2440 3560 Cam-

370 3587 525 3671 pani
558 3587 665 3672 agi
700 3587 1060 3654 convenire.
1064 3587 1081 3616 '
1146 3598 1284 3652 tum
1318 3588 1426 3654 ille
1461 3611 1532 3654 se
1569 3599 1864 3654 senatum
1896 3588 2162 3673 negavit
2195 3597 2436 3654 tenere.

310 3701 337 3740 ε
371 3679 659 3746 Racilius
702 3681 979 3746 surrexit
1022 3692 1088 3747 et
1130 3682 1211 3748 de
1254 3682 1508 3748 iudiciis
1542 3682 1782 3749 referre
1819 3681 2058 3768 coepit3
2105 3681 2438 3748 Marcelli-

367 3797 527 3840 num
570 3775 831 3860 quidem
873 3776 1153 3862 primum
1196 3777 1476 3862 rogavit.
1531 3776 1586 3842 is
1631 3799 1779 3843 cum
1825 3777 2109 3864 graviter
2151 3776 2232 3842 de
2281 3774 2437 3844 Clo-

370 3865 577 3932 dianis
620 3867 963 3948 incendiis,
1016 3869 1580 3947 trucidationibus,
1631 3870 2130 3956 lapidationibus
2165 3883 2434 3956 questus

371 3971 567 4036 esset,
619 3964 1001 4031 sententiam
1056 3965 1245 4044 dixit,
1300 3976 1376 4031 ut
1423 3966 1564 4052 ipse
1614 3965 1860 4033 iudices
1903 3987 2020 4052 per
2069 3977 2434 4060 praetorem

370 4049 689 4118 urbanum
748 4057 1113 4139 sortiretur,
1192 4060 1480 4126 iudicum
1547 4061 1876 4128 sortitione
1934 4060 2109 4127 facta
2173 4061 2434 4128 comitia
