2675 4559
830 257 1388 318 EPISTOLARUM
1419 263 1494 316 X.
1531 264 1702 320 4—6.
2156 255 2288 324 225

208 385 548 474 paratione
596 383 923 450 difficilem
957 382 1041 449 ad
1086 360 1534 464 iudicandum,
1551 410 1944 456 amoremne
1990 414 2146 479 erga
2180 417 2284 461 me

207 495 400 548 tuum
446 503 534 546 an
580 478 865 546 animum
908 478 979 542 in
1021 498 1159 543 rem
1202 479 1532 564 publicam
1575 483 1778 568 pluris
1815 485 2285 553 aestimandum

203 587 533 664 putarem.
588 585 686 639 est
720 571 981 637 omnino
1015 572 1261 658 patriae
1298 573 1532 642 caritas
1565 598 1710 642 meo
1745 578 2009 662 quidem
2041 580 2280 646 iudicio

202 670 524 746 maxima,
578 666 692 734 sed
745 687 926 732 amor
968 666 1442 752 voluntatisque
1493 670 1856 737 coniunctio
1908 674 2054 759 plus
2109 686 2280 742 certe

204 765 409 831 habet
477 760 833 828 suavitatis.
937 760 1157 844 itaque
1218 764 1756 830 commemoratio
1799 776 1914 832 tua
1974 778 2280 853 paternae

203 855 705 926 necessitudinis
756 854 1370 940 benevolentiaeque
1423 857 1590 935 eius,
1643 879 1839 944 quam
1891 883 2048 947 erga
2089 885 2196 928 me
2241 886 2282 928 a

201 953 491 1041 pueritia
534 949 943 1026 contulisses,
997 960 1482 1036 ceterarumque
1515 975 1762 1032 rerum,
1815 976 1982 1039 quae
2017 957 2102 1022 ad
2135 953 2280 1024 eam

202 1048 598 1117 sententiam
622 1046 1047 1132 pertinebant,
1063 1045 1502 1113 incredibilem
1529 1047 1686 1112 mihi
1711 1049 2018 1116 laetitiam
2044 1052 2276 1117 attulit.

200 1167 433 1211 rursus
471 1141 817 1210 declaratio
854 1140 1053 1206 animi
1086 1140 1210 1218 tui,
1254 1163 1448 1226 quem
1483 1141 1754 1209 haberes
1791 1145 1872 1211 de
1904 1169 1976 1211 re
2018 1146 2280 1232 publica
2313 1163 2340 1203 2

202 1259 536 1325 quemque
570 1235 903 1302 habiturus
940 1257 1143 1313 esses,
1178 1234 1335 1300 mihi
1370 1248 1510 1302 erat
1541 1237 2029 1316 iucundissima,
2073 1261 2279 1324 eoque

200 1333 418 1399 maior
442 1341 583 1398 erat
608 1331 767 1397 haec
800 1328 1065 1406 laetitia,
1102 1330 1279 1413 quod
1306 1331 1392 1395 ad
1417 1331 1528 1396 illa
1551 1333 1881 1419 superiora
1908 1333 2275 1400 accedebat.

198 1429 433 1513 itaque
468 1435 530 1492 te
565 1447 696 1491 non
729 1423 947 1490 hortor
982 1425 1221 1501 solum,
1256 1425 1347 1489 mi
1380 1425 1655 1504 Plance,
1704 1427 1818 1493 sed
1853 1428 2044 1513 plane
2079 1429 2275 1494 etiam

200 1545 343 1602 oro,
384 1520 560 1607 quod
594 1518 771 1587 feci‘
752 1519 830 1584 1is
866 1519 1113 1597 litteris,
1149 1519 1385 1603 quibus
1421 1530 1494 1585 tu
1519 1520 1982 1590 humanissime
2008 1545 2276 1610 respon-

200 1617 383 1693 disti,
418 1627 493 1681 ut
527 1625 663 1680 tota
694 1624 907 1680 mente
942 1613 1243 1698 omnique
1278 1613 1474 1678 animi
1507 1615 1752 1700 impetu
1786 1616 1855 1680 in
1889 1638 2026 1682 rem
2059 1617 2274 1703 publi-

200 1735 354 1780 cam
382 1710 745 1776 incumbas:
779 1709 939 1774 nihil
973 1719 1089 1787 est,
1127 1709 1305 1792 quod
1331 1709 1450 1774 tibi
1475 1709 1703 1775 maiori
1736 1710 1975 1776 fructui
2000 1713 2274 1797 gloriae-

198 1829 337 1892 que
374 1827 518 1872 esse
544 1804 765 1891 possit,
799 1825 921 1869 nec
948 1803 1297 1888 quicquam
1322 1826 1407 1870 ex
1433 1804 1730 1868 omnibus
1756 1804 1949 1870 rebus
1975 1803 2273 1871 humanis

201 1913 308 1969 est
342 1899 737 1987 praeclarius
771 1909 887 1963 aut
918 1897 1347 1984 praestantius
1373 1917 1572 1981 quam
1597 1898 1678 1964 de
1705 1921 1776 1965 re
1810 1898 2074 1985 publica
2107 1900 2272 1966 bene

200 1994 463 2063 mereri.
528 1994 739 2060 adhuc
774 1993 947 2059 enim
981 2029 1067 2040 —-—
1101 1993 1342 2078 patitur
1375 2003 1490 2059 tua
1523 2015 1776 2059 summa
1810 1993 2172 2060 humanitas
2207 2005 2274 2060 ει
2307 2007 2332 2045 ³

200 2090 528 2177 sapientia
561 2111 685 2164 me,
722 2088 895 2173 quod
932 2087 1223 2164 sentiam,
1259 2087 1460 2153 libere
1495 2087 1708 2154 dicere
1732 2123 1820 2136 —-
1845 2087 2104 2154 fortuna
2137 2088 2274 2154 suf-

199 2186 540 2272 fragrante
592 2181 827 2248 videris
869 2203 973 2247 res
1016 2181 1329 2246 maximas
1375 2192 1784 2259 consecutus,
1829 2181 2005 2266 quod
2047 2204 2274 2267 quam·-

204 2301 409 2365 quam
444 2278 581 2344 sine
616 2277 853 2342 virtute
878 2297 1007 2341 non
1044 2276 1382 2361 potuisses,
1420 2287 1636 2342 tamen
1665 2299 1748 2343 ex
1772 2277 2055 2342 maxima
2087 2287 2270 2363 parte

200 2399 305 2452 ea,
342 2395 513 2458 quae
548 2395 618 2438 es
654 2371 947 2457 adeptus,
981 2370 1278 2462 fortunae
1313 2368 1838 2456 temporibusque
1872 2371 2270 2437 tribuunturx

198 2469 307 2536 his
340 2467 740 2553 temporibus
786 2465 1173 2531 difficillimis
1209 2465 1305 2531 rei
1350 2466 1650 2552 publicae
1683 2465 1992 2551 quicquid
2037 2467 2272 2532 subve-
2357 2503 2360 2506 -

198 2564 408 2640 neris,
460 2562 531 2628 id
584 2563 703 2628 erit
750 2572 959 2626 totum
1012 2571 1073 2626 et
1125 2562 1382 2647 proprie
1434 2572 1638 2628 tuum.
1745 2561 2119 2627 incredibile
2151 2572 2272 2630 ,est

200 2658 496 2726 omnium
531 2655 771 2722 civium
812 2655 1167 2722 latronibus
1202 2656 1488 2742 exceptis
1523 2656 1744 2722 odium
1785 2657 1855 2721 in
1889 2655 2268 2732 Antonium,

198 2773 447 2840 magna
482 2773 629 2838 spes
662 2751 732 2815 in
750 2760 831 2816 —te
865 2761 931 2816 et
963 2750 1031 2816 in
1075 2761 1189 2815 tuo
1226 2751 1540 2828 exercitu,
1575 2771 1814 2836 magna
1847 2749 2237 2834 exspectatio
2248 2774 2269 2826 3

202 2848 411 2927 cuius,
446 2870 566 2934 per
598 2845 783 2914 deos!
820 2846 1065 2932 gratiae
1101 2845 1474 2932 gloriaeque
1511 2865 1668 2912 cave
1703 2855 1958 2930 tempus
1993 2843 2266 2910 amittas.

204 2944 297 3010 sic
330 2962 567 3009 moneo
600 2951 677 3006 ut
708 2939 943 3017 filium,
996 2939 1090 3030 sic
1135 2939 1325 3005 faveo
1361 2949 1436 3004 ut
1467 2938 1656 3018 mihi,
1709 2939 1802 3005 sic
1844 2939 2062 3006 hortor
2096 2949 2170 3005 ut
2204 2949 2268 3004 et

204 3060 319 3124 pro
354 3036 567 3124 patria
602 3046 667 3101 et
701 3033 1177 3100 amicissimum.

1184 3185 1288 3240 VI.

590 3287 708 3344 Scr.
728 3287 943 3343 Romae
959 3287 1124 3345 XIII.
1144 3286 1277 3341 Kal.
1298 3285 1527 3356 Apriles
1545 3301 1597 3339 a.
1615 3301 1670 3338 u.
1691 3299 1739 3338 c.
1760 3284 1880 3337 711.

922 3387 1197 3446 CICERO
1233 3385 1563 3445 PLANCO.

331 3507 525 3590 Quae
558 3507 813 3572 locutus
842 3517 941 3572 est
955 3503 1237 3571 Furnius
1271 3515 1488 3570 noster
1515 3503 1595 3567 de
1634 3501 1847 3566 animo
1882 3508 1994 3565 tuo
2027 3499 2097 3564 in
2131 3522 2270 3566 rem
2303 3511 2329 3550 1

202 3602 561 3691 publicam,
605 3623 688 3676 ea
726 3599 1091 3687 gratissima
1132 3598 1398 3666 fuerunt
1441 3596 1691 3664 senatui
1733 3586 2101 3682 populoque
2137 3593 2270 3661 Ro-

202 3719 395 3764 mano
429 3693 911 3782 probatissima3
947 3714 1115 3779 quae
1150 3704 1367 3760 autem
1401 3692 1704 3758 recitatae
1738 3689 1986 3756 litterae
2021 3699 2170 3754 sunt
2201 3689 2270 3754 in

202 3802 455 3870 senatu,
490 3811 905 3900 nequaquam
941 3787 1297 3855 consentire
1334 3809 1484 3853 cum
1509 3785 1738 3851 Furnii
1773 3784 2054 3849 oratione
2091 3782 2268 3849 visae

204 3897 383 3952 sunt·
429 3885 611 3972 pacis
647 3883 818 3950 enim
854 3895 1079 3948 auctor
1111 3905 1280 3958 eras,
1316 3901 1464 3947 cum
1501 3881 1750 3965 collega
1783 3889 1962 3955 tuus,
2005 3875 2106 3942 vir
2139 3877 2270 3942 cla-

202 3979 524 4057 tissimus,
579 4001 620 4043 a
660 3977 1047 4044 foedissimis
1100 3975 1458 4042 latronibus
1509 3973 1937 4049 obsideretur,
1992 3969 2105 4056 qui
2157 3982 2271 4036 aut

202 4075 427 4161 positis
463 4073 659 4142 armis
692 4096 921 4160 pacem
954 4085 1173 4160 petere
1198 4071 1440 4140 debent
1474 4081 1606 4150 aut,
1645 4069 1698 4136 si
1732 4078 2095 4224 pugnaptes
2126 4087 2269 4134 eam

312 4177 533 4222 cicer-om
552 4177 637 4222 vot.
659 4172 730 4220 ΙΧ.
1913 4169 1946 4222 1
