2675 4559
468 201 603 270 418
1082 210 1159 264 Μ.
1198 209 1472 267 TULLII
1506 207 1908 267 CICERONIS

471 361 622 407 cum
664 335 899 404 scribat
942 332 1303 411 historiam,
1355 332 1590 400 multos
1633 354 1715 398 ex
1769 331 1903 398 suis
1955 332 2282 400 annalibus
2321 355 2484 419 posse

472 434 773 519 deligere,
804 449 969 514 quos
1004 429 1257 502 volitet
1290 427 1494 515 possit
1523 426 1788 504 imitari,
1823 426 2122 495 Allienus
2155 438 2360 494 autem
2388 451 2483 492 no-

470 539 603 594 ster
646 538 749 592 est
796 545 948 592 cum
998 525 1213 590 animo
1264 535 1331 589 et
1382 521 1857 598 benevolentia,
1919 533 2058 588 tum
2127 543 2274 588 vero
2321 523 2485 588 etiam

470 619 821 688 imitatione
872 617 1159 694 vivendi3
1210 639 1366 682 nam
1412 615 1572 700 quid
1623 637 1748 703 ego
1801 615 1884 682 de
1926 613 2223 682 Gratidio
2269 617 2486 683 dicam?

470 737 664 802 quem
708 725 883 780 certo
929 713 1061 780 scio
1114 712 1206 777 ita
1254 711 1548 777 laborare
1601 711 1684 777 de
1737 711 2201 779 -utimatione
2247 731 2386 788 sua,
2429 723 2484 775 ut

470 820 731 897 propter
774 829 1057 874 amorem
1100 807 1168 872 in
1200 825 1320 870 nos
1356 805 1710 872 fraternum
1744 805 1939 870 etiam
1981 805 2066 870 de
2097 815 2312 870 nostra
2337 804 2487 869 labo-

396 922 447 962 ιι
472 915 589 972 ret.
674 902 1081 987 quaestorem
1130 897 1332 965 habes
1381 920 1516 964 non
1566 909 1680 965 tuo
1731 899 1968 966 iudicio
2013 899 2352 975 delectum,
2397 896 2488 964 sed

474 1019 651 1074 eum,
706 1017 899 1082 quem
936 1017 1073 1062 sors
1110 994 1315 1062 deditz
1371 993 1544 1060 hune
1575 1005 1830 1079 oportet
1859 1004 1929 1060 et
1971 1017 2094 1061 sua
2125 1005 2342 1082 sponte
2371 1015 2488 1060 esse

470 1093 873 1160 moderatum
916 1102 983 1156 et
1024 1091 1153 1156 tuis
1194 1089 1498 1154 institutis
1546 1110 1622 1154 ae
1664 1088 2023 1175 praeceptis
2067 1089 2487 1176 obtemperare.

470 1209 747 1273 quorum
772 1186 827 1251 si
854 1183 999 1268 quis
1026 1184 1191 1249 forte
1216 1195 1386 1250 esset
1413 1182 1747 1261 sorffidior,
1773 1183 1974 1250 ferres
2002 1195 2286 1261 eatenus,
2309 1180 2490 1268 quoad

472 1303 589 1368 per
620 1301 693 1348 se
724 1278 1095 1365 neglegeret
1128 1297 1238 1346 eas
1270 1278 1482 1364 leges,
1517 1277 1752 1361 quibus
1785 1289 1953 1344 esset
1989 1279 2355 1355 adstrictus,
2383 1295 2488 1342 uon

473 1387 546 1440 ut
580 1395 659 1442 ea
690 1383 1034 1459 potestate,
1080 1393 1276 1458 quam
1320 1384 1397 1438 tu
1441 1372 1527 1440 ad
1555 1372 1939 1459 dignitatem
1972 1372 2384 1460 permisisses,
2423 1369 2486 1435 ad

472 1479 812 1554 quaestum
844 1478 1161 1545 uteretur3
1212 1489 1428 1552 neque
1463 1469 1634 1534 enim
1675 1468 1836 1534 mihi
1869 1489 2026 1535 sane
2059 1469 2297 1556 placet,
2336 1487 2489 1554 prae-

474 1563 692 1630 sertim
724 1583 875 1628 eum
908 1561 978 1628 hi
1010 1584 1221 1630 mores
1256 1573 1508 1628 tantum
1541 1563 1668 1628 iam
1695 1559 1780 1627 ad
1813 1561 2082 1630 nimiam
2115 1562 2416 1632 levitatem
2435 1571 2488 1625 et

474 1657 559 1723 ad
593 1656 1005 1723 ambitionem
1036 1657 1476 1733 incubuerint,
1509 1655 1780 1722 serutari
1815 1667 1880 1722 te
1913 1657 2126 1722 omnis
2157 1655 2370 1733 sordis,
2401 1675 2488 1719 ex-

474 1761 691 1818 cutere
724 1773 929 1818 unum
967 1772 1287 1837 quemque
1322 1771 1564 1828 eorum,
1600 1751 1743 1827 sed,
1779 1763 2024 1836 quanta
2058 1752 2142 1818 sit
2173 1752 2240 1818 in
2272 1769 2486 1836 quoque

472 1845 662 1923 fides,
714 1856 965 1911 tantum
1008 1846 1241 1930 cuique
1285 1845 1698 1912 committere.
1797 1856 1995 1930 atque
2039 1847 2206 1914 inter
2245 1846 2354 1911 hos
2382 1863 2486 1915 eos,

473 1961 635 2024 quos
686 1939 805 2005 tibi
856 1941 1120 2006 comites
1172 1951 1238 2006 et
1290 1940 1614 2006 adiutores
1665 1941 2073 2026 negotiorum
2127 1940 2483 2028 publieomm

473 2032 651 2098 dedit
690 2032 834 2119 ipsa
874 2055 979 2100 res
1021 2034 1310 2120 publica,
1365 2033 1700 2100 dumtaxat
1749 2033 1988 2100 finibus
2032 2036 2114 2102 iis
2162 2030 2484 2122 praestabis,

403 2128 441 2180 4
474 2147 636 2210 quos
672 2138 820 2194 ante
853 2127 1261 2213 praescripsi3
1304 2149 1468 2212 quos
1513 2149 1666 2195 vero
1703 2139 1814 2194 aut
1859 2151 1940 2195 ex
1977 2130 2332 2197 domesticis
2361 2147 2482 2192 con·-
2605 2141 2607 2204 j

396 2201 447 2240 ¹²
472 2219 855 2286 vietionibus
900 2233 1010 2287 aut
1056 2243 1138 2288 ex
1172 2221 1548 2288 necessariis
1583 2221 2095 2310 apparitionibus
2139 2237 2339 2292 tecum
2369 2241 2478 2286 esse

471 2313 757 2391 voluisti,
800 2314 916 2398 qui
958 2315 1144 2399 quasi
1190 2337 1273 2381 ex
1309 2316 1570 2383 cohorte
1611 2319 1921 2404 praetoris
1957 2318 2267 2407 appellari
2295 2317 2479 2386 solent,
2603 2347 2605 2350 ⁴

470 2408 702 2474 horum
752 2429 881 2473 non
932 2410 1124 2474 modo
1177 2409 1380 2489 facta,
1445 2414 1560 2479 sed
1613 2413 1806 2479 etiam
1859 2413 2033 2482 dicta
2085 2415 2292 2482 omnia
2333 2430 2482 2498 prae-

470 2500 701 2568 standa
748 2502 935 2568 nobis
987 2514 1154 2569 sunt.
1244 2506 1360 2571 sed
1413 2505 1612 2572 habes
1659 2529 1768 2573 eos
1813 2518 2059 2588 tecum,
2113 2531 2269 2594 quos
2315 2503 2480 2594 possis
2601 2537 2603 2540 ⁴

468 2607 643 2662 recte
674 2596 967 2664 facientis
1002 2597 1193 2666 facile
1224 2597 1515 2686 diligere,
1550 2601 1761 2666 minus
1789 2603 2180 2671 consulentis
2207 2602 2480 2670 existima-

468 2690 628 2756 tioni
663 2702 825 2759 tuae
858 2691 1157 2759 facillime
1193 2699 1515 2772 coercet-133
1559 2717 1602 2760 a
1635 2695 1900 2780 quibus,
1934 2699 2116 2766 rudis
2151 2722 2291 2766 cum
2321 2715 2477 2767 essee,
2599 2731 2601 2740 ·

469 2784 724 2850 videtur
764 2787 1049 2871 potuisse
1092 2798 1207 2852 tua
1251 2789 1596 2855 liberalitas
1643 2789 1883 2877 decipi3
1935 2815 2092 2858 nam
2134 2804 2205 2858 ut
2253 2790 2478 2876 quisque

468 2887 566 2942 est
598 2878 698 2942 vir
730 2879 1037 2963 optimus,
1080 2881 1173 2946 ita
1208 2881 1580 2950 difficillime
1615 2906 1756 2950 esse
1784 2885 1951 2952 alios
1983 2886 2280 2976 inprobos
2312 2880 2478 2967 suspi-

468 2981 677 3036 catur:
730 2993 904 3038 nune
954 2995 1107 3041 vero
1151 2976 1375 3042 tertius
1419 2976 1527 3042 hie
1569 2999 1773 3044 annus
1819 2979 2056 3048 habeat
2099 2978 2475 3067 integritatem

468 3065 739 3132 eandem
774 3087 969 3152 quam
1004 3072 1391 3156 superiores,
1435 3073 1786 3140 cautiorem
1817 3077 2017 3142 etiam
2053 3099 2131 3144 ac
2163 3069 2476 3161 diligentio-

392 3175 442 3217 13
467 3181 623 3226 rem.
702 3161 828 3227 sint
864 3185 1051 3230 aures
1085 3175 1253 3244 tuae,
1289 3187 1458 3250 quae
1493 3166 1582 3245 id,
1619 3169 1795 3252 quod
1831 3171 2125 3251 audiunt,
2161 3168 2473 3240 existimen·
2595 3183 2598 3264 χ

466 3265 573 3319 tur
607 3255 859 3334 audire,
901 3279 1032 3324 non
1064 3259 1132 3324 in
1166 3280 1326 3343 quas
1362 3261 1509 3329 ficte
1545 3273 1612 3328 et
1655 3263 1951 3332 simulate
1988 3276 2284 3351 quaestus
2315 3275 2471 3326 causa
2593 3323 2595 3330 .

465 3349 925 3428 inensam-etun
978 3352 1057 3419 sit
1112 3354 1344 3420 anulus
1397 3367 1547 3422 tuus
1599 3379 1729 3422 non
1775 3368 1848 3424 ut
1900 3381 2013 3424 vas
2065 3356 2337 3443 aliquod,
2381 3345 2468 3415 sed
2593 3351 2595 3467 ἶ

464 3452 797 3526 tamquam
846 3443 985 3530 ipse
1028 3455 1131 3524 tu,
1182 3469 1312 3512 non
1356 3450 1644 3517 minister
1689 3451 1934 3518 alienae
1979 3451 2334 3525 voluntatis,
2379 3439 2468 3508 Sed

465 3535 645 3602 testis
688 3547 868 3616 tuae3
925 3559 1232 3606 accensus
1276 3543 1360 3608 sit
1401 3565 1480 3610 eo
1527 3566 1826 3624 numero,
1877 3568 2010 3631 quo
2055 3571 2200 3615 eum
2240 3540 2464 3610 maiorefl
2592 3583 2593 3590 κ

463 3629 664 3694 nostri
699 3651 841 3697 esse
874 3633 1242 3714 voluerunt,
1284 3636 1400 3720 qui
1433 3637 1558 3703 hoc
1592 3659 1724 3704 non
1757 3641 1826 3706 in
1861 3641 2152 3708 beneficii
2183 3642 2338 3711 loeo,
2376 3626 2466 3696 Sed
2591 3593 2593 3669 Ι

462 3721 531 3786 in
572 3722 811 3789 laboris
856 3747 934 3792 ae
974 3729 1287 3808 muneris,
1323 3753 1455 3796 non
1497 3742 1737 3804 temere
1781 3734 1907 3801 nisi
1950 3735 2188 3803 libertis
2229 3731 2346 3798 suis
2375 3724 2462 3788 de·

460 3813 785 3921 ferebant,
838 3819 1071 3904 quibus
1114 3823 1207 3888 illi
1252 3824 1512 3908 quidem
1555 3848 1686 3894 non
1729 3830 1930 3896 multo
1965 3853 2146 3900 secus
2187 3848 2259 3894 ac
2299 3816 2459 3888 servis

460 3909 890 4012 imperabant3
944 3914 1027 3980 sit
1066 3917 1251 3983 lictor
1292 3941 1424 3986 non
1469 3943 1628 3990 suae
1659 3927 1972 4002 saevitiae,
2029 3925 2140 3994 sed
2169 3934 2303 3990 tuae
2331 3908 2458 3980 10⁰5·

460 4005 609 4060 taus
638 4005 977 4087 apparitor,
1014 4012 1384 4099 maioraque
1409 4017 1774 4102 praeferant
1797 4017 2008 4090 fasces
2035 4021 2126 4088 illi
2150 4040 2221 4087 ae
2243 4023 2454 4082 securess
