2675 4559
727 206 1283 284 EPISTOLARUM
1317 228 1394 282 x.
1430 229 1671 286 21-23.
2096 224 2223 292 241

158 346 423 435 publica
457 343 528 410 in
571 347 971 432 possessione
1007 349 1311 416 victoriae
1348 351 1571 419 deletis
1606 355 1929 423 sceleratis
1972 383 2226 446 perma-

33 469 34 472 “
158 444 358 510 nebit.
448 441 556 508 fac
590 443 806 509 valeas
841 465 1072 527 meque
1107 445 1359 532 diligas.

288 537 593 602 Fratrem
635 559 851 603 meum
894 537 1042 616 tibi,
1093 539 1514 605 fortissimum
1551 543 1757 610 civem
1793 558 1854 612 et
1892 547 1975 613 ad
2009 552 2225 616 omnia
2260 575 2286 614 τ
2338 601 2343 605 .

154 630 659 718 paratissimum,
695 652 999 697 excusem
1029 632 1295 698 litteris?
1328 635 1440 718 qui
1475 659 1558 700 ex
1589 637 1810 705 labore
1844 641 1912 706 in
1946 642 2225 710 febricu-

153 727 285 791 lam
336 725 566 791 incidit
620 724 957 790 adsiduam
1001 737 1065 792 et
1114 727 1271 792 satis
1312 729 1665 795 molestam.
1755 755 1904 799 cum
1945 737 2223 822 primum

154 819 393 906 poterit
404 866 424 897 ,
479 818 648 884 istoc
690 841 1016 885 recurrere
1057 841 1187 886 non
1230 821 1579 900 dubitabit,
1632 847 1716 892 ne
1761 848 1890 910 quo
1942 830 2083 895 loco
2130 832 2222 896 rei

154 914 458 1001 publicae
496 913 680 979 desit.
769 937 981 980 meam
1025 915 1403 1001 dignitatem
1437 920 1947 988 commendatam
1982 923 2222 991 habeas

153 1030 333 1096 rogo.
428 1008 882 1094 concupiscere
917 1031 1021 1075 me
1053 1010 1213 1075 nihil
1249 1023 1500 1098 oportet
1507 1037 1527 1091 3
1562 1012 1772 1080 habeo
1806 1026 1869 1080 te
1906 1027 1969 1083 et
2004 1040 2223 1083 aman-

154 1105 477 1169 tissimum
518 1102 649 1168 mei
693 1114 784 1181 et,
835 1103 1010 1187 quod
1048 1105 1292 1190 optavi,
1346 1129 1631 1174 summae
1677 1110 2097 1177 auctoritatis:
2151 1122 2221 1176 tu

154 1198 390 1264 videris
403 1243 422 1273 ,
471 1207 784 1282 quantum
821 1209 884 1264 et
918 1199 1175 1281 quando
1220 1211 1405 1266 tuum
1441 1222 1673 1269 munus
1709 1205 1883 1291 apud
1925 1229 2029 1272 me
2063 1206 2220 1273 velis

158 1316 315 1359 esse.
413 1303 668 1358 tantum
702 1304 767 1359 te
802 1314 988 1379 rog0,
1032 1293 1102 1357 in
1136 1294 1332 1360 Hirtii
1374 1295 1588 1363 locum
1622 1321 1728 1367 me
1764 1299 2003 1367 subdas
2040 1312 2103 1368 et
2140 1301 2221 1367 ad

152 1398 339 1453 tuum
377 1407 666 1452 amorem
700 1397 766 1452 et
801 1387 884 1453 ad
917 1410 1129 1453 meam
1162 1389 1653 1457 observantiam.

1094 1623 1290 1678 XXII.

645 1721 761 1778 Ser.
779 1723 994 1779 Romae
1013 1742 1204 1780 mense
1220 1725 1384 1780 Iunio
1404 1744 1455 1781 a.
1474 1745 1529 1781 u.
1550 1743 1598 1782 c.
1620 1728 1738 1782 Ι111.
1783 1710 1790 1715 ’

877 1825 1153 1883 CICERO
1188 1827 1519 1886 PLANCO.

279 1949 365 2014 In
400 1960 470 2016 te
505 1958 571 2014 et
603 1948 673 2013 in
706 1949 955 2035 collega
989 1950 1193 2014 omnis
1229 1973 1377 2037 spes
1414 1962 1511 2017 est
1554 1951 1655 2017 dis
1692 1951 2213 2038 adprobantibus
2254 1977 2277 2016 1

33 2066 34 2088 ³
151 2041 500 2109 concordia
515 2053 746 2120 vestra,
783 2064 948 2128 quae
969 2044 1219 2109 senatui
1247 2044 1570 2111 declarata
1594 2045 1819 2112 litteris
1839 2048 2065 2114 vestris
2099 2061 2215 2127 est,

150 2138 421 2204 mirifice
455 2148 524 2204 et
557 2147 816 2203 senatus
850 2147 918 2203 et
952 2150 1182 2207 cuncta
1217 2139 1443 2211 civitas
1492 2140 1805 2208 delectata
1838 2155 1953 2209 est.
2041 2145 2216 2229 quod
2250 2165 2275 2205 ε

153 2233 236 2297 ad
262 2255 369 2298 me
397 2232 744 2318 scripseras
773 2231 854 2298 de
878 2254 951 2297 re
980 2232 1251 2319 agraria,
1289 2234 1345 2299 si
1380 2235 1705 2302 consultus
1734 2247 1990 2303 senatus
2026 2249 2213 2318 esset,

151 2338 223 2392 ut
260 2327 536 2412 quisque
569 2325 1270 2394 honorificentissimam
1297 2327 1379 2394 de
1413 2341 1479 2395 te
1514 2331 1892 2398 sententiam
1929 2332 2213 2409 dixisset,

33 2455 34 2458 ¹
150 2444 295 2487 eam
343 2432 601 2487 secutus
647 2431 845 2498 esset3
900 2423 1012 2506 qui
1057 2433 1225 2489 certe
1270 2445 1394 2511 ego
1446 2424 1741 2492 fiiissemt
1797 2425 1909 2492 sed
1955 2440 2216 2513 propter

148 2514 521 2580 tarditatem
556 2515 1017 2580 sententiarum
1051 2538 1429 2601 moramque
1461 2541 1676 2583 rerum
1709 2540 1859 2584 cum
1894 2542 2001 2595 ea,
2047 2541 2213 2605 quae

148 2608 680 2685 consulebantur,
729 2607 812 2674 ad
847 2608 1088 2675 exitum
1122 2633 1252 2676 uon
1297 2612 1733 2696 pervenirent,
1773 2613 2214 2679 commodissi-

148 2726 329 2768 mum
381 2702 543 2767 mihi
574 2701 952 2788 Plancoque
993 2703 1178 2769 fratri
1222 2704 1435 2770 visum
1480 2716 1577 2771 est
1619 2705 1714 2770 uti
1758 2715 2019 2770 senatus
2063 2727 2214 2771 con-

149 2798 340 2874 sulto,
380 2797 556 2881 quod
590 2820 673 2863 ne
708 2808 926 2864 nostro
963 2797 1274 2863 arbitratu
1310 2808 1803 2883 conponeretur,
1839 2797 1984 2882 quis
2019 2797 2213 2865 fuerit

147 2892 588 2978 inpedimento
601 2938 620 2968 ,
673 2892 948 2960 arbitror
997 2902 1062 2956 te
1118 2913 1200 2956 ex
1251 2891 1481 2958 Planci
1532 2891 1759 2961 litteris
1813 2894 2209 2980 cognovisse.

151 2987 262 3052 sed
298 2986 439 3052 sive
475 2985 545 3050 in
579 2997 836 3053 senatus
873 2985 1163 3051 consulto
1201 2985 1335 3050 sive
1370 2985 1438 3051 in
1474 2987 1699 3053 ceteris
1733 2988 1926 3054 rebus
1963 2989 2213 3056 deside-
2247 3013 2272 3052 s

149 3105 251 3147 ras
296 3079 544 3165 aliquid
557 3128 576 3159 ,
630 3083 724 3147 sic
767 3081 885 3146 tibi
931 3080 1246 3167 persuade
1259 3128 1278 3158 ,
1332 3091 1577 3147 tantam
1620 3105 1761 3148 esse
1797 3085 1972 3169 apud
2006 3087 2211 3151 omnis

150 3176 354 3241 bonos
386 3175 486 3240 tui
521 3175 871 3253 caritatem,
905 3186 977 3241 ut
1013 3175 1262 3240 nullum
1297 3197 1504 3261 genus
1541 3175 1968 3260 amplissimae
1985 3179 2212 3264 ,digni-

150 3271 294 3336 tatis
323 3270 681 3356 excogitari
713 3269 936 3357 possit,
973 3270 1147 3354 quod
1184 3269 1300 3335 tibi
1327 3289 1459 3334 non
1492 3280 1787 3355 paratum
1815 3269 1923 3335 sit.
1970 3271 2210 3337 litteras

152 3375 290 3430 tuas
316 3364 734 3432 vehementer
760 3373 1081 3451 exspecto,
1119 3375 1182 3430 et
1209 3362 1471 3448 quidem
1497 3363 1661 3441 talis,
1700 3363 1906 3448 qualis
1934 3365 2211 3431 maxime

151 3470 321 3545 opto.
416 3459 579 3524 vale.

1072 3608 1297 3664 XXIH.

202 3711 323 3768 Ser.
344 3710 628 3768 Cularone
645 3710 705 3764 in
723 3708 930 3768 finibus
947 3711 1321 3784 Allobrogum
1337 3711 1499 3768 VIII.
1519 3710 1655 3766 Idus
1672 3710 1796 3766 Iun.
1819 3728 1870 3767 a.
1890 3729 1945 3767 u.
1968 3728 2016 3767 c.
2039 3712 2156 3766 Ι111.

794 3810 1152 3871 PLANCUS
1189 3812 1569 3870 CICERONI.

272 3927 653 4013 Numquam
687 3925 1101 4003 mehercules,
1134 3927 1226 3992 mi
1261 3923 1517 4005 Cicero,
1552 3950 1655 3994 me
1691 3928 2043 4014 paenitebit
2075 3951 2212 3995 ma-
2246 3948 2273 3988 1

151 4021 325 4086 xima
357 4021 647 4107 pericula
686 4044 803 4108 pro
839 4021 1048 4108 patria
1081 4022 1325 4098 subire,
1382 4022 1535 4091 dum
1548 4071 1567 4100 ,
1623 4023 1679 4093 si
1722 4022 1879 4108 quid
1914 4023 2211 4117 acciderit

255 4121 476 4167 aaronis
494 4121 662 4166 volax.
1771 4122 1839 4177 16
