2675 4559
704 241 1262 302 EPISTOLARUM
1294 244 1372 298 X.
1407 245 1632 300 25—28.
1995 233 2001 238 ’
2067 233 2193 299 247

61 356 64 403 ³
172 369 443 438 levissimi
478 380 544 434 et
578 367 1088 454 divolgatissimi,
1142 367 1199 431 si
1238 367 1331 434 ita
1377 367 1732 454 adipiscare
1767 379 1838 435 ut
1882 370 2193 455 plerique,

63 476 64 479 ’
173 485 565 552 praepropera
596 461 916 528 festinatio
952 461 1228 528 abducet
1262 485 1302 526 a
1334 463 1528 527 tantis
1571 463 1902 542 laudibus,
1957 464 2191 548 quibus

61 572 64 626 ἐ
173 573 222 626 te
245 581 447 625 omnes
481 558 551 622 in
577 557 825 622 caelum
858 556 998 622 iure
1027 566 1089 622 et
1114 578 1266 622 vere
1293 557 1548 622 ferunt?
1583 557 1825 624 scilicet
1857 558 1927 623 id
1961 559 2193 645 agitur,

172 667 353 719 utrum
385 654 507 718 hac
550 652 857 738 petitione
892 674 977 716 an
1022 651 1315 736 proxima
1349 662 1606 736 praetor
1638 653 1788 730 fias,
1831 675 1962 718 non
1999 664 2072 719 ut
2103 654 2196 719 ita

174 749 237 814 de
266 771 327 814 re
369 747 628 835 publica
661 768 945 812 mereare
958 793 977 822 ,
1024 746 1197 811 omni
1241 746 1484 812 honore
1529 756 1599 812 ut
1645 745 2052 834 dignissimus
2095 747 2195 812 iu-

173 843 366 908 dicere.
420 853 637 907 utrum
671 839 902 917 nescis,
938 862 1133 924 quam
1160 840 1286 905 alte
1313 841 1696 917 ascenderis,
1733 865 1816 907 an
1851 864 1967 928 pro
1995 842 2194 907 nihilo
2228 861 2255 901 s
2288 855 2295 863 ·

172 936 224 1000 id
249 936 460 1022 putas?
494 935 552 1000 si
584 934 815 1010 nesciS,
852 934 970 999 tibi
1000 934 1297 1020 ignos003
1332 957 1454 1000 nos
1486 935 1557 1000 in
1583 935 1774 1021 culpa
1808 959 2059 1002 sumus:
2096 937 2197 1002 sin

171 1029 447 1117 intellegis
460 1078 479 1106 ‚
533 1031 667 1095 ulla
713 1029 831 1093 tibi
866 1039 961 1094 est
995 1039 1296 1114 praetura
1330 1030 1436 1095 vel
1470 1029 1713 1105 officim
1768 1030 1941 1114 quod
1985 1030 2194 1116 pauci,

171 1125 251 1189 vel
280 1125 495 1211 gloria,
533 1146 734 1208 quam
770 1145 990 1188 omnes
1026 1135 1401 1207 sequuntur,
1439 1123 1720 1189 dulcior?
1755 1124 1878 1190 hac
1914 1124 1994 1190 de
2028 1147 2098 1190 re
2134 1134 2197 1189 et

172 1239 267 1304 ego
304 1230 363 1286 et
397 1215 751 1294 Calvisius,
804 1217 997 1282 homo
1040 1218 1261 1305 magni
1304 1218 1526 1283 iudicii
1568 1219 1793 1302 'tuique
1839 1217 2196 1284 amantissi-

170 1334 309 1390 mus,
340 1323 402 1379 te
436 1334 818 1379 accusamus
856 1311 1106 1378 cotidie.
1197 1312 1459 1378 comitia
1490 1323 1736 1390 tamen,
1774 1312 2079 1396 quoniam
2114 1335 2196 1378 ex

170 1406 229 1469 iis
263 1407 519 1491 pendes,
579 1416 893 1490 quantum
935 1405 1150 1472 facere
1193 1428 1566 1492 possumus,
1622 1407 1798 1491 quod
1849 1407 2067 1472 multis
2115 1407 2196 1470 de

170 1501 340 1566 causis
372 1502 463 1568 rei
507 1499 811 1587 publicae
848 1499 1234 1565 arbitramur
1275 1500 1668 1578 conducere,
1714 1500 1786 1566 in
1818 1501 2192 1568 Ianuarium

169 1615 411 1662 mensem
444 1595 906 1682 protrudimus.
995 1594 1181 1659 vince
1219 1607 1273 1659 te
1306 1594 1507 1679 igitur
1545 1605 1607 1660 et
1643 1595 1807 1660 vale.

1041 1829 1289 1886 XXVII.

597 1933 713 1989 Scr.
732 1931 949 1988 Romae
966 1949 1157 1987 mense
1177 1932 1382 1987 Martio
1404 1950 1454 1987 a.
1472 1950 1528 1987 u.
1550 1949 1598 1987 c.
1621 1932 1738 1987 711.

758 2033 1035 2092 CICERO
1071 2033 1364 2090 LEPIDO
1403 2033 1567 2091 SAL.

270 2156 450 2242 Quod
481 2158 648 2224 mihi
681 2180 798 2245 pro
835 2181 1087 2227 summa
1119 2181 1255 2224 mea
1290 2181 1449 2247 erga
1480 2169 1545 2225 te
1581 2158 2026 2225 benevolentia
2059 2181 2197 2225 ma-
2232 2187 2256 2225 1

170 2273 301 2336 gnae
334 2276 518 2321 curae
550 2264 673 2331 est,
709 2264 784 2318 ut
809 2274 1004 2337 quam
1031 2252 1426 2339 amplissima
1454 2253 1768 2340 dignitate
1797 2253 1904 2331 sis,
1933 2255 2198 2319 moleste

169 2347 262 2412 tuli
288 2359 345 2415 te
377 2348 634 2417 senatui
668 2347 912 2436 gratias
947 2371 1079 2413 non
1105 2347 1336 2434 egisse,
1374 2370 1524 2414 cum
1552 2370 1725 2414 esses
1755 2348 1839 2414 ab
1868 2351 1945 2414 e'o
1973 2349 2194 2415 ordine

170 2454 387 2511 ornatus
422 2444 695 2512 summis
729 2443 1098 2510 honoribus.
1152 2441 1331 2528 pacis
1365 2441 1534 2508 inter
1569 2443 1725 2508 civis
1760 2442 2195 2509 conciliandae

170 2549 218 2602 te
246 2540 531 2626 cupidum
572 2560 714 2604 esse
749 2538 979 2603 laetor:
1018 2559 1160 2603 eam
1197 2537 1252 2601 si
1287 2560 1326 2601 a
1363 2537 1668 2603 servitute
1704 2536 2009 2622 seiungis,
2046 2559 2197 2603 con-

173 2633 307 2698 sules
340 2647 401 2701 et
430 2636 525 2703 rei
562 2633 862 2722 publicae
900 2644 965 2700 et
1008 2632 1307 2719 dignitati
1340 2643 1501 2700 tuae
1513 2657 1532 2710 3
1578 2633 1680 2698 sin
1720 2633 1846 2698 ista
1878 2655 2008 2718 pax
2050 2655 2197 2719 per-

173 2726 340 2795 ditum
362 2729 690 2796 hominem
715 2729 783 2793 in
816 2727 1285 2814 possessionem
1312 2726 1804 2813 inpotentissimi
1832 2726 2195 2791 dominatus

172 2823 499 2890 restitutura
535 2834 666 2901 est,
711 2823 835 2889 hoc
871 2822 1084 2888 animo
1121 2822 1280 2887 scito
1316 2821 1524 2886 omnis
1561 2843 1780 2898 sanos,
1814 2831 1890 2885 ut
1926 2830 2198 2885 mortem

176 2917 420 2984 servituti
453 2927 867 3004 anteponant.
955 2917 1170 3001 itaque
1207 2915 1556 3000 sapientius
1569 2963 1588 2993 ‚
1626 2937 1770 2980 meo
1805 2914 2066 3000 quidem
2100 2914 2200 2979 iu-
2234 2938 2258 2975 ε

178 3007 327 3092 dicio,
358 3014 578 3091 facies,
616 3013 672 3078 si
700 3023 763 3078 te
788 3012 859 3076 in
890 3011 1081 3080 istam
1117 3010 1627 3097 pacificationem
1654 3032 1786 3075 non
1811 3010 2198 3096 interpones,

176 3123 309 3184 quae
337 3130 543 3194 neque
572 3107 825 3174 senatui
856 3127 1067 3189 neque
1100 3106 1340 3191 populo
1367 3127 1487 3171 nec
1515 3105 1815 3189 cuiquam
1850 3104 2019 3169 bono
2053 3127 2202 3189 pro-

176 3195 347 3268 batur.
397 3204 510 3270 sed
545 3202 709 3269 haec
745 3200 966 3267 audies
996 3223 1078 3266 ex
1107 3200 1247 3267 aliis
1277 3211 1390 3266 aut
1419 3199 1651 3266 certior
1683 3199 1800 3264 fies
1834 3199 2092 3263 litteris:
2131 3209 2201 3262 tu

178 3313 268 3374 pro
296 3307 400 3364 tua
429 3296 794 3384 prudentia,
831 3296 987 3382 quid
1025 3297 1336 3383 optimum
1373 3295 1552 3360 factu
1588 3293 1689 3371 sit,
1724 3292 1992 3359 videbis.

1032 3533 1203 3590 XXV
1202 3531 1311 3588 111.

548 3637 666 3695 Ser.
684 3637 901 3705 Romae
918 3653 1110 3691 mense
1127 3634 1440 3691 Februario
1461 3651 1512 3688 a.
1530 3650 1586 3687 ιι.
1607 3650 1655 3688 c.
1678 3632 1798 3687 711.

714 3738 989 3796 CICERO
1027 3735 1422 3794 TREBONIO
1461 3735 1624 3792 SAL.

290 3857 496 3941 Quam
530 3865 758 3930 vellem
794 3865 879 3930 ad
910 3863 1054 3929 illas
1088 3860 1549 3948 pulcherrimas
1585 3860 1808 3947 epulas
1841 3879 1947 3923 me
1981 3854 2206 3920 Idibus
2243 3876 2267 3914 1

188 3945 408 4022 Martiis
439 3957 805 4026 invitasses!
842 3957 1257 4044 reliquiarum
1291 3955 1452 4021 nihil
1488 3955 1896 4021 haberemus.
1935 3961 2002 4017 at
2034 3973 2206 4016 nunc

190 4064 312 4113 eum
340 4049 413 4117 iis
444 4063 690 4120 tantum
722 4054 968 4140 negotii
1002 4065 1125 4131 est,
1179 4063 1253 4119 ut
1285 4062 1571 4119 vestrum
1615 4050 1774 4117 illud
1818 4045 2159 4115 divinum‘
2139 4069 2209 4110 ιιι
