2675 4559
727 250 1286 330 Emsromun
1319 272 1429 329 111.
1466 274 1623 329 9.10.
2015 361 2017 363 v
2128 262 2208 327 61

135 398 298 465 fore.
345 395 521 463 ‘illud
555 392 746 483 plane
774 396 1041 464 moleste
1076 396 1216 474 tuli,
1252 397 1428 481 quod
1456 396 1879 464 certissimum
1907 408 1973 464 et
1999 397 2215 463 iustis-

140 494 382 561 simum
428 490 828 577 triumphum
873 490 998 557 hoc
1040 491 1405 557 invidorum
1440 492 1701 558 consilio
1737 514 1877 559 esse
1922 492 2039 557 tibi
2076 516 2215 559 ere-

139 600 328 674 ptum
352 585 692 651 videbam:
731 585 905 669 quod
928 596 1002 650 tu
1027 585 1084 651 si
1117 586 1279 650 tanti
1305 585 1525 665 facies,
1562 586 1784 671 quanti
1814 608 1937 674 ego
1964 610 2215 673 semper

141 680 430 748 iudicavi
473 679 844 745 faciendum
887 702 1057 758 esse,
1111 679 1312 747 facies
1358 682 1677 767 sapienter
1711 692 1777 748 et
1821 703 1975 768 ages
2011 681 2216 746 victor

143 800 225 843 ex
257 774 678 843 inimicorum
711 775 931 841 dolore
965 775 1361 861 triumphum
1394 776 1840 854 iustissimum3
1888 797 2009 863 ego
2046 776 2215 841 enim

143 873 338 960 plane
372 871 568 937 video
601 869 740 937 fore
773 868 986 935 nervis
999 917 1018 947 ,
1055 869 1313 956 opibus,
1351 870 1664 956 sapientia
1698 880 1840 947 tua,
1876 870 2219 936 vehemen-

146 979 245 1035 ter
287 976 362 1031 ut
407 963 704 1031 inimicos
747 974 892 1029 tuos
935 964 1257 1050 paeniteat
1300 964 1831 1051 intemperantiae
1876 987 2049 1030 suae.
2138 964 2219 1030 de

147 1084 252 1127 me
305 1058 428 1125 tibi
471 1058 568 1124 sic
611 1069 975 1125 contestans
1027 1061 1233 1125 omnis
1278 1060 1434 1125 deos
1479 1060 1782 1146 promitto
1830 1069 2023 1143 atque
2068 1079 2219 1123 con-

149 1155 354 1232 firm0,
389 1175 500 1218 me
534 1175 652 1239 pro
679 1162 791 1217 tua
817 1153 1231 1237 dignitate—
1247 1155 1418 1219 malo
1448 1154 1618 1231 enim
1643 1156 1733 1219 ita
1762 1152 1993 1229 dicere,
2024 1170 2218 1237 quam

149 1270 268 1335 pro
303 1248 516 1313 salute
533 1248 716 1311 —in
747 1246 870 1313 hac
904 1248 1254 1334 provincia,
1289 1248 1395 1313 cui
1430 1260 1503 1313 tu
1536 1246 1893 1334 praefuisti,
1928 1245 2218 1333 rogando

153 1342 612 1430 deprecatorie,
647 1342 998 1408 laborando
1033 1344 1397 1429 propinqui,
1434 1344 1811 1410 auctoritate
1846 1342 1978 1409 cari
2012 1341 2219 1406 homi-

151 1439 270 1516 nis,
305 1447 385 1503 ut
420 1458 628 1523 spero,
665 1437 839 1523 apud
875 1438 1184 1515 civitatee,
1217 1438 1535 1525 gravitate
1569 1436 1967 1525 imperatoris
2003 1458 2218 1506 susce·-
2297 1429 2303 1433 ⁵

149 1543 420 1617 pturum
448 1530 664 1596 officia
699 1542 892 1616 atque
925 1532 1145 1618 partis.
1200 1532 1416 1597 omnia
1451 1533 1598 1598 volo
1627 1556 1668 1598 a
1696 1555 1799 1599 me
1834 1543 1915 1598 et‘
1934 1531 2215 1617 postules

153 1640 218 1691 et
261 1636 630 1711 exspectes:
676 1626 929 1691 vincam
965 1628 1124 1693 meis
1162 1626 1391 1692 officiis
1428 1626 1843 1713 cogitationes
1878 1636 2043 1693 tuas.
2132 1623 2216 1705 Q.

157 1720 475 1787 Servilius
509 1719 838 1806 perbrevis
873 1720 1029 1785 mihi
1065 1744 1105 1786 a
1140 1731 1203 1787 te
1239 1722 1483 1786 litteras
1508 1720 1823 1831 reddidit,
1862 1740 2028 1807 quae
2064 1719 2223 1784 mihi

157 1826 372 1881 tamen
407 1814 600 1881 nimis
633 1815 866 1901 longae
901 1816 1076 1881 visae
1112 1827 1290 1893 sunt3
1335 1814 1633 1881 iniuriam
1678 1816 1849 1881 enim
1892 1814 2050 1878 mihi
2082 1813 2222 1878 fieri

153 1910 490 1997 putabam,
528 1930 674 1974 cum
698 1910 994 1996 rogabar.
1051 1911 1289 1976 nollem
1315 1910 1652 1975 accidisset
1685 1922 1959 1995 tempus,
1995 1908 2077 1973 in
2093 1928 2219 1991 quo

155 2003 523 2089 perspicere
574 2024 826 2088 posses,
879 2005 1104 2088 quanti
1151 2016 1243 2082 te,
1294 2004 1520 2088 quanti
1564 2004 1976 2091 Pompeium,
2028 2024 2222 2087 quem

153 2120 360 2163 unum
397 2119 482 2161 ex
517 2098 812 2163 omnibus
848 2098 1016 2163 facio
1029 2146 1048 2175 ,
1082 2109 1157 2163 ut
1193 2100 1429 2177 debeo,
1472 2099 1757 2186 plurimi,
1794 2098 2019 2184 quanti
2054 2098 2223 2162 Bru-

153 2202 295 2256 tum
329 2191 614 2257 facerem
626 2216 644 2269 3
687 2212 1080 2277 quamquam
1121 2192 1190 2257 in
1207 2193 1687 2275 ⁸consuetudine
1724 2192 2043 2258 cotidiana
2075 2213 2223 2278 per-

159 2285 502 2372 spexisses,
537 2285 724 2352 sicuti
758 2286 1136 2372 perspiciesz
1175 2287 1308 2364 sed,
1348 2288 1651 2372 quoniam
1688 2287 1937 2364 accidit,
1974 2289 2031 2351 si
2066 2286 2221 2370 quid

159 2401 198 2443 a
229 2401 338 2443 me
381 2379 902 2465 praetermissum
946 2381 1092 2458 erit,
1147 2381 1558 2446 commissum
1592 2382 1842 2447 facinus
1878 2390 1943 2447 et
1988 2381 2223 2445 admis-

159 2496 306 2538 sum
342 2472 622 2539 dedecus
659 2474 1027 2539 confitebor.
1113 2473 1530 2562 Pomptinus,
1584 2476 1696 2560 qui
1733 2500 1772 2541 a
1806 2487 1871 2541 te
1914 2484 2221 2540 tractatus

161 2579 258 2633 est
300 2568 655 2653 praestanti
699 2589 776 2633 ac
820 2568 1130 2655 singulari
1174 2569 1328 2645 fide,
1377 2570 1559 2635 euius
1603 2568 1697 2634 tui
1742 2568 2035 2635 beneficii
2078 2592 2225 2633 sum

159 2684 286 2749 ego
338 2661 551 2740 testis,
613 2673 898 2748 praestat
955 2664 1074 2729 tibi
1125 2664 1500 2731 memoriam
1564 2662 2223 2745 benevolentiamque,

161 2778 360 2843 quam
396 2755 617 2834 debet3
661 2758 794 2841 qui,
841 2779 988 2823 cum
1023 2759 1330 2824 maximis·
1357 2760 1489 2825 suis
1524 2759 1717 2824 rebus
1755 2767 2014 2823 coactus
2050 2778 2089 2820 a
2122 2777 2226 2820 me

61 2852 82 2866 '
161 2851 542 2917 invitissimo
570 2851 966 2931 decessisset,
1001 2863 1237 2933 tamen,
1273 2865 1347 2919 ut
1382 2852 1545 2917 vidit
1576 2853 1881 2919 interesse
1906 2860 2037 2929 tua,
2076 2870 2228 2915 con-

163 2945 478 3013 scendens
521 2946 652 3011 iam
693 2970 926 3013 navem
970 2947 1235 3035 Epheso
1283 2948 1681 3014 Laodiceam
1733 2936 2021 3014 revertitz
2073 2945 2229 3011 talia
2314 2994 2319 2999 -

163 3054 224 3109 te
253 3063 408 3107 cum
435 3042 658 3107 studia·
672 3041 925 3108 videam
953 3043 1324 3109 habiturum
1352 3066 1493 3109 esse
1509 3042 2017 3119 innumerabilia,
2033 3041 2227 3127 plane

161 3135 463 3202 dubitare
497 3156 628 3201 non
661 3157 922 3221 possum
959 3136 1115 3221 quin
1160 3137 1279 3203 tibi
1313 3137 1667 3221 amplitudo
1700 3136 1823 3201 ista
1866 3134 2228 3201 sollicitudo

161 3230 388 3295 futura
415 3227 517 3295 sit.
572 3229 626 3293 si
651 3252 806 3296 vero
836 3230 1146 3308 effeceris,
1183 3241 1258 3295 ut
1283 3250 1581 3295 censores
1610 3238 1924 3305 creentur,
1960 3238 2024 3293 et
2050 3228 2106 3293 si
2137 3227 2231 3291 ita

163 3321 444 3411 gesseris
480 3344 846 3401 censuram,
893 3336 967 3390 ut
1002 3336 1069 3391 et
1101 3323 1298 3391 debes
1335 3334 1403 3389 et
1433 3334 1649 3409 potes,
1683 3342 1814 3386 non
1846 3321 1967 3385 tibi
2001 3320 2228 3395 solum,

167 3416 284 3483 sed
317 3415 447 3481 tuis
475 3417 774 3483 omnibus
808 3418 996 3484 video
1023 3418 1092 3485 in
1126 3428 1509 3505 perpetuum
1538 3432 1789 3482 summo
1814 3425 1879 3481 te
1913 3412 2231 3501 praesidio

165 3511 480 3577 futurum.
550 3511 712 3578 illud
745 3534 968 3598 pugna
1005 3524 1069 3579 et
1103 3513 1366 3591 enitere,
1400 3534 1485 3577 ne
1518 3511 1676 3597 quid
1709 3510 1895 3578 nobis
1928 3507 2231 3595 temporis

167 3614 572 3690 prorogetur,
610 3616 702 3683 ut,
737 3626 886 3671 cum
921 3606 1026 3671 hic
1059 3606 1180 3672 tibi
1215 3607 1369 3673 satis
1403 3606 1765 3683 fecerimus,
1801 3604 1945 3671 istic
1972 3623 2232 3687 quoque

165 3709 456 3765 nostram
491 3698 560 3763 in
596 3710 662 3767 te
697 3700 1208 3766 benevolentiam
1245 3724 1485 3767 navare
1520 3700 1861 3787 possimus.
1948 3718 2115 3782 quae
2152 3696 2232 3761 de

166 3791 510 3858 hominum
551 3803 746 3877 atque
781 3793 1079 3860 ordinum
1123 3796 1409 3863 omniurn
1445 3818 1601 3882 erga
1646 3806 1711 3860 te
1746 3792 1973 3859 studiis
2008 3788 2235 3855 scribis

169 3886 256 3953 ad
290 3908 420 3964 me,
452 3885 717 3952 minime
752 3887 907 3953 mihi
941 3888 1234 3954 miranda
1268 3900 1332 3956 et
1365 3890 1646 3954 maxime
1670 3885 1953 3952 iucunda
1988 3882 2237 3949 accide-
2328 3912 2337 3919 ·

169 3992 352 4059 runt,
407 3979 764 4065 eademque
816 3982 900 4047 ad
963 4005 1067 4049 me
1118 3983 1475 4069 perscripta
1524 3992 1675 4047 sunt
1726 4004 1766 4045 a
1817 3977 2236 4044 familiaribus

169 4075 355 4141 meis.
427 4074 648 4161 itaque
683 4076 867 4160 capio
901 4099 1204 4163 magnam
1239 4076 1655 4164 voluptatem,
1690 4096 1837 4141 cum
1872 4072 2018 4153 tibi,
2056 4071 2239 4139 cuius

2266 3716 2298 3756 4
