2675 4559
2550 0 2602 207 l

595 291 723 356 222
1212 299 1289 354 M.
1327 299 1603 358 'runnu
1637 297 2040 358 monnoms
2586 282 2599 357 1

596 444 688 508 et,
740 435 1185 514 praeterquam
1234 423 1411 508 quod
1453 422 1547 489 rei
1590 424 1886 510 publicae
1942 423 2257 491 consulere
2297 423 2544 502 debemus,
2590 414 2603 477 l

596 544 808 589 tamen
841 532 991 588 tuae
1027 517 1325 606 dignitati
1362 519 1454 584 ita
1486 518 1803 596 favemus,
1838 528 1912 584 ut
1947 541 2131 585 omne
2163 531 2417 585 nostrum
2444 541 2546 585 eon·
2590 490 2603 533 ι

596 620 832 694 silium,
869 615 1181 691 studium,
1217 613 1530 691 officium,
1569 635 1862 700 operam,
1899 614 2207 692 laborem,
2241 613 2547 700 diligentiam
2580 539 2603 713 4

596 712 676 776 :ld
717 709 1201 797 amplitudinem
1244 720 1424 776 tuam
1467 709 1901 775 conferamusz
1957 709 2047 776 ita
2097 708 2374 775 facillime
2410 718 2459 773 et
2489 709 2547 772 rei
2590 708 2605 748 ⁸²

596 806 915 892 publicae,
960 827 1129 890 quae
1174 804 1330 870 mihi
1376 803 1703 870 carissima
1739 815 1865 880 est,
1912 814 1977 872 et
2021 803 2320 869 amicitiae
2348 813 2546 877 nostrae,
2596 794 2606 881 J

596 925 788 986 *suam
822 899 1217 968 sanctissime
1253 899 1440 965 nobis
1477 897 1810 965 colendam
1846 910 2034 984 puto,
2069 921 2172 964 me
2204 897 2459 983 intellego
2485 919 2547 958 sa·
2588 913 2605 963 .‘

536 1020 552 1048 a
596 1000 672 1060 lis
706 996 1048 1064 facturum.
1101 995 1420 1062 Furnium
1446 1005 1737 1061 nostrum
1773 993 1936 1060 tanti
1967 1017 2008 1059 a
2043 1004 2106 1059 te
2140 993 2291 1070 fieri,
2321 1001 2549 1077 quantum

596 1092 791 1176 ipsius
826 1089 1189 1157 humanitas
1226 1101 1291 1156 et
1335 1089 1614 1176 dignitas
1651 1087 1962 1176 postulat,
2005 1110 2128 1154 nec
2160 1086 2340 1152 miror
2369 1096 2421 1151 et
2445 1107 2549 1170 gau-

596 1192 711 1253 deo
756 1197 949 1271 teque
992 1184 1117 1250 hoc
1161 1184 1525 1250 existimare
1561 1184 1739 1260 volo,
1793 1182 2102 1269 quicquid
2143 1182 2209 1248 in
2243 1203 2373 1249 eum
2401 1177 2550 1245 iudicii
2606 1250 2607 1255 ἵ

592 1282 912 1366 υῒϊὶοἱὶφιο
946 1280 1318 1356 contuleris,
1356 1278 1423 1347 id
1458 1278 1551 1345 ita
1583 1301 1688 1344 me
1723 1279 2046 1365 accipere,
2090 1288 2162 1344 ut
2194 1276 2257 1342 in
2288 1299 2378 1342 me
2406 1274 2548 1359 ipsum
2570 1132 2605 1442 ²

594 1396 652 1440 ts
692 1386 906 1470 putem
941 1373 1305 1442 contulisse.
2605 1391 2607 1402 ⁴

1577 1523 1654 1579 11.

891 1626 1007 1684 Scr.
1027 1627 1241 1683 Romae
1261 1627 1446 1682 medio
1463 1642 1656 1682 mense
1674 1625 1981 1682 Decembri
2001 1644 2052 1682 a.
2072 1644 2127 1682 u.
2148 1643 2194 1681 c.
2215 1625 2323 1681 710.

1203 1728 1478 1786 CICERO
1515 1727 1824 1785 PLANCO
1863 1727 2030 1784 SAL.

537 1868 544 1900 ¹
714 1846 946 1912 Meum
989 1845 1272 1911 studium
1315 1842 1542 1911 honori
1585 1854 1698 1909 tuo
1743 1865 1861 1929 pro
1914 1842 2368 1911 necessitudine
2404 1849 2551 1906 nostra

592 1964 718 2008 nnn
752 1939 1090 2015 defuisset,
1139 1940 1193 2004 si
1228 1950 1339 2005 aut
1375 1949 1514 2004 tuto
1548 1938 1617 2003 in
1651 1949 1945 2004 senatum
1981 1950 2096 2005 aut
2132 1938 2376 2005 honeste
2404 1931 2550 2000 venire

592 2036 963 2120 [mtuissem3
1017 2033 1134 2100 sed
1178 2055 1298 2100 nec
1346 2035 1482 2100 sine
1526 2033 1810 2120 periculo
1853 2034 2198 2120 quisquam
2229 2035 2404 2100 libere
2431 2030 2488 2095 de
2511 2049 2551 2090 re

592 2129 845 2212 publica
878 2128 1157 2219 sentiens
1192 2128 1434 2194 versari
1478 2139 1688 2215 potest
1720 2128 1791 2192 in
1824 2150 2080 2195 summa
2122 2128 2440 2216 inpunitate
2466 2123 2553 2210 gla-

588 2224 836 2290 diorum
871 2242 991 2288 nec
1025 2230 1279 2288 nostrae
1316 2222 1646 2309 dignitatis
1682 2222 1936 2289 videtur
1967 2246 2113 2291 esse
2145 2223 2236 2290 ibi
2268 2219 2552 2290 sententiam

588 2320 668 2384 de
700 2339 770 2382 re
806 2315 1064 2402 publica
1092 2315 1323 2394 dicere,
1359 2316 1473 2382 ubi
1505 2339 1612 2384 me
1638 2328 1703 2384 et
1736 2317 1966 2384 melius
1992 2330 2061 2385 et
2092 2318 2343 2406 propius
2367 2313 2553 2382 audiant

528 2444 548 2472 ε
588 2412 811 2477 armati
862 2433 1059 2497 quam
1112 2422 1455 2479 senatores.
1567 2423 1958 2500 quapropter
2009 2413 2077 2480 in
2139 2413 2385 2502 privatis
2426 2409 2555 2476 rebus

587 2507 829 2572 nullum
864 2527 1073 2591 neque
1100 2505 1384 2572 officium
1412 2528 1622 2592 neque
1659 2507 1945 2574 studium
1970 2531 2192 2579 meum
2219 2502 2553 2576 desiderabas

587 2624 664 2668 ne
695 2600 765 2667 in
797 2600 1071 2688 publicis
1106 2600 1399 2685 quidem,
1442 2601 1499 2668 si
1533 2601 1690 2687 quid
1726 2602 1873 2681 erit,
1918 2602 1986 2668 in
2034 2625 2164 2690 quo
2199 2627 2298 2670 me
2329 2604 2554 2668 interesse

584 2718 841 2764 necesse
868 2696 970 2775 sit,
1005 2717 1314 2780 umquam
1340 2697 1553 2773 deero,
1589 2719 1671 2764 ne
1698 2719 1848 2764 cum
1874 2698 2162 2783 periculo
2190 2698 2426 2785 quidem
2446 2711 2554 2762 meo,

584 2790 875 2876 dignitati
909 2801 1086 2857 tuaez
1124 2791 1190 2856 in
1224 2791 1304 2857 iis
1338 2802 1556 2859 autem
1589 2792 1814 2871 rebus,
1851 2813 2022 2878 quae
2057 2793 2255 2859 nihilo
2287 2791 2487 2863 minus,
2513 2794 2557 2847 ut

584 2908 702 2968 ego
744 2885 982 2963 absim,
1035 2885 1263 2952 confici
1305 2896 1637 2972 poterunt,
1689 2898 1843 2973 peto
1879 2910 1920 2952 a
1953 2899 2019 2955 te
2065 2898 2138 2955 ut
2182 2909 2283 2954 me
2323 2883 2555 2952 rationem

580 2980 816 3045 l-labere
849 2978 1009 3045 velis
1044 2989 1108 3046 et
1144 2981 1366 3046 salutis
1400 2992 1466 3048 et
1499 2981 1832 3070 dignitatis
1867 3005 2074 3051 meae.

1440 3256 1446 3261 -
1553 3217 1659 3273 ΠΙ.

853 3316 969 3375 Scr.
989 3318 1203 3375 Romae
1222 3326 1460 3377 exeunte
1480 3338 1672 3378 mense
1691 3320 2004 3379 Februario
2023 3341 2075 3379 a.
2096 3341 2152 3379 u.
2173 3339 2219 3379 c.
2241 3322 2350 3378 711.

1192 3421 1469 3480 CICERO
1504 3423 1815 3484 PLANCO
1853 3424 2017 3483 SAL.

524 3568 536 3600 ι
704 3541 877 3610 Cum
918 3545 1131 3631 ipsum
1171 3545 1489 3613 Furnium
1529 3569 1646 3633 per
1690 3570 1758 3615 se
1811 3548 1943 3615 vidi
1994 3547 2418 3621 libentissime,
2460 3553 2558 3605 tum

576 3640 697 3704 hnc
729 3637 1053 3716 libentius,
1088 3640 1264 3723 quod
1297 3641 1480 3707 illum
1507 3642 1775 3708 audiens
1810 3653 1874 3710 te
1901 3642 2170 3710 videbar
2193 3641 2422 3716 audire3
2450 3651 2557 3700 ΜΨ

576 3748 636 3796 si:
672 3732 738 3798 in
782 3755 851 3800 re
895 3732 1154 3800 militari
1197 3734 1500 3803 virtutem
1545 3747 1610 3803 et
1653 3737 1723 3804 in
1757 3737 2258 3804 administranda
2297 3724 2560 3823 provincia

572 3825 877 3894 iustitiam
921 3839 986 3896 et
1026 3828 1096 3894 in
1138 3831 1313 3896 omni
1356 3853 1594 3918 genere
1638 3833 2043 3920 prudentiam
2095 3832 2251 3898 mihi
2286 3841 2446 3894 tuam
2481 3841 2560 3885 ΘΣ·

576 3921 783 4004 {insuit
816 3933 881 3988 et
920 3920 1309 4012 [praeterea]
1347 3925 1505 3992 mihi
1548 3949 1681 3993 non
1721 3926 2012 4014 ignotam
2052 3926 2122 3992 in
2167 3914 2560 3992 consuetudine

572 4028 632 4076 et.
668 4013 1098 4086 familiaritate
1125 4020 1511 4089 suavitatem
1545 4032 1724 4089 tuam
1751 4023 2062 4101 adiunxit,
2097 4030 2408 4108 praeterea
2427 4028 2559 4075 sum·

572 4128 743 4171 mam
793 4129 949 4194 erga
998 4136 1069 4181 se
1120 4113 1595 4185 liberalitatemz
1649 4138 1817 4205 quae
1861 4117 2076 4186 omnia
2119 4113 2271 4183 mihi
2316 4101 2559 4178 iucunda,
