2675 4559
749 262 1307 322 EPISTOLARUM
1339 266 1445 322 [Χ.
1482 268 1568 322 21.
1587 269 1674 322 22.
2115 257 2247 326 215

191 413 320 457 esse
358 400 473 455 aut
506 389 575 454 in
610 388 837 465 verbo;
879 386 1039 453 nihil
1074 411 1213 453 esse
1249 389 1526 454 tertium.
1580 391 1648 455 in
1683 413 1752 457 re
1787 413 1917 457 non
1952 405 2068 460 est.
2099 390 2245 462 ‘ita—

190 507 303 570 que
340 506 475 550 non
506 481 700 548 modo
744 481 813 546 in
857 481 1201 548 comoediis
1238 505 1340 548 res
1385 483 1529 570 ipsa
1562 494 1882 569 narratur,
1925 499 2002 552 ut
2034 487 2141 555 ille
2175 485 2244 555 in

186 580 571 666 Demiurgot
1444 584 1452 590 ’

610 679 803 745 modo
838 678 1005 744 forte

188 849 264 860 --
296 810 469 877 nosti
506 809 855 876 canticum:
893 807 1237 876 meministi
1272 808 1582 876 Roscium
1613 847 1701 858 -—

1037 920 1129 986 ita
1162 942 1266 986 me
1302 920 1589 996 destituit
1621 921 1868 990 nudum
1914 970 1930 989 .
1955 971 1971 992 .
1993 972 2009 988 .
2031 971 2048 990 .

188 1071 267 1083 —-
298 1045 471 1100 totus
510 1044 608 1099 est
644 1053 855 1098 sermo
892 1031 1104 1098 verbis
1141 1043 1378 1110 tectae,
1423 1055 1494 1099 re
1527 1034 1970 1120 inpudentior,
2005 1073 2092 1086 -
2125 1037 2241 1104 sed

188 1129 371 1194 etiam
406 1127 475 1194 in
510 1126 894 1213 tragoediis:
932 1127 1090 1211 quid
1124 1138 1223 1192 est
1256 1128 1426 1194 enim
1461 1127 1661 1193 illud?

350 1263 518 1324 quae
554 1240 785 1305 mulier
826 1263 959 1305 una

189 1351 354 1436 quid,
389 1351 678 1439 inquam,
717 1351 853 1418 est?

865 1466 1134 1540 usurpat
1169 1455 1408 1541 duplex
1444 1456 1673 1522 cubile.

190 1557 373 1640 quid?

1550 1661 1763 1740 huius,
1798 1661 2032 1741 Pheres,

344 1753 452 1820 hic
486 1753 700 1818 cubile
735 1753 900 1820 inire
938 1764 1034 1820 est
1072 1776 1286 1819 ausus.

228 1864 331 1929 uid
367 1865 504 1930 est?

192 1885 229 1948 q
346 1966 662 2054 virginem
680 1989 785 2032 me
802 1967 1129 2051 quondum
1142 1967 1412 2032 invitam
1429 1989 1546 2053 per
1563 1968 1690 2032 vim
1711 1968 1906 2035 violat
1923 1967 2234 2056 Iuppiter.

194 2094 336 2160 bene
391 2093 677 2159 ‘violat’z
734 2093 913 2178 atqui
958 2095 1131 2160 idem
1168 2093 1516 2182 significat,
1571 2095 1685 2162 sed
1731 2095 2003 2163 alterum
2045 2121 2235 2165 nemo

192 2189 439 2255 tulisset.
522 2189 701 2254 vides
754 2189 981 2273 igitur,
1038 2211 1187 2254 cum
1234 2189 1461 2256 eadem
1513 2213 1615 2256 res
1667 2190 1777 2267 sit,
1832 2191 1986 2275 quia
2038 2193 2236 2259 verba
2271 2213 2296 2252 2

195 2303 304 2347 non
338 2283 495 2362 sint,
548 2281 707 2348 nihil
744 2283 948 2348 videri
981 2293 1187 2369 turpe.
1279 2304 1434 2370 ergo
1469 2283 1537 2348 in
1572 2307 1642 2350 re
1677 2306 1807 2350 non
1843 2297 1967 2351 est:
2031 2287 2233 2354 multo

194 2377 381 2446 minus
434 2379 503 2443 in
548 2377 782 2444 verbis.
874 2377 929 2443 si
975 2379 1174 2454 enim,
1229 2379 1405 2462 quod
1447 2377 1644 2444 verbo
1691 2379 2114 2468 significatur,
2167 2383 2236 2448 id

192 2483 356 2558 turpe
390 2493 523 2537 non
558 2484 687 2549 est,
742 2472 1045 2548 verbum,
1100 2471 1274 2556 quod
1310 2471 1654 2560 significat,
1710 2484 1894 2562 turpe
1930 2497 2071 2543 esse
2104 2497 2235 2541 non

193 2575 399 2649 potest.
491 2567 745 2631 ‘anum'
793 2565 1078 2652 appellas
1124 2566 1333 2632 alieno
1381 2569 1667 2634 nomine:
1721 2569 1874 2634 cur?
1929 2567 2074 2654 [suo
2119 2592 2235 2656 po-

192 2657 347 2746 tius.]
412 2661 467 2726 si
508 2674 696 2746 turpe
744 2671 870 2738 est,
922 2684 1003 2726 ne
1050 2661 1256 2726 alieno
1301 2662 1562 2749 quidem
1572 2687 1593 2740 3
1646 2663 1702 2728 si
1751 2684 1883 2736 non
1937 2675 2060 2741 est,
2115 2687 2232 2732 suo

193 2753 401 2836 potius.
490 2754 762 2820 caudam
800 2754 1046 2839 antiqui
1100 2755 1392 2840 ‘penem'
1446 2756 1792 2833 vocabant,
1848 2780 1928 2822 ex
1971 2778 2100 2841 quo
2136 2770 2233 2824 est

192 2859 428 2933 propter
470 2848 947 2915 similitudinem
994 2849 1358 2934 ‘penicillus
1371 2847 1409 2912 ’.
1501 2861 1566 2915 at
1610 2849 1800 2917 hodie
1847 2850 2088 2936 ‘penis’
2135 2862 2230 2918 est

193 2941 247 3004 in
284 2942 589 3009 obscenis.
680 2952 746 3008 at
789 2965 941 3009 vero
987 2943 1145 3008 Piso
1190 2943 1296 3008 ille
1331 2943 1540 3030 Frugi
1582 2943 1652 3009 in
1687 2944 2051 3016 Annalibus
2099 2946 2230 3011 suis

196 3037 484 3118 queritur,
545 3038 968 3104 adulescentis
1028 3039 1180 3125 peni
1243 3038 1493 3105 deditos
1548 3062 1707 3105 esse.
1813 3040 1988 3124 quod
2039 3053 2111 3107 tu
2163 3042 2232 3106 in

196 3130 438 3215 epistola
472 3133 758 3218 appellas
804 3155 921 3198 suo
956 3133 1246 3210 nomine,
1298 3133 1408 3199 ille
1444 3134 1672 3198 tectius
1719 3139 1978 3217 ‘penem
1989 3135 2027 3198 ’.
2119 3135 2231 3201 sed

199 3225 325 3307 quia
354 3226 568 3305 multi,
623 3227 870 3293 factum
906 3239 1003 3294 est
1050 3240 1182 3294 tam
1220 3227 1570 3293 obscenum
1607 3247 1802 3310 quam
1835 3227 1905 3290 id
1938 3229 2228 3306 verbum,

199 3339 304 3401 quo
344 3333 414 3387 tu
447 3344 604 3389 usus
642 3345 731 3388 es.
808 3323 997 3408 quid,
1053 3323 1228 3408 quod
1264 3323 1455 3408 volgo
1493 3321 1744 3398 dicitur,
1799 3327 1976 3386 ‘cum
2011 3344 2131 3388 nos
2165 3333 2229 3389 te

198 3414 485 3482 voluimus
522 3417 863 3483 convenire
875 3418 913 3495 ',
948 3441 1107 3484 num
1144 3418 1500 3484 obscenum
1535 3415 1666 3481 est?
1701 3414 1990 3492 memini,
2025 3416 2093 3480 in
2130 3439 2228 3482 se·-

198 3521 328 3575 natu
361 3511 669 3577 disertum
705 3513 1107 3578 consularem
1140 3512 1235 3576 ita
1270 3511 1513 3595 eloqui:
1569 3509 1767 3575 ‘hane
1803 3509 2058 3594 culpam
2092 3531 2230 3576 ma-

198 3599 369 3668 iorem
412 3629 496 3671 an
538 3605 717 3671 illam
763 3604 1040 3671 dicamP'
1093 3606 1304 3691 potuit
1338 3603 1718 3671 obscenius?
1769 3624 1930 3680 non,
1982 3603 2197 3686 inquis
2206 3628 2225 3682 ;

198 3717 304 3762 non
336 3699 502 3766 enim
532 3699 626 3765 ita
662 3699 876 3766 sensit.
929 3723 1060 3766 non
1095 3720 1249 3784 ergo
1285 3700 1356 3766 in
1390 3699 1586 3766 verbo
1624 3709 1748 3776 est3
1786 3696 1974 3762 docui
2009 3707 2225 3762 autem

198 3788 253 3854 in
280 3815 341 3858 re
366 3817 492 3860 non
520 3817 688 3861 essez
725 3816 1043 3880 nusquam
1077 3795 1275 3881 igitur
1303 3804 1417 3860 est.
1475 3793 1720 3859 ‘liberis
1751 3793 1903 3857 dare
1932 3791 2221 3877 operam’
2259 3809 2284 3849 ³

200 3903 367 3967 quam
414 3888 680 3956 honeste
734 3888 995 3957 dicitur!
1050 3891 1243 3956 etiam
1295 3901 1508 3976 patres
1562 3896 1792 3973 rogant
1840 3885 2032 3950 filios:
2088 3885 2223 3950 eius

202 3997 401 4062 operae
434 4007 670 4050 nomen
712 4005 843 4048 non
889 3985 1125 4050 audent
1169 3984 1401 4050 dicere.
1493 3982 1803 4050 Socraten
1837 3978 2071 4044 fidibus
2109 3979 2223 4044 do-

204 4073 311 4138 cuit
341 4077 763 4144 nobilissimus
796 4079 905 4144 fidi
913 4100 1059 4158 cen3
1095 4079 1151 4144 is
1189 4086 1208 4115 ‘
1222 4075 1517 4144 Connus’
1553 4075 1870 4144 vocitatus
1905 4084 2030 4142 est:
2066 4096 2225 4139 num
