2675 4559
756 218 1315 276 EPISTOLARUM
1348 221 1419 277 V.
1452 221 1486 272 2
1498 260 1511 275 .
2082 213 2164 277 91

74 355 84 417 ,ἱ
173 346 445 433 profectus
480 367 573 421 es,
618 343 807 409 velim
842 343 1173 407 recordere
1186 391 1204 419 ,
1252 365 1418 427 quae
1454 366 1577 431 ego
1612 344 1695 411 de
1729 356 1793 411 te
1837 346 1905 411 in
1940 359 2167 413 senatu

173 441 395 527 egerim,
427 460 588 524 quae
629 438 695 502 in
729 436 1130 502 contionibus
1167 436 1435 502 dixerim
1449 485 1467 515 ,
1510 458 1671 521 quas
1708 441 1792 505 ad
1826 452 1890 505 te
1924 442 2166 507 litteras

171 534 428 599 miserim:
488 553 651 615 quae
701 552 852 596 cum
905 530 1121 595 omnia
1173 531 1534 616 collegeris,
1590 543 1729 599 tum
1780 534 1920 624 ipse
1972 537 2165 601 velim

169 628 383 700 iudices,
412 627 638 691 satisne
665 625 957 691 videatur
983 624 1083 690 his
1112 624 1409 690 omnibus
1434 627 1627 692 rebus
1654 638 1803 693 tuus
1830 630 2163 707 adventus,

72 749 76 757 ¹
169 744 282 787 cum
309 719 582 807 proxime
615 720 891 785 Romam
927 718 1188 795 venisti,
1227 729 1448 786 mutue
1481 722 1901 806 respondisse.
1989 725 2163 807 quod

170 814 345 880 scribis
377 814 454 880 de
493 814 899 879 reconciliata
938 815 1146 899 qratia
1189 822 1435 890 nostra,
1490 835 1619 880 non
1662 815 1965 903 intellego
1977 865 1995 895 ‚
2052 839 2165 882 cur

167 907 580 974 reconciliatam
621 930 762 973 esse
808 907 1013 984 dicas,
1061 928 1227 990 quae
1269 929 1622 991 numquam
1667 910 2003 977 imminuta
2046 923 2161 978 est.

169 1002 301 1087 quod
336 1003 549 1068 scribis
591 1024 722 1067 non
768 1002 1122 1087 oportuisse
1156 1002 1497 1068 Metellum
1541 1004 1803 1070 fratrem
1850 1016 2031 1070 tuum
2077 1006 2161 1070 ob

169 1099 355 1162 dictum
396 1119 434 1162 a
475 1120 578 1161 me
625 1096 1012 1182 oppugnari,
1064 1096 1345 1181 primum
1398 1095 1520 1161 hoc
1572 1098 1764 1163 velim
1818 1099 2161 1175 existimes,

170 1191 394 1255 animum
433 1189 590 1255 mihi
635 1192 830 1255 istum
877 1197 1061 1254 tuur‘n
1095 1190 1505 1257 vehementer
1546 1192 1803 1277 probari
1840 1203 1903 1257 et
1936 1192 2164 1258 frater-

167 1307 278 1347 nam
307 1284 546 1369 plenam
593 1284 1004 1348 humanitatis
1041 1305 1117 1348 ac
1151 1284 1404 1369 pietatis
1439 1285 1862 1364 voluntatem3
1910 1286 2160 1363 deinde,

167 1377 205 1441 si
229 1399 334 1461 qua
366 1400 481 1464 ego
513 1379 584 1442 in
629 1400 698 1443 re
733 1377 914 1442 fratri
958 1388 1069 1441 tuo
1104 1378 1196 1443 rei
1240 1378 1537 1464 publicae
1572 1399 1769 1445 causa
1801 1380 2160 1458 restiterim,

70 1473 79 1528 ἱ
164 1484 216 1537 ut
254 1473 387 1538 mihi
433 1474 762 1560 ignoscas3
818 1485 948 1539 tam
993 1473 1161 1538 enim
1216 1496 1362 1537 sum
1407 1474 1648 1541 amicus
1695 1475 1790 1540 rei
1841 1476 2158 1562 publicae,

70 1566 73 1647 ζ
165 1587 313 1649 quam
350 1569 455 1653 qui
505 1567 814 1643 maxime3
867 1567 920 1632 si
961 1587 1114 1632 vero
1158 1590 1370 1632 meam
1413 1569 1684 1634 salutem
1729 1561 1949 1633 contra
1990 1569 2160 1634 illius

163 1660 413 1745 impetum
455 1662 523 1727 in
568 1684 678 1727 me
713 1657 1220 1727 crudelissimum
1264 1660 1689 1738 defenderim,
1733 1664 1888 1728 satis
1921 1663 2159 1728 habeas

163 1753 281 1818 nihil
322 1778 418 1821 me
468 1756 667 1822 etiam
728 1767 941 1819 tecum
995 1755 1075 1819 de
1128 1754 1223 1818 tui
1274 1754 1490 1818 fratris
1542 1755 1776 1819 iniuria
1825 1756 2158 1838 conqueri:

165 1868 308 1929 quem
340 1872 452 1936 ego
486 1871 642 1915 cum
676 1850 1128 1934 comperissem
1155 1869 1411 1913 omnem
1448 1847 1548 1913 sui
1582 1849 1945 1913 tribunatus
1971 1871 2162 1917 cona-

163 1951 264 2005 tum
290 1942 350 2006 in
379 1966 590 2009 meam
626 1943 972 2027 perniciem
1004 1964 1234 2028 parare
1270 1953 1464 2026 atque
1499 1942 1823 2020 meditari,
1872 1943 1978 2029 egi
2013 1965 2162 2008 cum

165 2014 409 2113 Claudia,
450 2057 658 2102 uxore
691 2048 832 2114 tua,
882 2047 946 2101 et
979 2057 1125 2103 cum
1173 2047 1387 2101 vestra
1422 2057 1635 2101 sorore
1669 2037 1924 2115 Mucia,
1979 2037 2160 2102 cuius

164 2148 280 2214 erga
313 2154 406 2197 me
448 2132 736 2198 studium
780 2152 895 2217 pro
934 2128 1056 2197 Cn.
1092 2130 1388 2216 Pompeii
1431 2131 1897 2197 necessitudine
1942 2132 2157 2196 multis

162 2220 210 2284 in
235 2224 397 2290 rebus
429 2247 904 2311 perspexeram,
941 2236 1012 2288 ut
1046 2246 1193 2289 eum
1233 2225 1318 2289 ab
1351 2224 1513 2289 illa
1494 2224 1726 2290 miuria
1752 2226 2157 2291 deterrerent.

164 2318 306 2428 atqui·
323 2319 447 2397 ille,
483 2319 664 2404 quod
698 2329 762 2384 te
797 2318 1051 2383 audisse
1087 2329 1258 2383 certo
1293 2321 1445 2395 sci0‚
1482 2340 1577 2404 pr.
1614 2320 1767 2384 Kal.
1805 2319 2158 2398 Ianuarias,

163 2428 257 2490 qua
290 2411 503 2480 iniuria
534 2435 730 2478 nemo
765 2434 1073 2496 umquam
1116 2413 1185 2477 in
1219 2411 1483 2478 minimo
1519 2415 1898 2500 magistratu
1942 2416 2160 2501 inpro-
2265 2412 2268 2417 ’

163 2501 402 2572 bissimus
437 2509 598 2574 civis
635 2506 925 2572 adfectus
953 2518 1069 2583 est,
1108 2529 1185 2573 ea
1212 2530 1316 2572 me
1345 2508 1672 2573 consulem
1708 2508 1963 2586 adfecit,
2012 2531 2159 2575 cum

160 2618 260 2661 rem
288 2603 600 2686 publicam
632 2624 1139 2679 conservassem,
1177 2614 1369 2686 atque
1404 2602 1747 2668 abeuntem
1780 2604 2159 2688 magistratu

162 2694 415 2761 contionis
446 2697 784 2763 habendae
818 2707 1132 2782 potestate
1166 2696 1470 2782 privavit3
1522 2697 1702 2761 cuius
1738 2696 1969 2760 iniuria
2003 2697 2158 2761 mihi

161 2794 326 2854 tamen
356 2792 578 2858 honori
617 2812 866 2858 summo
899 2791 1051 2856 fuit:
1099 2814 1281 2869 nam,
1328 2812 1478 2855 cum
1511 2791 1618 2856 ille
1652 2790 1808 2854 mihi
1843 2790 2001 2854 nihil
2037 2790 2159 2855 nisi

162 2881 259 2942 ut
243 2905 490 2951 lurarem
533 2886 960 2985 permitteret,
1014 2908 1253 2971 magna
1296 2906 1455 2951 voce
1500 2885 1708 2950 iuravi
1759 2884 2159 2951 verissimum

162 2971 778 3065 pulcherrimumque
760 3003 859 3045 1us
892 2980 1236 3045 iurandum
1250 3027 1268 3057 ,
1314 2980 1489 3064 quod
1521 2981 1799 3067 populus
1834 2980 1988 3046 item
2024 3003 2160 3045 ma-

161 3087 256 3150 gna
284 3094 427 3140 voce
468 3099 574 3141 me
611 3098 760 3140 vere
805 3075 1051 3141 iurasse
1093 3075 1348 3140 iuravit.
1436 3074 1560 3139 hac
1595 3085 1860 3160 accepta
1895 3085 2027 3139 tam
2061 3074 2159 3139 in-
2204 3153 2206 3156 Ι

160 3160 287 3245 Signi
315 3167 565 3246 iniuria,
602 3181 818 3235 tamen
851 3167 1015 3233 illo
997 3191 1137 3255 rpso
1173 3170 1276 3234 die
1311 3168 1456 3233 misi
1495 3168 1577 3232 ad
1611 3168 1951 3233 Metellum
1988 3190 2160 3233 com-

160 3259 323 3323 munis
355 3262 617 3341 amicos,
654 3264 766 3348 qui
800 3274 1068 3349 agerent
1101 3285 1248 3328 cum
1285 3284 1393 3338 e0,
1432 3272 1505 3325 ut
1540 3261 1621 3326 de
1655 3261 1766 3324 illa
1800 3271 2012 3325 mente
2048 3261 2159 3326 de·-

162 3346 384 3432 eisteten
433 3358 668 3441 quibus
719 3358 826 3424 ille
875 3357 1204 3444 respondit
1257 3356 1379 3421 sibi
1432 3376 1562 3419 non
1616 3375 1755 3419 esse
1808 3353 2158 3439 integrum.

162 3447 346 3512 etenim
393 3452 583 3537 paulo
627 3463 776 3517 ante
825 3452 893 3516 in
946 3453 1241 3517 contione
1293 3451 1542 3516 dixerat
1594 3449 1681 3526 ei,
1736 3448 1847 3533 qui
1890 3447 1958 3511 in
2004 3448 2160 3512 alios

162 3537 395 3607 animum
421 3546 796 3612 advertisset
820 3546 1062 3611 indicta
1088 3568 1302 3624 causa,
1342 3544 1646 3611 dicendi‘
1627 3544 1750 3631 ipsi
1780 3552 2161 3630 potestatem

161 3626 265 3695 fieri
291 3658 411 3703 non
443 3652 750 3725 oportere.
803 3639 1125 3707 hominem
1160 3663 1425 3726 gravem
1460 3650 1525 3706 et
1558 3640 1763 3706 civem
1800 3636 2158 3724 egregiuml

161 3740 267 3803 ‘1¹1¹
303 3750 422 3813 qua
462 3755 668 3846 poena
711 3747 970 3801 senatus
1017 3756 1331 3801 consensu
1375 3736 1689 3799 bonorum
1726 3732 2011 3799 omnium
2048 3751 2159 3795 eos

163 3816 464 3905 ῧᾶἷθοθιαι,
509 3832 616 3913 qui
658 3830 886 3896 urbem
929 3831 1269 3897 incendere
1305 3841 1369 3896 et
1415 3829 1827 3915 magistratus
1864 3847 1939 3890 ac
1977 3846 2163 3889 sena-

165 3917 268 3978 t¹1111
296 3922 616 4002 trucidare,
651 3925 893 3991 bellum
926 3925 1278 3991 maximum
1313 3924 1591 3989 conflare
1626 3922 2005 3995 voluissent,
2053 3941 2163 3984 ea-

167 4000 278 4072 dem
323 4013 574 4101 dignum
620 4019 934 4086 iudicaret
978 4041 1156 4098 eum,
1211 4019 1323 4103 qui
1365 4017 1610 4083 curiam
1655 4016 1881 4092 caede,
1939 4014 2163 4079 urbem
2240 4028 2243 4034 ·
