2675 4559
813 306 1370 366 EPISTOLARUM
1405 309 1472 368 v.
1509 311 1595 366 20.
1616 311 1702 368 21.
2152 302 2278 371 115

210 433 389 512 ἀει-ῖς
444 441 671 519 postea
720 431 951 498 certior
994 455 1136 498 sum
1190 432 1399 497 faetus
1453 433 1711 520 triginta
1762 431 1991 502 diebus
2041 439 2273 506 deferri

214 549 487 594 neeesse
532 549 700 603 esse,
752 525 989 610 quibus
1026 526 1305 591 rationes
1349 527 1724 602 retulissem.
1811 551 1966 596 sane
2009 533 2272 599 moleste

214 621 337 686 tuli
391 642 527 686 non
578 620 691 685 illa
738 620 1052 686 beneficia
1101 630 1251 685 tuae
1301 621 1516 706 potius
1568 623 1900 688 ambitioni
1949 637 2272 692 reservata

214 738 363 782 esse
397 735 599 800 quam
630 733 843 791 meae,
886 713 1000 797 qui
1034 713 1380 778 ambitione
1413 711 1571 778 nihil
1611 726 1844 782 uterer.
1933 717 2016 783 de
2051 730 2271 785 eentu-

218 809 513 874 rionibus
547 819 763 874 tamen
796 818 861 874 et
900 807 981 872 de
997 805 1416 880 'tribunorum
1449 808 1817 874 militarium
1851 812 2274 879 contuberna-

218 901 389 967 libus
424 925 533 969 res
563 912 666 968 est
696 901 765 966 in
796 901 1049 988 integro
1056 925 1076 979 3
1110 923 1317 988 genus
1353 902 1524 968 enim
1558 902 1787 968 horum
1819 904 2268 972 beneficiorum
2313 956 2324 964 .

219 997 559 1064 definitum
606 997 751 1084 lege
793 1017 926 1062 non
969 1008 1124 1062 erat.
1210 993 1530 1082 reliquum
1577 1010 1677 1064 est
1717 997 1800 1064 de
1835 998 1978 1067 HS.
2015 1013 2272 1068 eentum
2304 1021 2332 1061 s

222 1091 503 1169 milibus,
542 1091 625 1157 de
653 1090 887 1176 quibus
922 1091 1183 1156 memini
1216 1091 1375 1156 mihi
1399 1115 1441 1157 a
1474 1103 1536 1158 te
1562 1091 1828 1178 Myrina
1857 1093 2096 1159 litteras
2131 1117 2272 1161 esse

221 1187 491 1263 adlatas,
527 1207 658 1250 non
686 1184 813 1250 mei
838 1185 1048 1262 errati,
1084 1184 1199 1250 sed
1232 1185 1356 1250 tui:
1390 1185 1460 1251 in
1485 1207 1614 1270 quo
1649 1199 1986 1271 peecatum
2011 1188 2276 1255 videba-

220 1291 329 1344 tur
360 1303 535 1357 esse,
572 1280 628 1344 si
661 1279 852 1344 modo
886 1289 1052 1355 erat,
1089 1278 1303 1344 fratris
1339 1280 1435 1344 tui
1469 1292 1536 1346 et
1569 1280 1785 1345 Tullii.
1873 1280 1987 1347 sed
2024 1304 2172 1347 eum
2203 1283 2273 1346 id

218 1373 458 1460 corrigi
491 1395 623 1438 non
656 1383 891 1458 posset,
926 1371 1101 1456 quod
1134 1373 1263 1437 iam
1290 1371 1594 1459 depositis
1627 1375 1982 1440 rationibus
2009 1396 2090 1441 ex
2125 1397 2274 1462 pro-

224 1468 439 1534 vincia
462 1465 972 1542 deoessissemus,
1007 1467 1199 1532 oredo
1214 1489 1319 1532 me
1347 1467 1606 1550 quidem
1632 1469 1748 1532 tibi
1775 1491 1893 1554 pro
1921 1469 2118 1534 animi
2145 1470 2272 1535 mei

221 1561 553 1628 voluntate
584 1579 831 1647 proque
865 1581 943 1625 ea
976 1579 1091 1646 spe
1124 1559 1533 1637 facultatum,
1580 1583 1774 1644 quam
1818 1574 1958 1627 tum
1991 1562 2272 1628 habeba-

224 1677 399 1732 mus,
446 1675 643 1738 quam
676 1653 1131 1719 humanissime
1165 1655 1512 1739 potuerim,
1548 1655 1944 1740 rescripsisse
1956 1679 1975 1732 ς
2011 1656 2126 1720 sed
2159 1677 2274 1720 ne-

221 1770 349 1832 que
400 1757 545 1812 tum
592 1769 696 1812 me
747 1746 1139 1812 humanitate
1188 1747 1544 1812 litterarum
1587 1769 1875 1812 mearum
1918 1748 2272 1833 obligatum

225 1851 381 1928 puto
413 1861 625 1924 neque
660 1861 763 1905 me
797 1850 975 1904 tuam
1007 1840 1197 1905 hodie
1233 1841 1569 1926 epistolam
1603 1840 1685 1905 de
1711 1837 1856 1906 HS.
1893 1850 2148 1906 centum
2183 1841 2273 1904 sio

224 1934 569 2020 accepisse,
604 1944 676 1997 ut
706 1933 753 1998 ii
788 1933 1127 2018 accipiunt,
1160 1933 1400 2016 quibus
1429 1934 1733 2019 epistolae
1767 1955 1884 2018 per
1917 1932 2078 1998 haee
2112 1944 2274 1999 tem-

226 2047 383 2114 pora
444 2028 749 2092 molestae
800 2037 968 2093 sunt.
1076 2027 1263 2092 simul
1324 2023 1486 2093 illud
1537 2027 1818 2113 cogitare
1882 2027 2110 2106 debes,
2170 2047 2274 2092 me
2308 2047 2333 2086 9

227 2143 481 2187 omnem
515 2120 873 2206 pecuniam,
908 2141 1075 2204 quae
1100 2121 1185 2186 ad
1217 2143 1321 2186 me
1351 2119 1544 2186 salvis
1576 2121 1828 2206 legibus
1862 2120 2272 2206 pervenisset,

228 2215 473 2302 Ephesi
508 2215 681 2299 apud
724 2215 1097 2300 publicanos
1141 2214 1538 2300 deposuisse3
1585 2215 1651 2278 id
1694 2214 1894 2281 fuisse
1927 2213 2070 2280 HS.
2105 2236 2272 2291 xxm,

228 2331 371 2374 eam
406 2329 663 2374 omnem
696 2309 1035 2394 pecuniam
1070 2309 1454 2398 Pompeium
1498 2309 1855 2374 abstulisse.
1939 2309 2118 2392 quod
2153 2329 2276 2394 ego

224 2403 360 2467 sive
403 2421 611 2486 aequo
658 2401 873 2466 animo
916 2402 1050 2466 sive
1092 2401 1313 2486 iniquo
1355 2401 1524 2480 fei-0,
1575 2413 1648 2466 tu
1701 2403 1782 2468 de
1828 2401 1971 2469 HS.
2017 2415 2274 2470 eentum

222 2517 433 2579 aequo
486 2496 701 2559 animo
744 2495 911 2560 ferre
955 2496 1151 2561 debes
1194 2505 1259 2561 et
1302 2497 1664 2562 existimare
1709 2517 1786 2561 eo
1827 2495 2037 2560 minus
2084 2496 2167 2561 ad
2211 2505 2274 2562 te

227 2589 328 2654 vel
371 2589 457 2654 de
508 2589 636 2654 tuis
688 2587 940 2654 cibariis
986 2590 1090 2655 vel
1143 2591 1224 2655 de
1274 2611 1420 2654 mea
1462 2589 1837 2656 liberalitate
1889 2589 2272 2674 pervenisse.

222 2684 399 2769 quod
444 2684 503 2749 si
544 2683 703 2748 mihi
747 2706 1027 2770 expensa
1070 2685 1195 2750 ista
1228 2683 1373 2750 HS.
1409 2695 1668 2750 eentum
1715 2683 1964 2748 tulisses
1977 2730 1995 2759 ,
2039 2693 2274 2758 tamen,

221 2799 391 2862 quae
438 2787 553 2842 tua
596 2789 696 2842 est
736 2779 1017 2843 suavitas
1063 2778 1302 2862 quique
1333 2779 1405 2842 in
1450 2800 1554 2842 me
1600 2799 1778 2842 amor
1792 2825 1809 2853 ,
1862 2775 2062 2841 nolles
2099 2799 2138 2840 a
2171 2798 2276 2842 me

224 2870 347 2937 hoe
390 2882 678 2956 tempore
722 2871 1225 2936 aestimationem
1270 2871 1556 2956 accipere
1568 2893 1586 2947 3
1639 2891 1788 2934 nam
1801 2917 1818 2947 ,
1871 2881 2275 2935 numeratum

222 2966 279 3030 si
310 2985 649 3051 euperem,
701 2985 830 3030 non
865 2963 1020 3030 era‘t.
1101 2965 1214 3030 sed
1249 2965 1410 3030 haee
1445 2965 1725 3029 iocatum
1757 2984 1862 3028 me
1895 2973 2149 3049 putatO,
2199 2974 2276 3028 ut

223 3081 347 3145 ego
388 3069 457 3124 te
498 3057 823 3135 existim03
874 3079 997 3144 ego
1042 3070 1253 3124 tamen
1266 3106 1284 3135 ,
1340 3079 1487 3124 oum
1523 3057 1775 3122 Tullius
1809 3079 1957 3123 rure
2000 3057 2274 3133 redierit,

222 3151 473 3217 mittam
500 3173 653 3218 eum
676 3151 763 3216 ad
788 3162 875 3230 te,
900 3153 956 3216 si
984 3152 1139 3236 quid
1168 3151 1251 3216 ad
1276 3174 1414 3216 rem
1438 3150 1696 3236 putabis
1723 3149 2056 3234 pertinere.
2110 3150 2275 3216 hane

218 3244 561 3331 epistolam
595 3265 715 3313 our
743 3267 875 3310 non
908 3245 1111 3310 scindi
1144 3245 1357 3321 velim,
1393 3265 1590 3310 eausa
1623 3243 1800 3307 nulla
1835 3252 1950 3307 est.

1174 3479 1337 3534 XXI.

897 3580 1013 3636 Ser.
1033 3579 1246 3636 Romae
1267 3599 1317 3636 a.
1336 3599 1393 3634 u.
1413 3597 1463 3634 e.
1484 3579 1584 3635 707

697 3683 773 3736 Μ.
810 3681 1083 3738 CICERO
1121 3681 1177 3739 S.
1213 3681 1285 3737 D.
1322 3682 1391 3736 L.
1430 3681 1812 3738 MESCINIO.

350 3804 599 3872 Gratae
634 3803 791 3868 mihi
816 3816 967 3870 tuae
999 3804 1245 3869 litterae
1270 3803 1551 3881 fuerunt,
1589 3825 1672 3869 ex
1698 3803 1931 3887 quibus
1968 3798 2271 3876 intellexi,
2313 3821 2334 3858 1

173 3927 179 3934 ·
216 3899 397 3983 quod
432 3899 628 3964 etiam
673 3899 809 3963 sine
850 3898 1077 3962 litteris
1112 3898 1496 3974 arbitrabar,
1542 3908 1606 3962 te
1641 3917 1892 3960 summa
1925 3893 2275 3979 eupiditate

220 3991 553 4058 adfectum
580 4013 721 4058 esse
748 3991 1007 4059 videndi
1040 3991 1195 4056 mei:
1231 3990 1406 4075 quod
1433 4011 1556 4075 ego
1591 3989 1682 4053 ita
1716 3987 1985 4053 libenter
2010 3988 2277 4074 aooipio,

222 4095 299 4148 ut
332 4087 559 4152 ‘tamen
601 4085 721 4150 tibi
762 4106 895 4162 non
938 4084 1314 4162 eoneedam;
1361 4105 1512 4149 nam
1550 4093 1758 4148 teeum
1795 4101 1932 4148 esse
1945 4129 1962 4159 ,
1997 4083 2087 4148 ita
2121 4082 2278 4148 mihi

1869 4181 1939 4238 82
