2675 4559
752 194 1311 291 EPISTOLARUM
1344 233 1449 289 ιιι.
1486 234 1536 288 8.
1558 234 1610 288 9.
2130 222 2216 289 59

143 358 220 424 de
255 354 524 423 Parthis
560 354 739 440 quod
775 355 1056 439 quaeriS,
1106 354 1304 421 fuisse
1339 356 1550 423 nullos
1584 366 1773 442 put03
1809 356 2063 423 Arabes
2101 359 2213 441 qui

141 454 408 519 fuerunt
441 449 731 517 admixto
764 448 1070 515 Parthico
1107 460 1364 526 ornatu,
1409 448 1707 517 dicuntur
1741 472 1962 517 omnes
1997 474 2213 517 rever-
2246 516 2250 519 .

141 548 321 625 tisse3
370 546 626 612 hostem
671 567 812 610 esse
855 545 921 609 in
961 544 1153 629 Syria
1195 555 1437 631 negant
1481 545 1703 611 ullum.
1791 556 1865 613 tu
1899 544 2093 613 velim
2125 546 2213 612 ad

142 664 242 707 me
277 661 482 725 quam
516 638 893 723 saepissime
929 648 994 706 et
1033 639 1118 703 de
1151 638 1280 706 tuis
1324 638 1518 708 rebus
1555 638 1797 705 scribas
1834 651 1899 707 et
1935 640 2015 706 de
2050 640 2210 705 meis

142 748 204 803 et
235 734 319 801 de
367 731 548 799 omni
591 733 687 801 rei
729 733 1028 819 publicas
1071 743 1270 811 statu,
1315 734 1401 801 de
1442 754 1573 817 quo
1608 756 1753 799 sum
1794 734 2099 801 sollicitus
2136 756 2211 801 eo

142 830 378 938 magis,
423 829 608 913 quod
643 850 725 898 ex
758 830 884 895 tuis
927 829 1152 897 litteris
1188 830 1466 915 cognovi
1497 828 1885 915 Pompeium
1918 841 2210 896 nostrum

143 923 207 989 in
239 924 638 1011 Hispaniam
670 923 929 991 iturum.

1261 1038 1306 1071 d

1127 1160 1233 1214 IX.

505 1260 622 1317 Ser.
643 1262 963 1322 Laodiceae
981 1280 1172 1318 mense
1190 1262 1501 1317 Februario
1523 1280 1573 1320 a.
1594 1280 1649 1317 u.
1671 1280 1718 1317 c.
1740 1262 1857 1319 704.

650 1366 730 1419 M.
769 1363 1047 1420 CICERO
1084 1364 1205 1419 ΑΡ.
1243 1364 1612 1421 PULCHRO
1652 1364 1707 1422 S.

267 1488 408 1555 Vix
442 1486 707 1553 tandem
741 1486 872 1573 legi
911 1487 1156 1553 litteras
1203 1488 1431 1574 dignas
1468 1490 1599 1574 Ap.
1640 1486 1943 1565 Claudio,
1986 1489 2209 1575 plenas

143 1582 590 1659 humanitatis,
631 1580 861 1661 officii,
917 1582 1302 1669 diligentiae.
1369 1593 1667 1668 aspectus
1702 1584 1999 1649 videlicet
2030 1584 2207 1650 urbis

145 1676 258 1742 tibi
300 1686 488 1745 tuam
529 1675 863 1761 pristinam
905 1676 1336 1744 urbanitatem
1379 1676 1683 1743 reddidit:
1728 1700 1879 1741 nam
1922 1698 2085 1759 quas
2130 1701 2210 1743 ex

144 1771 368 1839 itinere
424 1780 574 1837 ante
627 1784 844 1854 quam·
873 1793 956 1837 ex
999 1770 1165 1837 Asia
1215 1792 1514 1856 egressus
1568 1793 1637 1835 es
1684 1770 1767 1838 ad
1812 1793 1916 1835 me
1966 1770 2208 1837 litteras

143 1864 392 1943 misisti,
429 1886 594 1931 unas
629 1864 711 1931 de
745 1864 972 1951 legatis
1010 1888 1050 1933 a
1085 1886 1189 1931 me
1223 1864 1559 1950 prohibitis
1594 1862 1944 1949 proficisci,
1978 1865 2209 1931 alteras

144 1960 218 2024 de
263 1958 724 2044 Appianorum
769 1959 1208 2026 aedificatione
1249 1959 1587 2045 impedita,
1627 1960 1771 2047 legi
1824 1960 2208 2046 perinvitus3

140 2054 358 2137 itaque
425 2053 816 2119 conscientia
873 2076 1055 2121 meae
1118 2054 1466 2121 constantis
1530 2076 1685 2139 erga
1747 2063 1810 2119 te
1863 2053 2207 2121 voluntatis

139 2146 441 2233 rescripsi
475 2146 594 2211 tibi
628 2147 971 2213 subiratus.
1057 2148 1136 2216 iis
1173 2171 1323 2215 vero
1359 2148 1583 2215 litteris
1616 2149 1818 2227 lectis,
1854 2170 2017 2232 quas
2050 2147 2210 2217 Phi-

14 2318 17 2331 ¹
139 2242 362 2307 lotimo
411 2240 640 2308 liberto
685 2264 831 2308 meo
878 2242 1138 2319 dedisti,
1191 2244 1469 2329 cognovi
1502 2244 1913 2328 intellexique
1956 2243 2025 2310 in
2060 2266 2209 2331 pro-

139 2336 352 2401 vincia
389 2336 625 2409 multos
660 2336 880 2414 fuisse,
921 2337 1032 2420 qui
1058 2359 1197 2413 nos,
1235 2359 1365 2420 quo
1394 2338 1605 2405 animo
1632 2338 1797 2403 inter
1821 2359 1939 2403 nos
1965 2360 2209 2415 sumne,

142 2453 280 2497 esse
323 2429 602 2507 nollent3
655 2430 740 2495 ad
787 2431 1012 2496 urbem
1058 2452 1210 2497 vero
1247 2442 1320 2497 ut
1364 2432 1704 2505 accesseris
1740 2433 1843 2498 vel
1888 2432 2099 2518 potius
2136 2442 2211 2498 ut

139 2526 424 2609 primum
459 2535 603 2589 tuos
632 2523 890 2602 videris,
925 2546 1238 2611 cognosse
1273 2536 1336 2590 te
1365 2547 1446 2590 ex
1479 2526 1579 2603 iis,
1614 2548 1747 2609 qua
1778 2526 1845 2591 in
1881 2537 1945 2593 te
1981 2527 2210 2590 absen-

141 2630 270 2685 tem
303 2618 468 2696 fide,
514 2639 642 2702 qua
683 2619 752 2683 in
788 2620 1084 2685 omnibus
1131 2620 1359 2688 officiis
1405 2620 1657 2686 tuendis
1694 2642 1849 2704 erga
1894 2630 1958 2685 te
1993 2620 2211 2683 obser-

143 2714 362 2779 vantia
417 2724 483 2777 et
533 2713 890 2779 constantia
949 2714 1232 2783 fuissem.
1339 2714 1559 2797 itaque
1611 2712 1837 2797 quanti
1894 2712 2055 2776 illud
2105 2734 2211 2775 me

145 2806 486 2875 aestimare
519 2818 729 2892 putas,
767 2808 942 2890 quod
969 2819 1067 2873 est
1101 2809 1169 2873 in
1193 2810 1320 2875 tuis
1355 2807 1580 2873 litteris
1608 2807 1935 2893 scriptum,
1973 2806 2029 2869 si
2054 2804 2211 2888 quid

143 2901 468 2979 inciderit,
521 2901 698 2984 quod
743 2902 828 2965 ad
870 2924 1087 2967 meam
1123 2902 1498 2989 dignitatem
1543 2901 1890 2988 pertineat,
1944 2900 2062 2967 etsi
2098 2899 2209 2965 vix

143 2996 279 3062 fieri
313 2994 551 3081 possit,
589 3007 804 3062 tamen
839 3008 903 3062 te
938 3020 1158 3083 parem
1194 2998 1354 3063 mihi
1390 2998 1664 3083 gratiam
1698 2998 2067 3065 relaturum.
2138 3008 2211 3061 tu

143 3114 298 3158 vero
342 3089 537 3156 facile
582 3090 779 3165 facies
789 3116 810 3168 3
864 3092 1024 3156 nihil
1071 3104 1170 3157 est
1203 3092 1405 3167 enim,
1462 3094 1635 3176 quod
1670 3092 1879 3156 studio
1914 3102 1980 3157 et
2014 3092 2211 3156 bene-

143 3183 428 3251 volentia
461 3186 566 3251 vel
609 3206 825 3251 amore
869 3187 1084 3273 potius
1120 3186 1291 3252 effici
1325 3207 1457 3249 non
1491 3187 1711 3271 possit.
1800 3208 1953 3271 ego,
1993 3184 2111 3250 etsi
2146 3196 2210 3249 et

142 3281 282 3365 ipse
324 3278 422 3343 ita
465 3277 828 3345 iudicabam
874 3291 939 3345 et
982 3279 1219 3344 fiebam
1265 3278 1488 3343 crebro
1526 3302 1565 3343 a
1608 3278 1767 3343 meis
1812 3300 1928 3363 per
1968 3278 2211 3341 litteras

143 3374 399 3449 certior,
435 3384 651 3438 tamen
687 3374 1035 3439 maximam
1067 3372 1379 3439 laetitiam
1416 3372 1557 3459 cepi
1592 3396 1673 3439 ex
1708 3373 1835 3437 tuis
1868 3370 2091 3437 litteris
2131 3371 2211 3435 de

146 3490 258 3553 spe
292 3465 560 3533 minime
595 3468 794 3535 dubia
822 3480 886 3537 et
919 3469 1109 3555 plane
1137 3469 1470 3555 explorata
1504 3465 1810 3552 triumphi
1844 3464 1966 3543 tui3
2000 3486 2213 3549 neque

147 3583 297 3627 vero
345 3561 434 3625 ob
477 3584 620 3628 eam
665 3584 957 3641 oausam,
1009 3584 1138 3648 quo
1183 3563 1330 3649 ipse
1375 3561 1626 3629 facilius
1672 3582 2094 3645 consequerer
2125 3594 2215 3605 -—

143 3680 298 3721 nam
331 3655 405 3721 id
440 3656 700 3741 quidem
729 3652 1176 3744 Ἐπικούρειον
1213 3669 1310 3723 est
1325 3694 1433 3736 ——-‚
1472 3658 1585 3724 sed
1620 3656 2002 3731 mehercule,
2038 3653 2214 3739 quod

146 3764 258 3822 tua
294 3751 580 3839 dignitas
624 3763 818 3836 atque
864 3752 1218 3838 amplitudo
1261 3752 1418 3819 mihi
1463 3764 1563 3819 est
1604 3752 1747 3837 ipsa
1782 3773 1931 3819 cara
1973 3768 2089 3833 per
2123 3767 2213 3813 se·

145 3868 276 3931 qua
311 3868 386 3913 re
420 3847 726 3931 quoniam
770 3848 972 3933 pluris
1006 3860 1078 3913 tu
1112 3847 1312 3915 habes
1350 3870 1546 3931 quam
1581 3846 1805 3922 ceteri,
1850 3865 2012 3929 quos
2048 3840 2213 3905 scias

149 3942 214 4007 in
249 3942 422 4010 hano
447 3942 845 4026 provinciam
880 3941 1214 4029 proficisci,
1250 3941 1427 4027 quod
1454 3952 1517 4009 te
1545 3940 1784 4007 adeunt
1808 3938 1943 4003 fere
1974 3957 2213 4011 omnes,

149 4038 200 4103 si
235 4037 400 4122 quid
436 4037 628 4117 velis,
669 4037 1107 4124 gratissimum
1141 4036 1300 4103 mihi
1343 4034 1594 4114 feceris,
1640 4033 1693 4099 si
1730 4031 1814 4099 ad
1846 4052 1981 4108 me,
2024 4029 2214 4120 simul
