2675 4559
738 232 1295 291 EPISTOLARUM
1327 236 1489 293 XVI.
1525 237 1751 292 21—25.
2156 228 2281 291 413

217 372 458 439 noster,
496 358 649 444 quia
683 356 1009 444 quondam
1043 380 1148 424 me
1184 359 1572 426 commoveri
1607 385 1844 427 πανικῡ
1856 375 1912 439 ῖς
1951 363 2277 439 intellexit,

217 459 389 523 idem
427 478 682 542 semper
714 466 902 541 putat
934 476 1055 521 nec
1088 454 1295 533 videt,
1342 456 1576 540 quibus
1621 459 1952 543 praesidiis
2000 459 2278 543 philost]—

218 551 485 637 sophiae
528 562 788 635 saeptus
833 548 954 614 sim
966 574 984 626 3
1039 559 1105 615 et
1149 549 1393 626 hercle,
1445 551 1620 634 quod
1672 550 1928 616 timidus
1976 555 2112 639 ipse
2160 568 2277 631 est,

216 650 692 733 θορυβοποιεῖ.
784 665 907 729 ego
942 655 1160 709 tamen
1194 643 1465 709 Antonii
1508 645 1924 711 inveteratam
1976 651 2108 715 sine.
2148 651 2277 715 ulla

216 739 575 806 offensione
628 738 972 804 amicitiam
1023 738 1298 803 retinere
1352 761 1505 804 sane
1549 740 1695 804 volo
1741 743 2140 827 scribamque
2196 744 2277 807 ad

216 858 390 911 eum,
430 834 543 900 sed
579 853 710 898 non
745 843 916 909 ante,
951 851 1148 915 quam
1182 843 1246 899 te
1281 832 1522 898 videro.
1576 856 1695 900 nec
1731 845 1940 899 tamen
1984 852 2044 899 te
2084 859 2281 903 avoco

217 954 256 995 a
293 927 697 1015 syngrapha3
748 926 902 1013 γόνυ
948 925 1208 1013 κνήμης.
1299 947 1441 993 cras
1487 938 1788 1015 exspecto
1832 927 2140 1015 Leptam,
2200 931 2281 995 ad

215 1025 406 1091 cuius
439 1035 652 1089 mtam
680 1021 901 1108 puleio
926 1020 1086 1086 mihi
1120 1022 1219 1086 tui
1251 1023 1561 1087 sermonis
1595 1023 1904 1090 utendum
1948 1041 2056 1087 est.
2116 1027 2277 1091 vale.

1138 1169 1357 1229 XXIV.

789 1274 908 1333 Ser.
938 1292 1129 1331 mense
1158 1276 1310 1333 Maio
1340 1294 1390 1332 a.
1422 1294 1476 1331 u.
1506 1294 1556 1331 c.
1587 1278 1705 1331 710.

827 1376 1171 1435 TULLIUS
1207 1378 1482 1436 TIRONI
1518 1378 1683 1435 SAL.

346 1486 497 1553 Etsi
529 1507 719 1551 mane
745 1484 1107 1569 Harpalum
1141 1484 1465 1563 miseram,
1501 1496 1739 1563 tamen,
1774 1511 1920 1551 cum
1960 1491 2277 1567 haberem,
2321 1515 2337 1551 ι

215 1583 327 1650 oui
372 1592 544 1648 recte
588 1580 811 1645 darem
851 1577 1128 1657 litterae,
1182 1579 1303 1645 etsi
1346 1579 1499 1645 novi
1542 1580 1701 1646 nihil
1749 1599 1912 1659 erat,
1968 1583 2168 1647 isdem
2212 1591 2281 1647 dff-

214 1677 414 1743 rebus
449 1674 626 1741 volui
660 1674 745 1740 ad
787 1684 852 1739 te
889 1672 1143 1759 saepius
1175 1673 1487 1751 scribere,
1528 1696 1660 1740 non
1704 1675 1860 1760 quin
1896 1679 2281 1743 confiderem

216 1771 591 1858 diligentiae
623 1779 803 1845 tuae,
849 1768 963 1834 sed
1007 1767 1102 1834 rei
1146 1790 1251 1834 me
1293 1768 1673 1855 magnitudo
1717 1771 2036 1835 movelfflt,
2128 1771 2278 1835 mihi

213 1889 411 1955 prora
454 1876 518 1933 et
560 1864 826 1951 puppis,
878 1873 953 1928 ut
991 1860 1393 1929 Graecorum
1436 1864 1844 1950 proverbium
1892 1879 2016 1939 est,
2076 1867 2196 1931 fuit
2245 1891 2281 1931 a

215 1984 325 2027 me
361 1960 458 2025 tui
492 1957 872 2035 dimittendi,
907 1967 980 2022 ut
1014 1957 1292 2023 rationes
1326 1969 1577 2025 nostras
1614 1959 1984 2046 explicares.
2060 1959 2281 2023 Ofillin

216 2067 284 2123 et
335 2053 608 2119 Aurelio
657 2053 883 2136 utique
935 2052 1090 2117 satis
1143 2052 1275 2117 fiat.
1367 2076 1406 2118 a
1447 2052 1772 2133 Flamma,
1828 2059 1880 2119 si
1928 2079 2052 2119 nrm
2100 2071 2281 2139 potes-

215 2172 429 2226 omne,
465 2159 716 2235 partem
753 2147 1034 2231 aliquam
1061 2146 1255 2213 velim
1284 2159 1685 2232 extorqueas,
1713 2150 1781 2214 in
1814 2151 2180 2235 primisque,
2212 2167 2282 2215 ut

218 2243 520 2331 expedita
555 2242 635 2308 sit
669 2241 892 2328 pensio
929 2242 1018 2307 K.
1054 2242 1194 2306 Ian.
1260 2241 1342 2307 de
1379 2243 1788 2310 attributione
1828 2247 2152 2323 conficies,
2200 2247 2277 2311 df:

214 2337 800 2426 repraesentatione
835 2336 1104 2403 videbis.
1179 2338 1261 2402 de
1307 2337 1670 2405 domesticis
1711 2337 1908 2427 [eius]
1948 2340 2273 2403 hactenus.

214 2434 297 2500 de
334 2432 610 2520 publicis
645 2432 861 2498 omnia
902 2431 1064 2498 mihi
1106 2445 1311 2500 certa:
1360 2434 1518 2519 quid
1553 2432 1896 2507 Octavius,
1948 2439 2100 2519 quid
2140 2439 2281 2499 An·
2317 2459 2341 2495 ιι

213 2529 460 2607 tonius,
504 2550 672 2614 quae
704 2528 1039 2594 hominum
1074 2528 1319 2614 opinio,
1359 2530 1516 2614 quid
1550 2531 1840 2596 fiiturum
1876 2551 2080 2615 putes.
2160 2555 2281 2619 ega]

212 2624 327 2689 vix
353 2634 596 2700 teneor,
631 2622 789 2706 quin
814 2644 1165 2689 accurram.
1218 2623 1334 2689 sed
1372 2624 1460 2688 st!
1496 2623 1737 2689 litteras
1772 2638 1916 2687 tuas
1948 2639 2277 2707 exepesstffi

213 2730 280 2785 et
315 2717 476 2784 scito
512 2718 795 2782 Balbum
827 2726 967 2781 tum
1002 2716 1203 2782 fuisse
1238 2717 1509 2800 Aquini,
1546 2739 1695 2783 cum
1731 2717 1848 2781 tibi
1884 2731 1979 2780 est
2016 2719 2281 2795 dictum,

212 2826 280 2880 et
315 2812 621 2900 postridie
649 2811 968 2877 Hirtiumt
1006 2821 1165 2897 puto
1201 2822 1548 2895 utrumque
1585 2811 1669 2875 ad
1693 2832 1924 2895 aquae.
1984 2815 2092 2875 sed
2124 2815 2281 2895 quid

213 2908 466 2995 egerint
490 2942 598 2972 -·-.
644 2906 1026 2972 Dolabellae
1060 2916 1507 2991 procuratores
1543 2905 1649 2971 fac
1675 2917 1751 2972 ut
1788 2909 2277 2975 admoneantur:

214 3002 571 3089 appellabis
608 3002 800 3067 etiam
835 3001 1130 3088 Papiam.
1217 3001 1385 3067 vale.

1159 3151 1349 3209 XXV.

881 3253 998 3310 Scr.
1019 3256 1262 3311 Athenis
1276 3273 1330 3310 a.
1349 3272 1405 3310 u.
1428 3272 1475 3310 c.
1499 3254 1617 3311 710.
1737 3287 1740 3294 ·

711 3356 988 3415 CICERO
1023 3358 1092 3412 F.
1131 3357 1405 3416 TIRONI
1440 3357 1587 3415 SUO
1626 3356 1792 3415 SAL.

344 3464 490 3531 Etsi
522 3465 695 3531 iusta
730 3475 794 3530 et
836 3464 1070 3531 idonea
1101 3487 1259 3531 usus
1296 3487 1366 3532 es
1403 3465 1816 3531 excusatione
1864 3467 2281 3527 luternflssfilffl=

212 3561 317 3625 nis
349 3560 708 3627 litterarum
742 3570 1028 3636 tuarum,
1074 3569 1290 3625 tamen
1324 3558 1394 3623 id
1440 3582 1523 3626 ne
1559 3559 1816 3645 saepius
1855 3559 2052 3623 facias
2091 3583 2277 3643 rogo:

213 3678 399 3732 nam,
443 3656 564 3721 etsi
607 3654 688 3721 de
724 3677 796 3722 re
827 3653 1090 3740 publica
1122 3652 1488 3721 rumoribus
1526 3665 1591 3721 et
1635 3655 1872 3721 nuntiis
1920 3655 2148 3719 certior
2196 3655 2281 3715 fin

215 3761 281 3816 et
315 3749 399 3816 de
436 3772 554 3816 sua
586 3750 653 3815 in
689 3772 793 3815 me
819 3750 1150 3815 voluntate
1177 3770 1429 3835 semper
1454 3750 1538 3814 ad
1574 3772 1678 3817 me
1712 3751 2047 3836 perscribit.
2080 3759 2277 3831 pater,

214 3855 433 3909 tamen
477 3844 558 3909 de
603 3843 830 3927 quavis
875 3843 1140 3908 minima
1181 3865 1251 3908 re
1295 3842 1534 3929 scripta
1568 3867 1608 3909 a
1650 3856 1715 3909 te
1751 3843 1836 3926 ad
1872 3867 1972 3907 me
2012 3843 2281 3927 epistola

217 3960 473 4023 semper
514 3936 636 4001 fuit
681 3937 1064 4023 gratissima.
1153 3959 1283 4021 qua
1323 3959 1399 4003 re
1434 3960 1582 4003 cum
1615 3937 1683 4002 in
1719 3939 1940 4023 primis
1992 3951 2128 3999 tuas
2168 3935 2279 3999 de·

215 4031 492 4098 sidetem
527 4032 798 4109 litteras,
853 4032 984 4097 noli
1021 4030 1444 4110 committere,
1497 4043 1570 4097 ut
1616 4035 2024 4099 excusatione·
2068 4031 2281 4117 poti-uz
