2675 4559
439 221 1018 281 EPISTOLARUM
1049 222 1161 277 AD
1199 220 1267 287 Q.
1303 222 1682 281 FRATREM
1715 225 1821 281 111.
1858 227 2017 284 4-6.
2147 212 2274 281 471

183 359 414 416 rentur
464 346 776 413 audiente
815 344 1120 413 Sallustio
1133 393 1152 422 ‚
1203 346 1568 413 admonitus
1617 370 1759 414 sum
1804 349 1889 413 ab
1922 348 2034 414 illo
2070 350 2275 416 multo
2336 338 2341 341 ³

185 443 440 510 maiore
477 440 864 507 auctoritate
897 439 1026 505 illis
1051 440 1134 505 de
1165 440 1360 529 rebus
1387 440 1515 505 dici
1548 462 1759 528 posse,
1794 442 1850 506 si
1875 442 2015 529 ipse
2048 444 2274 527 loque-

185 561 292 605 rer
327 538 416 603 de
452 557 548 603 re-
567 536 848 623 publica,
883 534 1262 621 praesertim
1297 556 1446 601 cum
1483 556 1689 601 essem
1724 558 1855 601 non
1892 536 2273 603 Heraclides

185 632 548 709 Ponticus,
605 629 721 697 sed
755 628 1108 695 consular-is
1145 640 1209 694 et
1243 629 1328 707 is,
1382 629 1497 713 qui
1538 630 1606 695 in
1639 631 1939 695 maximis
1983 641 2275 697 versatus

188 726 292 815 [in
327 748 402 793 re
437 720 744 813 publica]
789 723 984 790 rebus
1020 736 1255 802 essem3
1301 744 1470 809 quae
1519 735 1653 789 tam
1688 726 1966 809 antiquis
2000 724 2279 791 homini-

184 822 312 886 bus
352 818 811 896 attribuerem,
847 840 928 884 ea
951 818 1163 883 visu'm
1190 817 1268 883 iri
1295 818 1449 883 ficta
1474 838 1615 885 esse
1627 843 1645 897 3
1683 830 2007 885 oratorum
2038 840 2278 886 sermo-

185 938 341 981 nem
375 916 451 979 in
487 912 620 978 illis
655 912 888 977 nostris
921 912 1129 1003 libris,
1175 911 1353 997 quod
1386 923 1557 979 esset
1590 912 1673 979 de
1715 914 1963 979 ratione
1998 912 2274 989 dicendi,

186 1009 364 1076 belle
400 1031 444 1072 a
480 1030 594 1073 me
627 1006 1006 1084 removisse,
1045 1006 1130 1071 ad
1165 1028 1274 1072 eos
1311 1016 1528 1073 tamen
1560 1006 1901 1084 rettulisse,
1938 1027 2100 1090 quos
2135 1007 2276 1092 ipse

187 1103 544 1179 vidissem3
591 1101 1010 1167 Aristotelem
1063 1100 1369 1184 denique,
1424 1122 1591 1186 quae
1645 1100 1727 1167 de
1776 1124 1849 1167 re
1899 1101 2159 1187 publica
2210 1110 2277 1165 et

187 1187 560 1307 praestanti
593 1196 734 1259 viro
769 1194 1026 1272 scribat,
1061 1192 1275 1281 ipsum
1306 1195 1505 1280 loqui.
1560 1196 1905 1265 commovit
1937 1218 2061 1273 me,
2098 1205 2163 1261 et
2196 1216 2273 1259 eo
2308 1213 2334 1252 2

187 1292 438 1379 magis,
495 1289 676 1375 quod
720 1288 1034 1355 maximos
1081 1300 1293 1354 motus
1337 1282 1595 1355 nostrae
1639 1289 1912 1356 civitatis
1956 1284 2270 1377 attingere

186 1406 320 1451 nom
357 1397 694 1471 poteram,
741 1383 921 1467 quod
959 1394 1162 1448 erant
1175 1383 1535 1450 inferiores
1528 1402 1749 1469 quam
1778 1383 2035 1449 illorum
2070 1394 2269 1460 aetas,

187 1480 308 1569 qui
337 1473 811 1563 loquebantur.
847 1498 970 1563 ego
1006 1488 1222 1546 autem
1251 1478 1379 1543 ἃᾶ
1360 1500 1573 1564 1psum
1609 1489 1749 1543 tum
1776 1498 1952 1543 eram
1988 1488 2269 1552 secutus,

130 1586 132 1588 ’
183 1596 269 1639 ne
311 1573 386 1640 in
434 1582 668 1637 nostra
707 1582 1000 1657 tempora
1047 1572 1383 1638 incurrens
1434 1570 1827 1638 offenderem
1878 1571 2268 1657 quempiam.

184 1684 364 1734 nunc
409 1676 484 1733 et
534 1664 602 1730 id
644 1665 864 1730 vitabo
903 1677 970 1731 et
1002 1668 1242 1751 loquar
1283 1668 1425 1753 ipse
1472 1677 1717 1743 tecum,
1770 1676 1836 1731 et
1876 1678 2095 1731 tamen
2136 1666 2268 1742 illa,

186 1782 361 1847 quae
395 1760 830 1837 institueram,
867 1760 952 1825 ad
987 1770 1071 1838 te,
1108 1762 1164 1825 si
1189 1760 1467 1826 Romam
1501 1779 1759 1837 venero,
1793 1760 2073 1837 mittam3
2110 1758 2269 1846 puto

189 1856 366 1922 enim
403 1864 472 1922 te
509 1854 1026 1921 existimaturum
1061 1876 1104 1918 a
1135 1873 1240 1921 me
1281 1849 1425 1919 illos
1470 1853 1669 1919 libros
1703 1873 1835 1919 non
1880 1852 2017 1920 sine
2051 1853 2267 1937 aliquo

85 2002 90 2007 .
187 1970 342 2017 meo
384 1948 729 2016 stomacho
771 1968 916 2045 esse
957 1949 1236 2015 relictos.
1327 1946 1627 2015 Caesaris
1664 1970 1907 2027 amore,
1954 1970 2149 2034 quem
2185 1950 2269 2015 ad
2302 1970 2327 2009 ³

189 2066 296 2111 me
331 2042 742 2131 perscripsti,
771 2038 961 2108 unice
997 2042 1309 2121 delector3
1346 2042 1675 2129 promissis
1710 2043 1819 2122 iis,
1853 2065 2023 2129 quae
2057 2053 2269 2109 osten-

191 2138 318 2217 dit,
371 2160 513 2205 non
564 2137 754 2203 valde
803 2136 1086 2223 pendeo.
1137 2158 1260 2203 nec
1301 2137 1451 2202 sitio
1492 2136 1763 2205 honores
1807 2160 1929 2204 nec
1973 2136 2267 2227 desidero

191 2232 508 2318 gloriam,
561 2231 898 2341 magisque
950 2226 1092 2297 eius
1145 2230 1491 2297 voluntatis
1540 2232 2028 2343 perpetuitatem
2070 2252 2269 2317 quam

191 2328 662 2411 promissorum
706 2326 950 2391 exitum
993 2337 1324 2412 exspecto3
1374 2326 1525 2392 vivo
1570 2338 1787 2393 tamen
1827 2327 1896 2391 in
1941 2350 2019 2393 ea
2064 2327 2267 2392 ambi-

191 2420 370 2487 tione
407 2432 496 2498 et·
517 2418 767 2497 labore,
811 2433 1136 2505 tamquam
1177 2418 1276 2497 id,
1321 2418 1498 2505 quod
1534 2442 1663 2485 non
1708 2422 1963 2507 postulo
1976 2467 1995 2497 ,
2042 2442 2267 2506 exspe-

188 2526 386 2579 ctem.
481 2514 656 2596 quod
687 2534 794 2579 me
839 2512 922 2580 de
951 2514 1246 2581 versibus
1279 2512 1593 2582 faciendis
1627 2536 1849 2601 rogas,
1894 2512 2263 2579 incredibile
2300 2534 2328 2572 ι

192 2618 314 2685 est,
347 2606 446 2670 mi
480 2606 696 2682 frater,
731 2624 929 2689 quam
964 2628 1192 2693 egeam
1226 2620 1537 2695 tempore,
1572 2628 1693 2672 nec
1720 2628 1875 2671 sane
1910 2604 2066 2671 satis
2094 2624 2266 2669 eom·

191 2701 468 2767 morem·
509 2698 724 2763 animo
757 2699 844 2763 ad
878 2720 987 2777 ea,
1035 2722 1204 2785 quae
1236 2701 1366 2779 vis,
1410 2700 1719 2791 canenda.
1807 2702 1844 2780 †
1877 2704 2275 2766 ΑΜΠΩΕΙσ

193 2818 354 2863 vero
392 2795 479 2861 ad
511 2816 620 2872 ea,
663 2813 832 2879 quae
878 2794 1018 2879 ipse
1053 2813 1178 2881 ego
1220 2818 1303 2861 ne
1348 2794 1695 2881 cogitando
1739 2794 2003 2881 quidem
2046 2814 2268 2859 conse-

193 2910 396 2975 quor,
436 2900 537 2967 tu,
574 2889 684 2974 qui
720 2888 926 2954 omnis
957 2887 1084 2961 isto
1120 2888 1462 2974 eloquendi
1497 2900 1563 2955 et
1596 2887 1997 2975 exprimendi
2029 2908 2267 2976 genere

197 2984 551 3072 superasti,
596 3007 637 3051 a
669 3006 774 3049 me
817 2984 1022 3070 petis?
1069 2983 1353 3051 facerem
1397 2996 1643 3061 tamen,
1690 2993 1767 3048 ut
1798 3003 2085 3069 possem,
2130 2983 2265 3060 sed,

197 3079 376 3164 quod
414 3090 478 3145 te
513 3077 774 3143 minime
810 3077 998 3163 fugit,
1035 3100 1200 3165 opus
1233 3090 1334 3145 est
1369 3078 1453 3144 ad
1487 3084 1719 3166 poema
1752 3078 2035 3162 quadam
2070 3078 2268 3142 animi

201 3175 562 3252 alacritate,
615 3196 810 3258 quam
854 3174 1046 3260 plane
1090 3172 1250 3241 mihi
1291 3186 1584 3261 tempora
1626 3172 1922 3259 eripiunt.
2010 3170 2267 3237 abduco

198 3292 306 3335 me
341 3269 642 3354 equidem
678 3269 762 3333 ab
779 3268 970 3345 'omni
1011 3269 1106 3337 rei
1147 3268 1449 3354 publicae
1484 3290 1641 3335 cura
1674 3267 1968 3351 dedoque
2016 3265 2263 3342 litteris,

201 3364 319 3428 sed
363 3376 582 3430 tamen
630 3362 926 3429 indicabo
971 3363 1118 3444 tibi,
1171 3364 1350 3448 quod
1402 3362 1768 3429 mehercule
1806 3361 1879 3425 in
1920 3360 2143 3447 primis
2200 3370 2264 3425 te

203 3459 484 3525 celatum
533 3458 858 3524 volebam·
921 3481 1153 3547 angor,
1207 3458 1296 3523 mi
1351 3457 1727 3525 suavissime
1777 3455 2006 3532 frater,
2061 3476 2267 3540 angor

77 3556 86 3567 “
201 3550 449 3619 nullam
477 3576 616 3620 esse
643 3576 780 3619 rem
813 3553 1159 3641 publicam,
1196 3554 1377 3621 nulla
1400 3549 1659 3630 iudicia,
1694 3560 2113 3635 nostrumque
2141 3550 2265 3615 hoo

205 3658 460 3737 tempus
496 3648 752 3727 aetatis,
794 3648 1030 3733 quod
1010 3670 1080 3717 m
1122 3648 1236 3714 illa
1268 3648 1649 3714 auctoritate
1686 3642 2005 3713 senatoria
2038 3643 2265 3710 florere

208 3741 513 3820 debebat,
557 3752 669 3809 aut
701 3742 944 3809 forensi
977 3740 1198 3809 labore
1231 3739 1457 3809 iactari
1492 3754 1605 3808 aut
1639 3733 2005 3807 domesticis
2038 3736 2265 3805 litteris

209 3836 570 3915 sustentari,
605 3836 767 3903 illud
800 3858 976 3916 vero,
1013 3837 1188 3924 quod
1223 3860 1263 3902 a
1293 3858 1497 3924 puero
1533 3836 1924 3912 adamatam,

349 3971 601 4076 πολλρν
639 3971 1005 4064 ἀριστεύειν
1041 3976 1152 4041 καὶ
1186 3970 1539 4060 ὑπείροχος
1575 3970 1847 4059 ἔμμεναι
1883 3964 2117 4051 ἄλλων,
