2675 4559
326 204 456 255 XVI
1107 206 1448 249 ADNOTA'HO
1487 204 1737 250 cmTICA.

321 323 434 374 viae
455 319 570 373 M²=
607 320 756 373 breite
779 318 879 373 Ml.
921 319 940 389 11
970 324 1020 372 4.
1040 322 1158 387 Ρη]
1185 326 1406 389 propter
1436 319 1669 387 plurima
1710 316 1789 369 M.
1812 346 1882 359 —·
1922 320 2001 385 ut]
2046 326 2093 370 et
2132 316 2208 371 M.
2237 348 2305 360 ·-
2346 323 2530 387 eram]

321 394 382 449 M
395 434 410 465 ,
445 398 625 451 Pridie
656 396 712 450 k.
741 426 808 437 --
841 396 1048 449 circiter
1079 397 1138 449 id
1163 412 1255 449 sex
1279 405 1407 465 pute
1439 406 1553 451 erat
1586 394 1661 447 M.
1691 424 1762 435 —
1796 396 2171 464 adquirendum
2209 393 2525 451 Victorius:

322 472 510 544 (erasa
532 473 591 527 in
615 470 728 527 fine
749 468 964 542 littera)
989 470 1064 525 M.
1089 502 1162 514 --
1193 473 1405 526 celerri-
1440 473 1817 545 adquirendam
1848 472 1925 525 M.
1960 502 2030 513 —-
2065 474 2187 539 Cra]
2217 490 2409 541 yneum
2442 473 2524 526 M.

319 552 420 603 mie
441 549 518 603 M.
544 582 614 593 -—
637 552 926 617 commodo]
953 550 1211 619 quomodo
1233 547 1308 601 M.
1339 578 1405 590 -
1438 552 1531 617 R]
1573 548 1755 618 publio
1803 548 1883 601 M.
1922 548 1943 619 η
1988 554 2037 601 6.
2080 550 2265 603 redeas
2304 548 2411 602 Ml.
2452 580 2529 591 -—

320 628 502 755 ffiaqni
517 629 594 757 di?
609 638 873 775 ἔαὲῑὲαηι
905 624 1128 757 (ῐέθθῖιῗίε
1161 624 1403 774 (Ξωὶὲεἰε)
1439 626 1607 696 apsim
1647 626 1826 756 ethelhere
1870 626 2065 679 uideris
2105 624 2183 679 M.
2226 656 2293 666 —
2338 636 2527 679 HAPE-

385 732 494 755 .-—-
579 722 608 757 c
787 720 902 758 non
997 714 1640 757 cameamuorm
1725 744 1737 757 .

319 778 397 833 M.
429 778 450 850 fl
495 787 544 835 5.
569 791 807 851 praesset
838 780 915 835 M.
951 812 1017 821 —
1051 788 1403 845 commuratus
1504 778 1611 849 Ep.
1638 786 1688 835 8.
1713 782 1792 835 M.
1818 796 1925 835 om.
1944 779 2063 836 Mk.
2091 782 2111 851 ΙΙ
2136 781 2185 851 ξ.
2215 785 2262 833 1.
2286 780 2409 835 Em·
2426 780 2524 833 In-

319 854 398 909 M.
433 886 502 898 --
533 876 600 912 ae
630 876 760 913 eane
789 856 1032 913 Orellius
1075 861 1144 911 et·
1164 856 1401 911 Wesen—
1438 856 1573 911 dex:
1607 858 1678 911 Ut
1695 858 1744 910 si
1764 858 1855 929 (U
1870 874 1939 913 ex
1960 855 2327 928 correctione)
2350 856 2429 911 M.
2450 887 2525 899 —·

318 932 464 1005 berg
474 934 550 1004 (p.
565 938 695 1003 50.):
723 954 794 989 an
817 952 945 989 sane
961 932 1038 987 M.
1065 964 1138 973 —-
1147 936 1403 1003 potuisset
1437 935 1725 987 moratione
1740 932 1871 1006 (litt.
1892 952 1945 987 m
1962 934 2147 1006 erasa)
2164 932 2242 989 M.
2264 934 2287 1005 ΙΙ
2314 941 2362 989 2.
2374 938 2525 989 vultu

319 1009 456 1081 (non
472 1012 777 1083 potuissem)
802 1011 973 1066 etiam
996 1008 1072 1066 M.
1436 1020 1485 1064 et
1516 1013 1867 1065 taciturnitate
1886 1009 2223 1065 Lambinus:
2253 1012 2404 1064 uultu
2436 1021 2523 1065 ta-

387 1086 492 1156 Ep.
521 1092 568 1141 6.
594 1087 642 1157 §.
673 1096 720 1141 1.
745 1091 790 1141 ie
814 1088 1040 1143 mallem
1066 1087 1305 1143 abesset.
1331 1118 1402 1129 -
1437 1090 1729 1143 citurnitate
1760 1088 1845 1157 M,
1881 1090 2048 1155 vultu,
2082 1088 2432 1141 taciturnitate
2461 1088 2526 1141 k.

317 1166 430 1217 dixi
449 1182 558 1219 esse
581 1165 670 1220 ed.
689 1164 1098 1235 Neapolitana:
1123 1166 1312 1219 dixthse
1321 1162 1398 1217 M.
1438 1164 1811 1233 (taciturnitate
1843 1164 1953 1235 del.
1986 1160 2149 1219 Bake
2184 1163 2258 1217 ad
2290 1162 2411 1219 Cic.
2446 1164 2523 1221 de

329 1243 352 1309 11
392 1249 438 1295 2.
473 1242 566 1309 L]
609 1244 860 1295 lentitiam
899 1242 976 1295 M.
1003 1272 1074 1283 --
1097 1244 1399 1297 laodoceam
1435 1242 1587 1313 legg.
1632 1247 1688 1313 p.
1728 1248 1844 1296 355.
1889 1240 2016 1295 coll.
2057 1240 2233 1309 XIII,
2260 1247 2325 1309 6,
2348 1240 2423 1313 3.)
2447 1272 2525 1285 —-

317 1318 393 1372 M.
419 1348 488 1361 --
519 1320 728 1373 decedes
759 1318 834 1372 M.
868 1350 938 1358 —-
971 1337 1086 1373 eum
1117 1322 1196 1373 his
1227 1316 1303 1371 M.
1329 1350 1401 1359 -—
1426 1336 1619 1387 potum
1650 1318 1727 1372 M.
1751 1350 1823 1361 -·
1851 1320 2002 1389 quid]
2034 1323 2126 1388 qui
2158 1315 2419 1372 Orellius.
2448 1348 2525 1361 --

315 1414 504 1449 manus
529 1394 658 1462 (litt.
681 1412 708 1449 ε
733 1392 1034 1468 expuneta)
1059 1395 1135 1449 M.
1167 1398 1186 1467 ss
1209 1402 1256 1449 3.
1282 1398 1397 1465 ced]
1434 1412 1629 1465 mayna
1647 1398 2023 1469 siqnificatione
2040 1392 2376 1452 Cratander}
2402 1412 2520 1449 ma-

315 1475 403 1526 sid
437 1472 512 1525 M.
554 1502 624 1512 ———
671 1474 744 1527 ad
783 1475 1062 1526 cedendum
1102 1472 1178 1527 M.
1225 1504 1288 1513 -—
1334 1475 1399 1526 iis
1430 1490 1541 1541 ,qna
1562 1474 1907 1527 sollicitudine
1928 1472 2305 1543 siqnificatione
2320 1470 2523 1543 (verbo

317 1547 588 1603 Orellius:
631 1564 738 1602 om.
782 1548 860 1603 M.
893 1578 963 1591 -—-
994 1550 1212 1603 hminis
1255 1566 1397 1604 corr.
1434 1552 1780 1603 sollicitudine
1818 1547 2168 1619 aliquantum
2208 1546 2393 1618 eraso)
2434 1548 2521 1619 M,

315 1643 388 1681 ex·
403 1626 632 1679 homines
652 1622 731 1678 M.
753 1656 824 1665 -—
847 1628 1104 1680 lem'ssime
1123 1626 1397 1697 Martyni-
1434 1644 1631 1695 mayna
1651 1626 1995 1680 sollicitudine
2008 1625 2407 1695 significationis
2424 1626 2524 1679 ed.

313 1702 587 1775 Laguna:
616 1704 870 1756 lenissime
891 1702 1010 1756 ΜΚ.
1034 1733 1104 1746 —·
1124 1704 1398 1760 uidebatur
1434 1701 1839 1772 Neapolitana,
1870 1720 2069 1771 magna
2096 1703 2422 1772 sollicitaque
2444 1705 2523 1755 si-

313 1778 390 1831 M.
431 1780 452 1849 11
481 1785 530 1832 4.
567 1788 615 1833 et
647 1788 722 1831 est
754 1780 890 1832 enim
920 1781 976 1832 in
1007 1782 1185 1833 multis
1203 1778 1292 1836 M.
1326 1810 1398 1819 —
1428 1780 1763 1850 ynificatio'ne
1793 1780 1849 1833 k.
1882 1810 1952 1819 -
1982 1780 2121 1850 quod
2150 1780 2405 1847 alleyatos
2436 1778 2519 1833 M.

311 1856 553 1925 iynariae
573 1854 794 1921 (litteris
819 1874 884 1909 ae
907 1856 1222 1927 expunctis)
1239 1855 1398 1909 M.—-
1431 1884 1501 1895 -·-
1526 1856 1868 1911 ciciuitatibue
1891 1854 1967 1909 M.
1996 1856 2017 1925 u
2040 1860 2089 1908 3.
2116 1863 2162 1908 te
2184 1853 2439 1909 hominem
2454 1886 2478 1895 -
2493 1886 2519 1897 -·

313 1933 382 1985 ab
412 1933 490 1985 his
522 1931 598 1986 M.
622 1962 692 1973 -
722 1934 846 1999 sibi]
881 1934 972 1985 tibi
1001 1932 1076 1985 Μ.
1114 1933 1134 2003 ss
1165 1940 1215 1986 5.
1247 1934 1393 2001 mihi]
1430 1933 1690 1985 urbanum
1724 1931 2103 1996 Quintilianus
2134 1930 2301 1999 VIII,
2340 1937 2399 2001 3,
2428 1938 2517 1987 35.

311 2010 388 2061 mi
406 2006 483 2060 M.
508 2038 578 2049 —
599 2008 1222 2063 videretur-Cratander:
1255 2010 1396 2062 uide-
1418 2016 1501 2048 ‘—-
1521 2012 1687 2077 nunc]
1722 2025 1849 2063 num
1880 2009 1958 2063 M.
1990 2040 2061 2049 -—
2089 2011 2223 2079 Apa]
2256 2011 2409 2078 apud
2432 2009 2519 2078 M,

312 2092 400 2136 tur
431 2082 550 2136 Mk.
601 2083 690 2138 cf.
726 2084 1084 2156 Wesenberg
1115 2100 1171 2157 p.
1209 2091 1292 2139 21.
1329 2117 1393 2127 -
1430 2087 1659 2155 Appium
1682 2086 1739 2139 k.
1764 2108 1831 2129 -a
1856 2088 2079 2141 clodium
2102 2086 2177 2141 M.
2202 2116 2271 2127 —-
2304 2086 2516 2141 Midoe-

309 2176 543 2213 mensum
566 2176 694 2215 nos:
728 2178 1002 2215 'neminum⁴
1024 2162 1109 2231 M,
1145 2166 1394 2216 mensium
1430 2165 1627 2216 ensium
1656 2162 1977 2219 Rubenius:
2008 2164 2338 2217 mideaesium
2373 2164 2519 2233 (non

309 2236 368 2290 k.
417 2235 503 2292 cf.
529 2234 664 2305 VII,
695 2244 776 2307 17,
806 2244 851 2291 1.
875 2238 1125 2309 Philipp.
1148 2238 1286 2308 XII,
1308 2245 1390 2293 22.
1428 2242 1761 2310 mideaeeum)
1785 2240 1862 2294 M.
1882 2271 1953 2280 —
1974 2242 2029 2293 in
2053 2246 2145 2307 ea]
2168 2242 2230 2293 de
2253 2256 2317 2293 ea
2340 2238 2514 2296 Lam-

311 2314 386 2369 de
415 2313 646 2368 divinat.
671 2313 756 2382 11,
786 2321 867 2369 65.
902 2316 972 2370 de
1005 2316 1158 2389 legg.
1193 2316 1277 2383 ΙΙ,
1309 2322 1390 2370 16.
1426 2317 1609 2372 binuS.
1634 2346 1703 2357 —-—
1726 2319 1803 2371 ita
1826 2315 2371 2387 Martyni-Laguna:
2406 2320 2521 2371 ista

309 2390 456 2445 Tim.
487 2408 535 2444 e.
568 2397 633 2444 14
651 2396 786 2445 extr.
823 2408 936 2446 var.
971 2393 1101 2447 leet.
1129 2393 1203 2447 ad
1229 2392 1389 2451 Verr.
1426 2393 1501 2448 M.
1529 2425 1596 2433 —
1630 2412 1796 2448 caasa
1828 2392 1937 2448 del.
1970 2392 2131 2447 Bake
2166 2392 2352 2449 Sobel.
2386 2392 2518 2463 Hy·

308 2466 405 2521 lib.
440 2467 526 2536 ΙΙ,
568 2473 684 2522 184.
722 2474 835 2523 188.
871 2467 940 2532 Q.
975 2468 1090 2524 Cic.
1127 2470 1198 2525 de
1229 2470 1388 2540 petit.
1424 2487 1610 2542 pomn.
1635 2470 1735 2525 IV.
1774 2488 1829 2539 p.
1858 2476 1941 2523 94.
1965 2500 2035 2511 -—-
2064 2471 2405 2523 meminissem
2429 2468 2515 2539 M,

309 2558 460 2597 cons.
490 2545 538 2615 ἓ.
568 2552 614 2598 1.
631 2574 709 2615 ¹——
742 2548 842 2599 tris
871 2548 1030 2599 cortis
1053 2545 1128 2599 M.
1155 2578 1222 2587 --
1256 2566 1393 2618 quae
1424 2549 1711 2601 meminisse
1732 2564 1814 2601 me
1830 2564 1957 2601 eum
1976 2544 2189 2602 Orellio
2206 2546 2264 2599 k.
2288 2578 2356 2587 —
2381 2566 2517 2601 con·

306 2626 416 2687 me]
448 2639 582 2692 quac
612 2624 674 2677 de
705 2640 786 2677 me
815 2621 901 2691 M,
945 2640 1080 2693 quae
1119 2626 1182 2677 de
1223 2635 1270 2678 te
1308 2642 1389 2678 me
1424 2642 1687 2679 cesseram
1709 2624 1811 2677 Ml.
1838 2654 1906 2663 —
1922 2627 2131 2693 potest?
2150 2624 2256 2677 nisi
2274 2620 2517 2679 CRW.

306 2696 632 2768 Kayser.—
646 2701 880 2753 idearum
903 2698 979 2754 M.
993 2730 1060 2741 --
1077 2702 1383 2769 Antonium]
1422 2700 1627 2756 Miiller
1652 2700 1874 2773 (Progr.
1902 2700 2255 2771 Landsberg.
2277 2716 2328 2754 a.
2352 2706 2510 2754 1865.

306 2776 441 2829 dedit
465 2778 734 2829 antonium
758 2776 842 2843 M,
875 2778 941 2831 A.
970 2778 1205 2831 Nonium
1229 2775 1386 2832 Orel-
1422 2780 1553 2847 p.6.)
1563 2795 1577 2829 ε
1581 2786 1768 2849 potest,
1778 2778 2291 2831 nisik.—-medictum
2303 2776 2515 2848 (prIma

303 2851 431 2905 lius.
479 2852 634 2907 Fort.
668 2855 742 2906 D.
767 2854 1064 2906 Antonium.
1099 2884 1170 2899 --
1202 2856 1272 2907 sit
1299 2856 1393 2908 tibi
1422 2856 1529 2909 litt.
1542 2854 1930 2926 expuncta)M.
1946 2854 2412 2908 -accomodatam
2424 2854 2506 2907 M.

304 2930 509 2982 uidetur
531 2928 633 2982 Ml.
658 2930 678 2999 ΙΙ
707 2935 754 2982 6.
779 2930 836 2981 in
849 2931 1206 2997 prinninciam
1231 2928 1386 2983 M.—
1426 2950 1605 2985 -non
1630 2942 1737 2985 tam
1746 2930 2053 2987 Victorius:
2077 2950 2186 2985 non
2208 2940 2407 2984 tantum
2426 2930 2513 2997 M,

303 3007 359 3059 in
385 3007 606 3059 ciciliam
629 3005 707 3058 M.
732 3036 801 3045 —-
825 3016 1002 3059 erasta
1025 3006 1102 3059 M.
1420 3027 1527 3061 non
1546 3018 1743 3063 tantam
1761 3023 1887 3061 eum
1898 3002 2107 3063 Orellio
2122 3008 2179 3061 k.
2204 3008 2410 3073 -iijlu‘
2424 3006 2509 3061 M.

373 3082 476 3155 Ep.
506 3090 553 3136 7.
588 3084 667 3137 M.
705 3098 810 3137 om.
847 3081 964 3136 Mk.
1001 3084 1022 3153 ΙΙ
1054 3083 1102 3154 ἓ.
1133 3090 1179 3138 1.
1215 3085 1383 3138 laudi*
1421 3084 1767 3155 -putentM.
1795 3087 1813 3153 Ι]
1840 3093 1890 3138 4.
1902 3083 2277 3154 causae(litt.e
2294 3100 2509 3152 expun-

305 3178 426 3214 ceae
447 3158 536 3212 M:
560 3161 852 3228 Laodiceae
873 3157 930 3213 k.
981 3159 1066 3215 cf.
1093 3178 1180 3231 ep.
1207 3168 1258 3231 5,
1286 3164 1334 3215 3.
1360 3163 1379 3232 fl
1419 3164 1535 3230 eta)
1554 3160 1633 3215 M.
1662 3193 1723 3202 —
1740 3166 2015 3232 putarem]
2034 3160 2306 3217 mtimam
2328 3159 2505 3231 sylla·

305 3244 353 3291 2.
379 3238 706 3307 permisisem
737 3236 812 3291 M.
839 3268 905 3277 -—
930 3254 1138 3306 poesem
1172 3254 1278 3292 om.
1306 3238 1383 3293 M.
1412 3238 1553 3293 'bam
1575 3239 1635 3293 in
1656 3255 1857 3293 rasura.
1879 3238 2058 3294 habei:¹
2075 3236 2153 3291 M.
2176 3266 2247 3277 --·
2270 3239 2329 3289 id
2348 3246 2424 3289 est
2447 3240 2509 3291 in

300 3344 371 3355 —
393 3332 474 3368 me
505 3314 754 3369 exciliare
782 3312 1058 3383 coepissem
1081 3314 1160 3368 M.
1184 3316 1204 3385 fl
1241 3322 1290 3369 3.
1316 3317 1385 3369 ab
1416 3326 1601 3371 senatu
1626 3316 1735 3371 del.
1760 3314 2078 3369 Ernestius:
2110 3330 2287 3368 uncos
2310 3330 2417 3367 om.
2443 3315 2505 3369 k.

299 3390 464 3443 hisM.
483 3422 550 3431 -
569 3393 736 3457 dabas
757 3392 832 3445 hic
857 3389 932 3444 M.
961 3392 980 3459 ss
1006 3396 1056 3443 4.
1083 3394 1288 3446 lentulli
1303 3392 1380 3445 M.
1417 3424 1486 3433 —-
1500 3396 1735 3462 possiem
1758 3392 1835 3445 M.
1858 3422 1929 3433 ——·
1950 3391 2263 3446 diocensium
2286 3390 2363 3445 Μ.
2388 3392 2409 3459 ΙΙ
2451 3399 2503 3445 5.

300 3497 370 3506 -
393 3484 610 3519 accenso
635 3466 942 3523 Victorius:
980 3486 1189 3521 accesso
1211 3468 1288 3522 M.
1311 3499 1383 3508 —
1416 3487 1749 3539 eumpameae
1773 3488 1885 3523 cum
1920 3469 2161 3539 synadeis
2179 3467 2259 3521 M.
2283 3498 2354 3527 -,-
2376 3470 2507 3523 Pla·-

299 3560 552 3595 uaronem
577 3542 652 3595 M.
678 3574 748 3585 —
771 3547 990 3614 alter-aq.
1011 3545 1200 3613 leptam
1223 3544 1381 3598 M.-—
1416 3547 1613 3599 lomelii
1644 3543 1915 3601 Orellius:
1948 3546 2219 3615 Philomeli
2246 3543 2308 3597 M
2340 3544 2505 3615 (item

299 3621 430 3690 Αμ]
467 3622 612 3689 apud
639 3618 724 3687 M,
758 3621 931 3690 Appio
963 3622 1022 3675 k.
1045 3652 1116 3663 --
1147 3622 1379 3693 denique,
1414 3620 1602 3694 infra).
1652 3621 1739 3677 Of.
1758 3620 1889 3692 XV,
1910 3630 1961 3692 4,
1985 3628 2033 3677 2.
2058 3652 2128 3663 -—
2150 3622 2303 3687 nvait]
2327 3623 2409 3675 m'l
2424 3622 2505 3675 M.

301 3699 442 3766 quod
469 3696 778 3752 Ernestiue.
803 3730 868 3739 —
901 3700 996 3767 qui
1025 3698 1381 3769 Wesenberg
1414 3729 1481 3739 —-
1506 3716 1541 3752 a
1563 3704 1671 3764 me]
1695 3717 1849 3753 mane
1870 3698 1948 3753 M.
1975 3728 2044 3739 -
2058 3696 2405 3767 parditae·M.
2432 3728 2504 3739 ——·

299 3772 378 3842 (p.
409 3780 522 3828 122.
549 3774 656 3846 n.):
681 3790 787 3829 om.
814 3774 892 3843 M,
919 3792 1034 3829 cum
1057 3776 1113 3828 k.
1139 3778 1158 3845 u
1185 3781 1232 3829 5.
1257 3777 1383 3846 quid
1412 3785 1568 3845 suptu
1592 3774 1667 3829 M.
1693 3806 1762 3816 --
1786 3785 1857 3843 ta,
1882 3778 1931 3829 si
1952 3774 2225 3830 Orellius:
2251 3782 2307 3827 tu
2331 3774 2418 3843 M,
2446 3784 2502 3827 tu

298 3848 635 3906 Lambinus:
661 3853 846 3923 quidni
864 3852 982 3905 Mk.
1008 3884 1078 3893 -
1100 3852 1289 3921 Ampio
1315 3850 1377 3907 Ο.
1414 3870 1532 3906 cum
1556 3852 1672 3907 alii.
1697 3882 1768 3892 —-
1791 3856 2047 3922 coqitasse
2068 3850 2171 3905 Ml.
2194 3882 2265 3893 --
2294 3870 2406 3905 non
2432 3854 2503 3905 ad

297 3923 393 3979 Fr.
417 3926 709 3982 Hermann
741 3925 969 4001 (Philol.
1001 3928 1080 3983 ΙΙ.
1113 3947 1170 3999 p.
1209 3928 1379 4001 114.):
1408 3947 1655 3999 qenerum
1692 3940 1837 3983 tuum
1860 3929 2143 4001 (Brutum)
2172 3929 2379 3982 Romae
2409 3946 2500 3981 ne-

297 4004 456 4075 appz'o
481 4002 599 4058 Mk.
624 4033 695 4048 -—-
717 4022 860 4059 meas
892 4008 1170 4059 sententias
1204 4003 1279 4059 M.
1311 4036 1377 4047 --
1415 4024 1513 4076 que
1536 4008 1609 4059 ad
1640 4007 1877 4061 libertum
1897 4006 2175 4062 Brwzdieii
2192 4004 2499 4075 Victoriae,
