2675 4559
684 279 1239 337 EPISTOLARUM
1275 281 1409 338 vn.
1443 283 1686 339 25—28.
2093 271 2222 340 165

192 404 501 472 cautiores.
584 413 657 468 tu
700 414 944 481 tamen,
998 424 1145 469 cum
1190 404 1478 471 audisses
1523 405 1607 470 ab
1651 404 1887 471 Anicio
1930 441 2019 457 -—
2061 409 2220 474 vidit

190 500 340 565 enim
372 521 474 564 me
508 509 923 564 nauseantem
955 532 1071 573 —,
1104 518 1235 563 non
1269 499 1460 563 modo
1495 499 1787 564 mittendi
1821 522 2083 566 causam
2117 503 2218 567 iu—

191 606 334 660 stam
364 591 663 669 habuisti,
698 593 813 658 sed
849 591 1041 658 etiam
1076 593 1346 659 visendi.
1397 614 1522 679 ego
1557 592 1663 659 hic
1698 595 1912 681 cogito
1939 617 2222 662 commo-

189 686 324 764 rari,
372 684 588 771 quoad
617 707 725 752 me
757 685 1072 765 reficiam,
1123 710 1275 755 nam
1310 698 1375 754 et
1421 687 1572 752 viris
1617 698 1681 754 et
1726 710 1958 775 corpus
2006 689 2218 768 amisi3

188 780 311 856 sed,
343 780 397 846 si
429 779 729 845 morbum
763 779 1085 866 copulem,
1123 779 1343 860 facile,
1379 791 1453 846 ut
1488 803 1697 868 spero,
1733 782 1845 848 illa
1878 783 2216 849 revocabO.

1069 1012 1317 1072 XXVII.

834 1115 951 1172 Scr.
969 1117 1188 1173 Romae
1204 1134 1258 1174 a.
1275 1135 1331 1172 u.
1353 1134 1402 1173 c.
1423 1118 1543 1173 708.

706 1218 836 1288 [M.]
876 1218 1153 1275 CICERO
1188 1218 1248 1276 S.
1281 1218 1358 1274 D.
1397 1218 1680 1276 GALLO.

287 1339 511 1419 Miror,
553 1362 668 1406 cur
693 1361 1108 1419 meaccuses,
1143 1363 1295 1407 cum
1330 1341 1450 1407 tibi
1481 1341 1551 1407 id
1585 1342 1799 1410 facere
1832 1363 1964 1408 non
1997 1343 2214 1420 liceat3
2254 1370 2276 1408 1

183 1436 332 1520 quod
380 1437 435 1501 si
477 1436 734 1514 liceret,
787 1446 999 1502 tamen
1042 1458 1174 1502 non
1218 1436 1520 1504 debebas.
1610 1444 1630 1474 ‘
1644 1459 1767 1524 ego
1812 1437 1984 1503 enim
2036 1449 2101 1504 te
2151 1437 2220 1502 in

186 1530 489 1596 consulatu
523 1529 1001 1596 observaram'z
1039 1542 1104 1596 et
1137 1527 1232 1596 ais
1267 1531 1406 1596 fore
1443 1541 1516 1596 ut
1548 1541 1613 1597 te
1631 1528 1876 1597 Caesar
1908 1531 2219 1597 restituat.

187 1625 357 1690 mults
389 1637 461 1690 tu
494 1623 765 1709 quidem
802 1624 981 1701 dicis,
1016 1624 1130 1690 sed
1164 1623 1285 1689 tibi
1315 1645 1506 1690 nemo
1543 1624 1762 1690 credit.
1825 1625 2222 1708 tribunatum

68 1790 73 1826 δ
187 1717 366 1802 plebei
408 1718 577 1784 dicis
621 1730 685 1784 te
730 1741 875 1784 mea
908 1740 1106 1785 causa
1148 1718 1415 1803 petisse:
1471 1718 1718 1782 utinam
1752 1739 2004 1804 semper
2047 1739 2220 1783 esses

186 1812 474 1879 tribunusl
510 1815 1004 1880 intercessorem
1029 1835 1161 1878 non
1186 1833 1548 1897 quaereres.
1601 1834 1803 1898 negas
1828 1834 1935 1878 me
1963 1812 2218 1888 audere,

186 1907 333 1989 quod
363 1905 661 1983 sentiam,
700 1907 939 1973 dicere:
976 1906 1162 1991 quasi
1196 1906 1346 1984 tibi,
1381 1928 1530 1972 cum
1563 1905 1947 1992 inpudenter
1979 1928 2085 1971 me
2117 1925 2220 1970 ro-

185 2020 370 2083 gares,
404 2022 646 2087 parum
678 1998 926 2066 fortiter
959 1999 1416 2087 responderim.
1504 2000 1666 2065 haec
1699 1999 1818 2064 tibi
1852 1999 2109 2085 scripsi,
2146 2009 2220 2062 ut
2253 2026 2278 2066 2

188 2091 286 2156 isto
314 2094 447 2179 ipso
482 2093 560 2159 in
596 2114 852 2180 genere,
886 2094 956 2159 in
988 2114 1121 2178 quo
1147 2092 1392 2178 aliquid
1424 2114 1614 2179 posse
1640 2093 1758 2170 vis,
1795 2103 1859 2158 te
1885 2092 2044 2158 nihil
2077 2113 2219 2158 esse

186 2206 600 2272 cognosceres.
687 2187 862 2271 quod
913 2188 969 2253 si
1013 2188 1374 2263 humaniter
1417 2209 1671 2254 mecum
1712 2197 1978 2271 questus
2023 2207 2216 2263 esses,

188 2277 423 2348 libenter
465 2281 595 2347 tibi
636 2303 741 2347 me
777 2293 842 2348 et
886 2281 1074 2348 facile
1116 2303 1494 2368 purgassem
1506 2307 1524 2359 3
1577 2303 1709 2346 non
1751 2281 1922 2348 enim
1963 2281 2219 2369 higrata

189 2373 316 2438 mihi
346 2386 492 2441 sunt
526 2396 703 2460 quae
736 2375 972 2452 fecisti,
1018 2375 1133 2440 sed
1178 2397 1345 2460 quae
1393 2375 1700 2463 scripsisti
1741 2377 2027 2441 molesta.
2114 2397 2219 2440 me

189 2478 390 2546 autem,
423 2480 697 2556 propter
731 2491 921 2554 quem
957 2469 1151 2535 ceteri
1185 2469 1371 2536 liberi
1406 2480 1585 2547 sunt,
1630 2469 1750 2535 tibi
1781 2468 2056 2535 liberum
2089 2488 2220 2533 non

191 2560 366 2628 visum
400 2563 717 2641 demiror3
753 2586 905 2628 nam
938 2563 994 2627 si
1028 2562 1193 2628 falsa
1227 2562 1519 2640 fuerunt,
1556 2584 1724 2648 quae
1759 2573 1833 2628 tu
1867 2562 1951 2627 ad
1986 2583 2109 2639 me,
2146 2572 2220 2625 ut

190 2654 281 2732 ais,
313 2657 616 2734 detulisti,
653 2656 812 2741 quid
844 2656 962 2721 tibi
996 2678 1119 2742 ego
1155 2656 1402 2722 debeo?
1438 2657 1491 2721 si
1529 2678 1700 2732 vera,
1736 2666 1810 2721 tu
1836 2677 1905 2722 es
1939 2655 2218 2742 optimus

191 2749 357 2827 testis,
392 2756 545 2837 quid
581 2750 737 2815 mihi
768 2751 1045 2837 populus
1081 2750 1415 2816 Romanus
1451 2749 1704 2816 debeat.

1054 2994 1329 3052 XXVIII.

844 3097 964 3154 Scr.
980 3098 1195 3153 Romae
1214 3114 1266 3152 a.
1285 3115 1340 3152 u.
1362 3114 1410 3153 c.
1433 3097 1552 3152 708.

715 3200 847 3270 [M]
884 3198 1160 3257 CICERO
1198 3199 1255 3255 S.
1290 3199 1367 3254 D.
1405 3196 1658 3256 CURIO.

298 3317 588 3398 Memini,
621 3344 773 3387 cum
808 3321 966 3386 mihi
1000 3321 1289 3406 desipere
1321 3319 1648 3396 videbare,
1684 3317 1861 3402 quod
1897 3337 2045 3382 cum
2079 3315 2218 3381 istis
2258 3339 2282 3377 1

75 3480 80 3482 ,
196 3410 375 3490 potius
408 3414 663 3481 viveres
698 3437 895 3500 quam
930 3415 1294 3493 nobiscum3
1343 3425 1480 3480 erat
1513 3411 1683 3480 enim
1718 3412 1920 3478 multo
1957 3408 2222 3474 domici-

197 3500 327 3570 lium
358 3506 550 3574 huius
584 3510 761 3576 urbis
774 3558 793 3588 ,
848 3533 997 3576 cum
1030 3510 1291 3594 quidem
1326 3509 1486 3575 haec
1521 3508 1706 3585 urbs,
1752 3505 1964 3593 aptius
2000 3503 2225 3569 huma-

76 3639 78 3643 <
200 3596 354 3664 nitati
382 3613 451 3668 et
482 3603 787 3669 suavitati
831 3615 980 3670 tuae
1016 3624 1213 3689 quam
1248 3614 1386 3669 tota
1419 3601 1934 3689 Peloponnesus,
1986 3596 2226 3663 nedum
2283 3640 2291 3649 -

74 3895 92 4015 l

200 3687 433 3761 Patrae:
468 3717 644 3764 nunc
678 3709 900 3764 contra
925 3709 989 3765 et
1018 3697 1257 3764 vidisse
1284 3697 1444 3762 mihi
1479 3696 1752 3762 multum
1785 3688 2040 3770 videris,
2078 3713 2227 3756 cum

203 3802 372 3870 Prope
407 3789 756 3876 desperatis
792 3791 893 3857 his
926 3792 1119 3859 rebus
1166 3803 1231 3857 te
1265 3792 1334 3857 in
1370 3789 1715 3857 Graeciam
1759 3785 2109 3861 contulisti,
2162 3795 2228 3848 et

203 3874 306 3944 hoe
333 3891 615 3971 tempore
641 3907 772 3953 non
800 3886 1009 3951 solum
1039 3885 1315 3971 sapiens,
1351 3884 1462 3970 qui
1488 3883 1637 3949 hine
1665 3881 1856 3959 absis,
1893 3878 2008 3945 sed
2033 3877 2227 3944 etiam

206 3968 424 4043 beatus.
507 3999 899 4065 quamquam
933 3979 1110 4066 quis,
1157 3979 1269 4064 qui
1315 3978 1557 4063 aliquid
1603 3976 1835 4063 sapiat,
1879 3994 2051 4038 nunc
2087 3993 2226 4038 esse

208 4060 405 4134 beatus
437 4076 681 4158 potest?
713 4076 852 4153 sed,
885 4074 1060 4159 quod
1092 4085 1194 4152 tu,
1231 4073 1350 4139 cui.
1370 4073 1630 4150 licebat,
1665 4068 1935 4157 pedibus
1971 4090 2040 4136 es
2077 4088 2227 4135 con·
2259 4084 2286 4122 2
