2675 4559
543 210 1099 270 EPISTOLARUM
1132 212 1243 266 AD
1282 210 1350 278 Q.
1387 210 1766 268 FRATREM
1798 213 1845 270 Ι.
1882 217 1934 270 1.
2141 202 2275 270 415

714 764 812 828 Μ.
866 761 1198 828 TULLII
1254 761 1761 831 CICERONIS

838 872 1623 942 EPISTOLARUM

597 986 741 1052 AD
798 987 1306 1072 QUINTUM
1355 987 1867 1055 FRATREM

984 1120 1215 1182 LIBRI
1250 1123 1484 1183 TRES.

798 1323 807 1332 ·
904 1369 1174 1424 LIBER
1207 1370 1570 1429 PRIMUS.

1207 1525 1253 1578 I.

868 1626 987 1684 Ser.
1010 1628 1227 1682 Romae
1254 1644 1306 1682 a.
1330 1645 1386 1680 u.
1415 1645 1462 1682 c.
1487 1628 1605 1682 694.

636 1729 961 1787 MARCUS.
988 1729 1287 1794 QUINTO
1325 1729 1622 1786 FRATRI
1659 1729 1825 1787 SAL.

322 1844 471 1911 Etsi
496 1867 626 1910 non
652 1843 1029 1912 dubitabam
1056 1844 1217 1930 quin
1254 1844 1422 1911 hano
1451 1845 1787 1930 epistolam
1814 1847 2000 1912 multi
2035 1849 2262 1925 nuntii,
2301 1858 2333 1911 1

155 1957 161 1962 ’
190 1943 371 2008 fama
407 1941 683 2025 denique
730 1951 900 2006 esset
943 1941 1085 2026 ipsa
1122 1961 1241 2005 sua
1276 1940 1604 2006 eeleritate
1642 1952 2022 2026 superatura
2065 1953 2263 2027 tuque
2302 1932 2323 1968 ¹

190 2049 345 2102 ante
387 2035 471 2100 ab
518 2034 659 2100 aliis
704 2035 1041 2100 auditurus
1096 2056 1269 2101 esses
1314 2057 1558 2100 annum
1611 2035 1870 2100 tertium
1915 2037 2260 2115 accessisse

192 2130 511 2198 desiderio
560 2141 781 2195 nostro
828 2141 891 2195 et
945 2129 1152 2194 labori
1196 2139 1338 2206 tu0,
1394 2139 1612 2194 tamen
1659 2130 2022 2197 existimavi
2066 2155 2106 2197 a
2159 2156 2262 2198 me

190 2247 451 2311 quoque
494 2225 612 2290 tibi
654 2223 847 2288 huius
901 2223 1233 2291 molestiae
1280 2223 1580 2289 nuntium
1634 2223 1904 2310 perferri
1947 2237 2260 2312 oportere.

188 2343 344 2386 nam
370 2318 801 2406 superioribus
830 2318 1077 2395 litteris,
1104 2341 1233 2384 non
1262 2317 1429 2395 unis,
1463 2318 1578 2384 sed
1606 2319 1922 2404 pluribus,
1951 2342 2100 2386 eum
2133 2320 2265 2386 iam

190 2415 275 2479 ab
313 2414 455 2479 aliis
491 2414 831 2498 desperata
866 2435 969 2479 res
1006 2424 1204 2490 esset,
1252 2423 1469 2479 tamen
1513 2413 1632 2480 tibi
1677 2437 1801 2500 ego
1836 2437 2020 2500 spem
2055 2426 2265 2480 matu-

186 2532 301 2574 rae
339 2508 723 2574 decessionis
770 2506 1172 2584 adferebam,
1218 2531 1352 2573 non
1394 2507 1634 2586 solum,
1681 2521 1754 2574 ut
1798 2530 1995 2592 quam
2039 2509 2263 2575 diutis-

188 2603 351 2668 sime
408 2612 471 2667 te
522 2601 805 2667 iucunda
856 2602 1157 2686 opinione
1210 2602 1629 2678 oblectarem,
1693 2603 1808 2668 sed
1863 2603 2058 2668 etiam
2111 2604 2262 2686 quia

188 2708 371 2762 tanta
414 2695 845 2761 adhibebatur
878 2705 943 2760 et
976 2718 1017 2760 a
1058 2695 1248 2760 nobis
1284 2705 1350 2762 et
1395 2718 1434 2760 a
1468 2695 1872 2781 praetoribus
1919 2697 2258 2771 eontentiO,

185 2804 261 2858 ut
297 2813 435 2857 rem
479 2811 671 2877 posse
704 2785 933 2856 co'nfici
978 2811 1109 2854 non
1154 2789 1534 2856 diffiderem.
1623 2811 1796 2856 nune
1831 2790 2136 2874 quoniam
2169 2791 2260 2856 ita
2293 2820 2319 2859 2

187 2887 454 2964 aeeidit,
490 2897 563 2952 ut
594 2907 805 2969 neque
841 2896 1167 2972 praetores
1202 2886 1337 2950 suis
1375 2885 1606 2970 opibus
1643 2905 1854 2969 neque
1889 2909 2008 2952 nos
2045 2896 2260 2952 nostro

188 2982 402 3048 studio
438 2981 786 3067 quiequam
820 2979 1130 3066 proficere
1163 3002 1532 3065 possemne,
1571 2989 1668 3044 est
1705 2980 1964 3046 omnino
2001 2981 2260 3046 difficile

185 3098 319 3141 non
354 3076 639 3161 graviter
672 3076 741 3139 id
776 3074 973 3152 ferre3
1012 3074 1127 3140 sed
1162 3086 1378 3140 tamen
1409 3085 1658 3140 nostros
1688 3073 1936 3139 animos
1964 3076 2259 3139 maximis

185 3170 256 3234 in
290 3169 487 3235 rebus
522 3180 589 3234 et
628 3168 928 3255 gerendis
972 3180 1039 3234 et
1084 3168 1474 3235 sustinendis
1519 3169 1896 3234 exercitatos
1945 3167 2160 3254 frangi
2196 3180 2260 3234 et

186 3263 511 3329 debilitari
546 3263 839 3328 molestia
872 3285 1005 3328 non
1038 3273 1308 3349 oportet.
1399 3275 1456 3328 et
1490 3262 1797 3348 quoniam
1833 3285 1912 3328 ea
1945 3262 2261 3328 molestis-

186 3357 351 3422 sime
384 3357 553 3423 ferre
588 3355 879 3422 homines
906 3356 1179 3434 debent,
1202 3379 1370 3442 quae
1405 3357 1690 3442 ipsorum
1719 3357 1908 3442 eulpa
1936 3365 2260 3424 eontracta

186 3463 365 3530 sunt,
422 3463 520 3518 est
552 3453 879 3537 ‘quiddam
923 3453 993 3517 in
1048 3452 1169 3519 hae
1221 3475 1293 3517 re
1336 3453 1497 3518 mihi
1547 3453 1876 3518 molestius
1922 3451 2258 3520 ferendum

185 3569 385 3631 quam
422 3546 569 3612 tibi:
624 3546 871 3612 factum
906 3559 1005 3612 est
1040 3547 1213 3612 enim
1247 3569 1394 3612 mea
1429 3547 1650 3632 eulpa,
1701 3557 1922 3612 eontra
1957 3567 2152 3630 quam
2187 3555 2259 3610 tu

184 3661 443 3706 meeum
488 3651 553 3706 et
597 3641 1007 3727 proficiscens
1055 3653 1119 3707 et
1162 3663 1279 3727 per
1324 3641 1567 3706 litteras
1617 3663 1872 3727 egeras,
1927 3652 1998 3707 ut
2049 3639 2258 3724 priore

186 3755 359 3800 anno
402 3756 533 3803 non
577 3737 1063 3813 succederetur3
1110 3734 1285 3820 quod
1320 3757 1476 3821 ego,
1526 3735 1682 3800 dum
1717 3735 1906 3800 saluti
1943 3735 2260 3800 sociorum

186 3830 486 3906 consulo,
549 3829 705 3914 dum
757 3830 1175 3917 inpudentiae
1225 3851 1360 3895 non
1412 3830 1736 3896 nullorum
1787 3829 2260 3916 negotiatorum

185 3924 447 4002 resisto,
495 3924 651 3989 dum
694 3935 978 3990 nostram
1012 3924 1283 4012 gloriam
1330 3938 1446 3991 tua
1479 3924 1710 3992 virtute
1745 3924 1970 4011 augeri
2004 3935 2257 4011 expeto,

187 4017 315 4084 feei
348 4041 481 4086 non
514 4019 858 4106 sapienter,
890 4019 1265 4106 praesertim
1295 4042 1444 4089 eum
1469 4019 1536 4086 id
1564 4018 2010 4099 commiserim,
2047 4031 2118 4086 ut
2152 4019 2259 4086 ille
