2675 4559
413 254 970 314 EPISTOLARUM
1004 256 1114 311 AD
1153 256 1221 323 Q.
1257 258 1633 313 FRATREM
1667 260 1746 315 Π.
1781 261 1831 315 1.
1856 261 1909 317 2.
2068 251 2192 315 441

86 401 89 403 ’
131 381 557 458 haberentur}
600 380 714 465 qui
755 378 992 445 iudicia
1033 380 1412 465 inpedisset,
1460 405 1609 448 eum
1644 389 1886 449 contra'
1910 407 2044 451 rsm
2084 411 2204 471 pu-

131 476 375 541 blicam
427 495 567 541 esse
635 474 978 539 facturum.
1085 475 1443 561 adprobata
1503 477 1691 544 valde
1754 482 2068 544 sententis
2120 479 2200 547 G.

134 569 318 636 Cato·
343 578 564 637 contra
599 567 760 634 dixit
797 581 860 634 et
881 565 1168 646 Cassius,
1205 570 1486 636 maxima
1521 570 1980 639 adclamatione
2016 599 2204 639 sens.-

131 677 260 743 tus,
298 686 446 731 cum
483 663 742 731 comitia
775 662 1034 729 iudiciis
1070 663 1478 732 anteferrent.
1540 664 1882 753 Philippus
1920 671 2200 735 adsensit

130 760 439 825 Lentulo.
526 769 752 845 postea
794 757 1082 825 Racilius
1127 758 1208 825 de
1252 760 1517 845 privatis
1560 783 1666 827 me
1717 762 1996 847 primum
2052 787 2196 831 ssn-
2232 783 2260 823 ε

129 854 402 921 tentiam
453 853 734 939 rogavit:
789 853 993 918 multa
1036 852 1164 920 feci
1208 852 1409 919 verba
1451 852 1531 921 de
1579 865 1711 920 toto
1747 854 1960 923 furors
2008 859 2200 923 Istru-

133 949 432 1033 cinioque
476 947 557 1013 P.
597 944 842 1026 Clodii3
888 959 1217 1031 tamquam
1268 972 1453 1015 reum
1498 950 1825 1027 accusavi,
1869 951 2088 1017 multis
2132 967 2196 1019 st

134 1041 435 1122 secundis
481 1041 1178 1108 admurmurationibus
1216 1043 1431 1109 cuncti
1476 1056 1758 1111 senatus.
1848 1047 2200 1111 oraticnem

133 1160 345 1204 meam
382 1135 792 1203 conlaudavit
827 1136 982 1201 satis
1017 1136 1235 1203 multis
1270 1137 1504 1216 verbis,
1540 1160 1670 1204 non
1704 1138 2068 1205 mehersuls
2100 1143 2200 1203 in-

135 1234 399 1307 diserte,
442 1230 650 1295 Vetus
697 1228 1048 1308 Antistius,
1099 1230 1284 1316 isque
1327 1230 1710 1297 iudiciorum
1754 1255 2012 1299 causam
2060 1259 2198 1299 sus-

135 1326 306 1411 cepit
360 1323 996 1408 antiquissimamque
1049 1347 1118 1391 se
1168 1324 1539 1393 habiturum
1590 1327 1770 1393 dixit.
1866 1328 2080 1395 ibatur
2132 1331 2196 1391 in

136 1442 281 1485 eam
317 1417 728 1484 sententiam.
766 1429 904 1483 tum
941 1416 1210 1485 Clodius
1244 1431 1509 1506 rogatus
1547 1422 1717 1488 diem
1754 1422 2024 1489 dicendo
2060 1423 2196 1487 ssi-

134 1535 310 1579 mere
355 1512 593 1598 coepit3
640 1511 898 1577 furebat
932 1536 972 1577 a
1006 1512 1255 1579 Racilio
1300 1536 1371 1581 se
1416 1515 1874 1582 contumaciter
1916 1515 2196 1583 urbs-ns-

132 1630 260 1693 que
296 1618 620 1674 vexatum.
693 1606 924 1673 deinde
960 1608 1098 1674 eius
1135 1630 1369 1695 operae
1402 1622 1667 1697 repente
1701 1634 1742 1675 a
1780 1608 2192 1679 Graecostasi

134 1714 196 1769 et
229 1700 540 1790 gradibus
585 1702 930 1768 clamorem
974 1703 1129 1769 satis
1163 1725 1474 1789 magnum
1508 1705 1932 1783 sustulerunt,
1968 1727 2048 1791 ep
2056 1707 2192 1771 iuer

131 1798 198 1862 in
251 1794 338 1878 Q.
387 1793 730 1863 Sextilium
781 1807 846 1862 et
899 1798 1138 1863 amicos
1191 1796 1459 1863 Milonis
1512 1796 1839 1864 incitatae:
1894 1819 1968 1864 es
2016 1811 2192 1863 metu

132 1894 366 1959 iniecto
399 1902 682 1978 repente,
717 1914 955 1978 magna
990 1893 1389 1977 querimonia
1424 1894 1728 1971 omnium,
1765 1893 2192 1960 discessimus.

132 1987 335 2053 habes
373 1996 518 2051 acta
562 1986 753 2051 unius
790 1985 918 2051 diei
927 2011 947 2063 3
996 1986 1271 2071 reliqua,
1324 1999 1400 2053 ut
1444 1987 1745 2064 arbitror,
1797 1986 1866 2053 in
1910 2011 2192 2055 mensem

131 2079 507 2147 Ianuarium
569 2080 930 2147 reicientur.
1027 2080 1108 2145 de
1159 2080 1432 2146 tribunis
1492 2082 1582 2167 pl.
1634 2080 1827 2167 longe
1879 2083 2192 2167 optimum

96 2173 454 2240 ,Racilium
496 2173 838 2262 habemus3
890 2173 1144 2239 videtur
1186 2174 1380 2241 etiam
1424 2174 1746 2241 Antistius
1791 2174 2032 2240 amisus
2076 2199 2192 2239 ns-

130 2270 230 2335 bis
268 2268 437 2346 fore3
471 2292 622 2333 nam
656 2268 962 2335 Plancius
998 2278 1169 2334 totus
1196 2280 1414 2336 noster
1441 2280 1555 2337 est.
1611 2269 1741 2348 fac,
1774 2269 1830 2336 si
1862 2292 1964 2335 ms
1992 2295 2192 2347 amas,

131 2376 200 2429 ut
239 2363 636 2430 considerate
670 2362 1135 2450 diligenterque
1170 2363 1437 2451 naviges
1466 2364 1547 2430 de
1580 2388 1801 2432 mense
1820 2363 2188 2431 Decembri.

1126 2599 1203 2655 II.

553 2700 670 2757 Scr.
687 2702 903 2757 Romae
921 2702 1080 2758 XIV.
1100 2702 1232 2757 Kal.
1253 2702 1421 2757 Febr.
1445 2720 1495 2757 a.
1516 2720 1572 2756 u.
1592 2720 1639 2756 c.
1660 2703 1779 2756 698.

461 2802 775 2863 MARCUS
813 2804 1109 2870 QUINTO
1145 2804 1441 2858 FRATRI
1477 2802 1862 2860 SALUTEM.

258 2928 324 2994 N
324 2950 410 2993 on
444 2928 894 3014 occupatione,
940 2949 1070 3013 qua
1105 2949 1280 2993 eram
1317 2950 1471 2993 sane
1507 2926 1857 3011 inpeditus,
1895 2927 2008 2995 ssd
2044 2951 2188 3015 par-
2224 2947 2248 2983 1

127 3024 283 3089 vula
337 3022 723 3109 lippitudine
777 3022 1094 3088 adductus
1139 3044 1311 3099 sum,
1367 3032 1440 3086 ut
1482 3020 1789 3086 dictarem
1835 3020 2004 3087 haus
2056 3023 2188 3107 spi

127 3119 360 3184 stolam
403 3128 469 3183 et
510 3138 670 3195 non,
721 3127 795 3183 ut
840 3117 926 3184 ad
968 3126 1032 3183 te
1069 3118 1264 3195 soles,
1307 3117 1458 3203 ipse
1494 3114 1860 3184 scriberem.
1948 3127 2012 3183 st
2060 3115 2192 3203 pri-

127 3235 312 3279 mum
344 3234 450 3278 me
493 3211 612 3277 tibi
647 3234 885 3279 excuso
931 3212 1000 3277 in
1037 3234 1115 3280 eo
1149 3213 1323 3298 ipse,
1376 3212 1445 3277 in
1489 3231 1619 3297 quo
1666 3224 1728 3275 te
1774 3230 2036 3287 accuss;
2088 3235 2188 3275 ms

127 3306 302 3372 enim
330 3327 521 3373 nemo
542 3305 753 3372 adhuc
779 3305 1051 3393 rogavit,
1086 3328 1244 3372 num
1270 3304 1470 3390 quid
1451 3328 1518 3370 m
1539 3302 1902 3371 Sardiniam
1928 3303 2188 3381 vsllsm3

128 3414 192 3467 te
226 3412 388 3487 puto
424 3422 619 3487 saepe
642 3399 902 3478 habere,
939 3399 1071 3485 qui,
1107 3423 1263 3465 num
1299 3398 1456 3484 quid
1474 3399 1750 3472 Romam
1776 3398 1956 3475 velis,
1996 3420 2192 3483 quss-

126 3507 293 3561 rant.
383 3494 558 3582 quod
603 3494 688 3561 ad
732 3518 836 3561 me
883 3495 1147 3562 Lentuli
1201 3506 1265 3561 et
1312 3492 1509 3561 Sestii
1532 3528 1536 3532 ·
1562 3492 1820 3560 nomine
1864 3495 2188 3579 scripsisti‚

126 3591 382 3656 locutus
435 3612 581 3654 sum
632 3611 781 3655 cum
826 3587 1081 3655 Cincioz
1143 3609 1405 3674 quoquo
1456 3587 1647 3654 modo
1697 3610 1800 3654 res
1854 3585 1920 3653 se
1976 3587 2184 3663 chanst,

99 3706 260 3764 ,non
296 3695 395 3749 est
438 3681 773 3762 facillima,
827 3682 942 3750 sed
985 3683 1182 3749 habet
1226 3682 1515 3770 profecto
1549 3681 1857 3768 quiddam
1894 3681 2192 3747 Sardinia

128 3776 496 3865 adpositum
533 3777 615 3841 ad
649 3777 1157 3845 recordationem
1191 3777 1575 3864 praeteritae
1608 3776 1980 3855 memorias3
2020 3799 2188 3851 nam,

127 3882 200 3937 ut
245 3872 354 3937 ille
399 3869 738 3939 Gracchus
783 3894 1020 3959 augur,
1071 3882 1299 3958 postea
1343 3893 1538 3957 quam
1582 3870 1650 3937 in
1693 3870 1882 3937 istam
1932 3867 2192 3955 prosiu-

127 3965 296 4031 ciam
342 3965 546 4044 venit,
598 3966 968 4032 recordatus
1014 3978 1142 4045 est,
1196 3965 1356 4051 quid
1400 3966 1523 4033 sibi
1564 3966 1634 4031 in
1677 3986 1907 4051 campo
1952 3963 2188 4031 Martis

128 4059 390 4126 comitia
433 4062 769 4127 consulum
811 4060 1074 4127 habenti
1119 4072 1344 4127 contra
1380 4059 1670 4148 auspicia
1704 4059 2064 4136 accidisset,
2100 4059 2192 4123 sis

572 4336 602 4370 fl
