2675 4559
506 243 638 310 384
1122 254 1200 308 Μ.
1238 251 1515 312 TULLII
1547 252 1954 310 CICERONIS·

503 403 657 467 rege
708 401 1009 466 regnum,
1063 377 1384 442 sociorum
1424 385 1796 442 >revocatam
1840 375 1922 442 ad
1971 374 2245 442 studium
2291 376 2500 463 imperii

506 474 705 540 nostri
754 473 1152 539 voluntatem
1213 470 1527 536 sententia
1577 491 1722 536 mea
1771 482 1840 536 et
1891 471 2144 536 decreto
2200 472 2502 548 laudarem,

504 568 648 635 feei.
736 566 1264 658 supplicationem
1314 565 1667 643 decretam,
1721 565 1776 629 si
1825 573 1926 644 tu,
1977 587 2108 650 qua
2157 565 2222 630 in
2270 587 2336 630 re
2377 565 2503 630 nihil

503 661 797 740 fortuito,
834 661 951 728 sed
985 681 1236 726 summa
1266 669 1383 724 tua
1415 657 1664 724 ratione
1697 669 1764 725 et
1797 659 2187 724 continentia
2216 659 2304 726 rei
2333 658 2504 746 publi-

414 830 423 837 ·
504 777 618 822 ese
660 755 991 842 provisum
1033 765 1158 830 est,
1210 753 1309 818 dis
1355 753 1800 820 inmortalibus
1851 753 2159 840 gratulari
2199 775 2311 818 nos
2347 773 2504 836 quam

504 849 621 917 tibi
662 850 905 916 referre
948 858 1283 934 acceptum
1326 847 1562 925 mavis,
1615 847 1903 934 gaudeo:
1956 845 2132 930 quod
2163 847 2219 912 si
2251 845 2504 932 triumphi

458 991 465 998 -
503 945 1017 1032 praerogativam
1051 953 1239 1030 putas
1267 941 1799 1028 supplicationem
1825 954 1891 1006 et
1923 941 2162 1006 ideireo
2189 962 2389 1007 casum
2418 961 2506 1024 po-

505 1039 630 1104 tius
648 1058 847 1122 quam
864 1047 927 1104 te
955 1036 1205 1102 laudari
1234 1035 1462 1114 mavis,
1487 1056 1698 1120 neque
1723 1035 2248 1122 supplicationem
2271 1034 2506 1118 sequitur
2596 1067 2597 1070 ¹

504 1155 757 1218 semper
788 1131 1145 1217 triumphus
1180 1142 1246 1196 et
1280 1129 1604 1216 triumpho
1637 1129 1840 1196 multo
1867 1129 2106 1196 elarius
2139 1139 2235 1195 est
2265 1139 2508 1194 senatum

501 1225 785 1292 iudicare
836 1223 1050 1312 potius
1102 1219 1592 1290 mansuetudine
1635 1234 1701 1290 et
1747 1223 2116 1290 innocentia
2163 1220 2506 1312 imperatoris

498 1320 896 1408 provinciam
930 1340 1125 1403 quam
1158 1317 1224 1382 vi
1258 1315 1534 1384 militum
1569 1329 1684 1384 aut
1727 1319 2125 1406 benignitate
2157 1319 2406 1384 deorum
2431 1337 2506 1378 re-

500 1423 744 1479 tentam
779 1424 975 1498 atque
1008 1419 1452 1480 conservatam
1487 1433 1658 1490 esse3
1690 1411 1869 1500 quod
1903 1435 2028 1500 ego
2065 1435 2212 1480 mea
2241 1409 2506 1478 sententia

502 1506 862 1572 censebam.
950 1517 1147 1592 atque
1179 1505 1342 1572 haee
1377 1527 1502 1593 ego
1535 1507 1772 1572 idcireo
1808 1507 1892 1571 ad
1935 1517 2002 1572 te
2039 1518 2260 1573 contra
2289 1525 2507 1572 eonsue-

501 1599 791 1666 tudinem
823 1621 1037 1666 meam
1070 1599 1362 1686 pluribus
1396 1600 1650 1686 scripsi,
1704 1611 1806 1678 ut,
1858 1600 2038 1684 quod
2081 1601 2348 1667 maxime
2377 1598 2505 1670 volo,

500 1693 827 1762 existimes
860 1717 965 1761 me
999 1695 1314 1772 laborare,
1347 1705 1420 1759 ut
1445 1693 1564 1760 tibi
1597 1693 2026 1780 persuadeam
2051 1718 2158 1761 me
2183 1707 2248 1761 et
2280 1691 2508 1758 voluisse

503 1788 585 1854 de
617 1799 732 1854 tua
765 1789 1127 1866 maiestate,
1178 1788 1356 1873 quod
1391 1787 1853 1874 amplissimum
1889 1789 2013 1854 sim
2049 1789 2402 1863 arbitratus,
2443 1794 2506 1856 et,

500 1881 677 1967 quod
708 1892 780 1948 tu
816 1883 1116 1960 maluisti,
1151 1881 1396 1948 factum
1421 1903 1562 1948 esse
1596 1882 1903 1970 gaudere.
1953 1883 2110 1950 vale
2135 1894 2198 1950 et
2220 1903 2330 1946 nos
2353 1878 2506 1962 dilige

502 1987 565 2043 et
606 1978 901 2044 instituto
944 1977 1169 2044 itinere
1224 1977 1630 2044 severitatem
1683 1977 2214 2065 diligentiamque
2267 1975 2428 2042 sociis
2461 1981 2506 2035 et

500 2069 593 2136 rei
628 2071 924 2158 publicae
958 2082 1232 2158 praesta.
1355 2115 1362 2122 -

1485 2221 1588 2280 VI.

912 2320 1029 2378 Ser.
1048 2322 1111 2378 in
1126 2321 1327 2380 Cilicia
1343 2341 1538 2380 mense
1558 2323 1796 2390 Quintili
1815 2341 1870 2380 a.
1890 2341 1946 2380 u.
1965 2341 2016 2383 c.
2038 2327 2162 2382 704.

994 2423 1071 2478 M.
1110 2422 1388 2480 CICERO
1425 2424 1483 2482 S.
1517 2425 1594 2482 D.
1631 2427 1709 2482 M.
1745 2425 2060 2484 CATONI.

628 2537 903 2604 ‘Laetus
938 2560 1083 2604 sum
1117 2537 1368 2604 laudari
1403 2542 1536 2607 me’
1576 2540 1808 2650 inquit·
1817 2542 2087 2620 Hector,
2125 2541 2344 2628 opiner
2371 2532 2507 2623 apud

498 2631 841 2710 Naevium,
876 2633 1023 2698 ‘abs
1048 2644 1133 2712 te,
1159 2643 1362 2720 pater,
1389 2657 1432 2700 a
1456 2635 1718 2700 laudato
1747 2635 1914 2713 vii-03
1927 2635 2076 2701 '·ea
2091 2647 2190 2702 est
2210 2634 2372 2702 enim
2393 2650 2508 2717 pro·

497 2729 667 2796 fecto
700 2727 983 2795 iucunda
1012 2730 1187 2806 laus,
1238 2750 1408 2814 quae
1443 2729 1580 2795 ab
1559 2731 1638 2795 iis
1673 2729 2125 2816 proficiscitur,
2175 2730 2286 2814 qui
2323 2725 2432 2813 ipsi
2455 2722 2506 2786 in

493 2822 689 2890 laude
722 2823 1041 2889 vixerunt.
1096 2845 1219 2910 ego
1242 2845 1398 2890 vero
1425 2825 1529 2890 vel
1564 2823 1990 2910 gratulatione
2023 2825 2368 2891 litterarum
2397 2831 2508 2884 tus-

496 2937 639 2979 rum
681 2916 786 2981 vel
828 2915 1209 2982 testimoniis
1250 2918 1602 2983 sententiae
1646 2916 1856 2982 dietae
1897 2917 2058 2983 nihil
2093 2929 2192 2985 est
2229 2913 2392 3002 quod
2427 2929 2506 2974 me

496 3029 625 3073 non
676 3007 1056 3076 adsecutum
1108 3021 1356 3098 putem3
1407 3011 1608 3095 idque
1655 3010 1816 3076 mihi
1867 3031 2015 3076 cum
2069 3009 2504 3098 amplissimum,

496 3113 634 3167 tum
668 3103 1105 3188 gratissimum
1140 3115 1267 3180 est,
1302 3115 1368 3170 te
1401 3105 1676 3171 libenter
1709 3103 2026 3171 amicitiae
2062 3105 2334 3180 dedisse,
2367 3094 2504 3184 quod

493 3197 736 3282 liquido
770 3197 1025 3264 veritati
1068 3199 1275 3265 dares.
1363 3209 1458 3276 et,
1509 3200 1566 3265 si
1609 3221 1741 3266 non
1783 3199 1976 3264 modo
2019 3221 2268 3275 omnes,
2319 3211 2502 3261 verum

494 3292 687 3356 etiam
736 3291 923 3356 multi
979 3286 1261 3358 Catones
1315 3304 1528 3358 essent
1577 3292 1644 3358 in
1697 3293 1954 3360 eivitate
2002 3303 2248 3368 nostra,
2297 3290 2360 3354 in
2404 3303 2504 3369 qua

492 3405 695 3450 unum
730 3385 1047 3452 exstitisse
1080 3385 1516 3462 mirabile'est,
1551 3407 1745 3469 quem
1778 3408 1903 3472 ego
1931 3409 2191 3452 currum
2216 3394 2322 3450 aut
2345 3397 2501 3466 quam

492 3478 777 3544 lauream
822 3501 971 3544 oum
1013 3491 1126 3544 tua
1166 3481 1534 3547 laudatione
1579 3480 1974 3546 conferrem?
2015 3504 2168 3546 nam
2202 3477 2284 3544 ad
2324 3491 2502 3541 meum

492 3594 753 3638 sensum
804 3584 871 3639 et
920 3575 1006 3640 ad
1054 3574 1215 3642 illud
1268 3576 1590 3642 sincerum
1635 3595 1711 3641 ae
1753 3575 1988 3642 subtile
2039 3573 2340 3641 iudicium
2374 3563 2501 3634 nihil

492 3676 705 3752 potest
736 3689 879 3733 esse
922 3667 1309 3737 laudabilius
1340 3689 1538 3754 quam
1573 3691 1652 3735 ea
1685 3681 1797 3735 tua
1831 3671 2065 3747 oratiO,
2109 3690 2274 3753 quae
2313 3674 2400 3730 est
2435 3657 2498 3722 ad

492 3783 596 3826 me
621 3763 973 3848 perscripta
990 3787 1031 3828 a
1048 3764 1211 3832 meis
1236 3765 1632 3830 necessariis.
1687 3765 1804 3831 sed
1831 3785 2092 3831 eausam
2105 3783 2286 3828 meae
2311 3757 2500 3825 volun·

491 3854 663 3931 tatis,
696 3877 855 3922 non.
864 3857 1033 3922 enim
1070 3857 1282 3923 dicam
1318 3858 1712 3944 cupiditatis,
1749 3860 2018 3944 exposui
2051 3857 2169 3924 tibi
2199 3844 2498 3940 superiori·

490 3945 615 4010 bus
646 3947 901 4026 litteris,
935 3970 1103 4034 quae
1138 3952 1386 4017 etiamsi
1418 3972 1650 4038 parum
1681 3955 1852 4018 iusta
1883 3952 2002 4018 tibi
2035 3950 2176 4017 visa
2205 3958 2324 4022 est,
2360 3943 2495 4007 hm&

490 4047 707 4104 tamen
723 4039 919 4108 habet
942 4044 1275 4124 rationem,
1294 4069 1425 4112 non
1443 4059 1516 4112 ut
1541 4047 1728 4114 nimis
1747 4043 2282 4134 concupiscendus
2307 4039 2493 4104 honos»
