2675 4559
673 275 1230 369 ErisToLARUM
1263 278 1425 333 vm.
1462 279 1512 333 3.
1532 280 1583 333 4.
2034 268 2161 337 175

155 402 448 471 voluntatis
481 401 732 469 initium
765 414 830 469 et
865 422 1062 469 causa
1095 411 1221 478 est,
1266 401 1443 485 quod
1476 425 1626 469 eum
1660 422 1790 469 non
1825 404 2160 471 mediocri-

153 514 228 566 ter
255 496 509 574 Caesar,
543 497 657 581 qui
689 498 854 563 solet
885 496 1252 561 infimorum
1291 496 1621 561 hominum
1656 498 1999 566 amicitiam
2035 498 2159 565 sibi

150 594 391 679 qualibet
421 593 689 679 inpensa
724 591 1104 677 adiungere,
1151 590 1340 656 valde
1376 592 1784 679 contempsit3
1821 614 1951 677 qua
1984 593 2051 657 in
2086 614 2159 659 re

149 688 272 753 mihi
317 686 564 753 videtur
615 687 773 753 illud
811 686 1136 773 perquam
1163 696 1458 751 .venuste
1511 686 1845 764 cecidisse,
1899 688 2075 773 quod
2118 711 2159 753 a

145 783 364 868 reliquis
403 802 662 867 quoque
697 780 936 869 [usque
971 777 1075 866 eo]
1117 791 1215 846 est
1249 780 1793 859 animadversum,
1828 792 1901 847 ut
1936 779 2158 860 Curio,

148 878 233 961 qui
261 876 404 942 nihil
425 940 430 947 ,
448 876 714 943 consilio
749 876 933 954 facit,
978 876 1223 941 ratione
1259 886 1322 940 et
1369 874 1613 941 insidiis
1650 898 1804 941 usus
1838 875 2159 942 videretur

147 971 198 1034 in
218 971 506 1037 evitandis
533 971 614 1036 iis
643 970 939 1048 consiliis,
973 985 1012 1023 ὓ
1029 985 1068 1023 ³*
1097 970 1208 1054 qui
1236 992 1304 1036 se
1331 968 1737 1036 intenderant
1763 969 2157 1035 adversarios

149 1065 197 1128 in
224 1065 342 1131 eius
374 1065 802 1131 tribunatum:
847 1064 1109 1130 Laelios
1146 1075 1210 1130 et
1243 1064 1563 1129 Antonios
1600 1074 1665 1130 et
1708 1062 1776 1127 id
1808 1084 2014 1149 genus
2050 1086 2162 1127 va-

147 1158 292 1224 lentis
333 1160 492 1225 dico.
583 1159 700 1225 has
746 1181 869 1247 ego
913 1159 1032 1224 tibi
1073 1159 1314 1225 litteras
1364 1181 1441 1226 eo
1487 1158 1728 1225 maiore
1771 1158 1917 1224 misi
1968 1156 2162 1223 inter·
2194 1174 2221 1214 3

149 1254 306 1331 vall0,
347 1254 520 1339 quod
565 1254 967 1321 comitiorum
1012 1253 1345 1320 dilationes
1391 1254 1861 1341 occupatiorem
1894 1274 1999 1319 me
2044 1252 2159 1317 ha-

149 1344 342 1413 bebant
367 1360 430 1413 et
457 1359 833 1435 exspectare
857 1350 926 1413 in
953 1348 1088 1415 dies
1105 1348 1349 1415 exitum
1376 1349 1715 1435 cogebant,
1750 1358 1824 1414 ut
1852 1346 2159 1415 confectis

149 1442 396 1508 omnibus
428 1456 493 1510 te
529 1444 812 1512 facerem
847 1443 1200 1510 certiorem.
1255 1444 1338 1509 ad
1373 1444 1707 1509 Kalendas
1734 1442 1916 1510 Sext.
1952 1462 2157 1526 usque

145 1538 482 1621 exspectavi.
573 1537 910 1623 praetoriis
943 1558 1176 1603 morae·
1195 1536 1516 1621 quaedam
1550 1536 1927 1603 inciderunt.
2013 1557 2159 1602 mea

145 1648 295 1711 porro
327 1632 582 1697 comitia
628 1653 821 1716 quem
865 1642 1170 1698 eventum
1204 1630 1333 1695 sint
1368 1630 1691 1707 habitura,
1736 1629 1985 1707 nescio;
2021 1629 2159 1715 opi-

143 1722 353 1791 nionem
394 1726 691 1811 quidem,
745 1727 919 1810 quod
964 1727 1048 1792 ad
1091 1726 1362 1791 Hirrum
1414 1726 1667 1801 attinet,
1720 1724 2159 1789 incredibilem

145 1816 398 1885 aedilium
428 1821 518 1909 pl.
557 1821 832 1887 comitiis
867 1830 1058 1887 nacta
1091 1832 1259 1886 sunt.
1320 1832 1322 1837 ’
1348 1842 1499 1886 nam
1532 1819 1631 1884 M.
1662 1815 1961 1909 Coelium
1975 1818 2161 1885 Vini-

144 1910 353 1977 cianum
383 1916 629 1983 mentio
653 1915 764 1982 illa
789 1915 990 1993 fatua,
1027 1936 1222 1999 quam
1249 1914 1675 1981 deriseramus
1704 1913 1876 1991 olim
1914 1924 1977 1979 et
2010 1933 2157 2001 pro-

143 2006 404 2093 mulgatio
445 2010 528 2077 de
575 2010 886 2075 dictatore
931 2009 1144 2075 subito
1187 2009 1419 2076 deiecit
1458 2019 1525 2075 et
1558 2009 1877 2075 deiectum
1923 2028 2158 2093 magno

145 2097 374 2168 clamore
403 2104 700 2171 insecuta
727 2114 851 2181 est3
885 2104 1034 2170 inde
1063 2103 1330 2168 Hirrum
1360 2104 1573 2170 cuncti
1606 2103 1737 2169 iam
1763 2122 1893 2167 non
1920 2100 2160 2167 facien-

145 2189 266 2257 dum
292 2196 598 2305 flagitare.
689 2217 876 2285 spero
911 2209 976 2264 te
1008 2198 1300 2264 celeriter
1333 2208 1397 2263 et
1434 2198 1514 2264 de
1548 2197 1761 2275 nobis,
1806 2196 1979 2281 quod
2015 2218 2157 2283 spe-

147 2288 291 2365 rasti,
330 2302 391 2357 et
423 2293 504 2358 de
538 2292 688 2369 illo,
734 2292 908 2376 quod
941 2292 1050 2357 vix
1086 2314 1340 2379 sperare
1378 2314 1571 2358 ausus
1616 2314 1715 2370 es,
1768 2291 2155 2369 auditurum.

72 2456 74 2459 y
147 2378 206 2444 de
231 2405 290 2448 re
319 2387 575 2470 publica
613 2387 743 2452 iam
775 2386 927 2452 novi
955 2387 1301 2471 quicquam
1329 2397 1699 2474 exspectare
1728 2386 2153 2463 desieramus3
2188 2408 2217 2447 4

148 2474 232 2537 sed
261 2499 395 2543 cum
427 2492 694 2549 senatus
727 2481 984 2551 habitus
1020 2494 1188 2548 esset
1223 2482 1306 2548 ad
1342 2482 1661 2569 Apollinis
1699 2505 1757 2546 a.
1794 2482 1857 2547 d.
1893 2500 1976 2546 x1.
2004 2481 2155 2546 Kal.

148 2563 288 2634 Sext.
314 2584 376 2639 et
399 2576 748 2644 referretur
773 2575 856 2642 de
883 2577 1198 2663 stipendio
1219 2575 1344 2643 Cn.
1363 2575 1679 2664 Pompeii,
1716 2575 1957 2642 mentio
1986 2574 2159 2639 facta

147 2674 222 2725 est
248 2663 318 2731 de
349 2668 604 2755 legione
639 2692 736 2748 ea,
773 2692 968 2755 quam
1003 2694 1353 2757 expensam
1386 2672 1533 2737 tulit
1568 2668 1646 2737 C.
1667 2668 1935 2736 Caesari
1959 2668 2159 2734 Pom-

149 2755 310 2836 peius,
341 2782 466 2845 quo
499 2784 772 2829 numero
807 2776 994 2842 esset,
1031 2766 1248 2849 quoad
1278 2775 1621 2851 peteretur.
1708 2766 1745 2843 †
1778 2784 1927 2827 cum
1961 2760 2160 2826 Pom-

149 2849 292 2929 peius
339 2861 507 2924 ‘esse
552 2858 621 2923 in
673 2856 928 2936 Gallia:
982 2869 1240 2924 coactus
1294 2869 1392 2925 est
1435 2858 1645 2924 dicere
1687 2855 2038 2943 Pompeius
2090 2878 2160 2920 se

151 2937 418 3026 legionem
451 2952 910 3029 abducturum,
953 2952 1070 3019 sed
1101 2974 1233 3018 non
1267 2952 1484 3019 statim
1518 2952 1639 3018 sub
1674 2952 2062 3019 mentionem
2097 2961 2160 3017 et

153 3039 449 3112 convitium
492 3046 1024 3123 obtrectatorum3
1075 3044 1228 3111 inde
1269 3047 1698 3131 interrogatus
1741 3059 1829 3113 est
1881 3045 1963 3113 de
2014 3065 2160 3111 suc-

72 3204 74 3219 ,
153 3130 390 3201 cessione
439 3136 520 3205 O.
571 3136 901 3218 Caesaris,
964 3139 1044 3205 de
1099 3160 1228 3223 qua
1291 3138 1443 3227 [hoc
1496 3152 1595 3205 est
1651 3141 1733 3206 de
1784 3136 2155 3225 provinciis]

154 3218 408 3299 placitum
451 3244 580 3312 est,
632 3246 707 3300 ut
747 3228 945 3318 quam
989 3234 1270 3321 primum
1327 3233 1411 3298 ad
1462 3234 1688 3299 urbem
1740 3244 2163 3299 reverteretur

153 3306 248 3379 Cn.
278 3318 636 3411 Pompeius,
671 3340 745 3393 ut
777 3350 992 3394 coram
1027 3350 1106 3395 eo
1135 3327 1218 3395 de
1253 3326 1656 3392 successione
1690 3325 2161 3411 provinciarum

155 3423 433 3507 egerem-3
485 3444 640 3487 nam
674 3422 1043 3488 Ariminum
1097 3421 1181 3487 ad
1239 3420 1593 3488 exercitum
1623 3419 1973 3505 Pompeius
2026 3430 2163 3485 erat

155 3506 346 3605 {tl-ltus,
390 3524 455 3577 et
497 3515 712 3581 statim
755 3516 847 3581 iit.
937 3528 1094 3603 puto
1132 3516 1360 3581 Idibus
1398 3514 1578 3583 Sext.
1615 3514 1696 3581 de
1732 3536 1809 3581 ea
1842 3536 1913 3580 re
1948 3524 2163 3581 actum

157 3608 229 3655 m.
301 3605 576 3685 profecto
621 3620 736 3675 aut
775 3606 1165 3697 transigetur
1203 3609 1474 3695 aliquid,
1520 3620 1633 3677 aut
1667 3609 1937 3695 turpiter
1968 3608 2163 3673 inter-

157 3686 392 3794 caletur.
441 3724 594 3769 nam
617 3699 688 3769 in
711 3704 1104 3791 disputando
1121 3705 1351 3771 coiecit
1377 3704 1554 3769 illam
1578 3726 1805 3771 vocem
1823 3700 1947 3768 Cn.
1966 3702 2163 3767 Pom-

158 3793 332 3864 ΡθΙΠΒ,
373 3798 574 3865 omnis
610 3810 902 3889 oportere
949 3799 1199 3865 senatui
1233 3799 1405 3865 dicto
1441 3798 1755 3864 audientis
1790 3810 1949 3865 esse.
2040 3816 2163 3883 ego

157 3876 334 3945 tamen
366 3885 454 3953 sic
485 3890 641 3957 nihil
685 3903 1018 3978 exspecto,
1072 3913 1200 3977 quo
1244 3892 1437 3957 modo
1470 3892 1782 3968 Paulum,
1836 3890 2163 3956 consulem

163 3956 546 4061 ᾱθθῖἓῐὶὸΐωῑι,
598 3986 877 4072 primum
934 3985 1315 4053 sententiam
1357 3984 1692 4052 dicentem.
1791 3985 2044 4071 saepius
2096 3996 2161 4051 te
2197 4000 2225 4042 5

165 4058 428 4139 a‘lllloneo
454 4078 534 4147 de
559 4083 925 4171 syngrapha
951 4081 1255 4158 Sittiana3
1289 4079 1481 4166 cupio
1506 4078 1679 4147 enim
1706 4090 1769 4147 te
1792 4078 2165 4167 intellegere
