2675 4559
442 261 577 330 374
925 305 933 313 -
1058 273 1137 326 M.
1172 269 1450 330 TULLII
1481 268 1884 341 monachus

438 399 755 474 Arabum,
790 419 986 482 quem
1019 394 1309 461 homines
1336 391 1679 481 opinantur
1712 393 1878 458 bene
1912 393 2148 459 sentire
2182 393 2492 460 amicum·-

438 515 565 578 que
610 513 752 560 esse
794 491 888 557 rei
938 489 1235 576 publicae
1285 498 1570 564 nostrae,
1620 486 1871 552 litterae
1915 484 1995 553 de
2035 486 2245 552 isdem
2296 487 2488 553 rebus

375 608 402 648 ι
435 584 595 651 mihi
634 584 922 651 redditae
967 593 1137 650 sunt.
1223 582 1323 646 his
1359 580 1551 647 rebus
1586 579 1844 657 adhue,
1881 578 2003 648 etsi
2033 579 2486 666 intellegebam

438 679 643 744 socios
677 679 927 744 infirme
962 677 1276 742 animatos
1304 698 1445 741 esse
1473 684 1538 740 et
1569 696 1884 739 novarum
1915 697 2131 740 rerum
2157 685 2490 761 exspecta-

436 775 609 840 tione
636 795 999 860 suspenso&
1036 771 1376 858 sperabam
1402 779 1620 838 tamen
1646 763 1778 846 eoa,
1811 768 1897 833 ad
1921 789 2085 853 quos
2118 768 2250 834 iam
2277 789 2491 834 acces-

436 890 646 933 seram
698 867 937 954 quique
988 876 1272 932 nostram
1325 863 1882 930 mansuetudinem
1932 862 2490 948 integritatemque

436 972 912 1048 perspexerant,
950 959 1281 1026 amiciores
1314 959 1554 1046 populo
1570 957 1864 1024 Romano
1892 978 2031 1021 esse
2065 956 2294 1034 factos,
2329 955 2492 1022 Gili-

436 1056 602 1122 ciam
628 1066 843 1121 autem
867 1053 1214 1120 firmiorem
1246 1052 1407 1130 fore,
1445 1052 1499 1117 si
1525 1051 1862 1138 aequitatis
1888 1061 2143 1115 nostrae
2169 1049 2490 1136 particeps

434 1150 609 1215 facta
652 1159 837 1214 esset.
924 1158 990 1214 et
1032 1148 1117 1211 ob
1163 1169 1307 1213 eam
1349 1168 1611 1212 causam
1653 1155 1720 1212 et
1763 1155 1837 1209 ut
1870 1144 2381 1232 opprimerentur
2420 1143 2492 1220 ii,

436 1243 546 1327 qui
582 1265 664 1308 ex
699 1239 991 1306 Cilicum.
1012 1251 1207 1326 gente
1238 1240 1308 1304 in
1332 1239 1529 1306 armis
1557 1249 1788 1324 essent,
1825 1248 1890 1308 et
1921 1249 1997 1304 ut
2028 1238 2230 1306 hostis
2263 1237 2341 1316 ie,
2378 1237 2494 1323 qui

435 1353 603 1402 esset
636 1337 705 1401 in
722 1334 931 1419 Syria,
969 1334 1159 1400 sciret
1194 1333 1544 1405 exercitum
1577 1332 1802 1419 populi
1827 1331 2105 1398 Romani
2137 1353 2271 1396 non
2293 1333 2492 1396 modo

431 1451 562 1494 non
594 1427 941 1494 recedere
922 1427 1001 1492 iis
1035 1426 1273 1492 nuntiis
1311 1426 1572 1502 adlatis,
1619 1426 1735 1491 sed
1769 1425 1963 1491 etiam
2005 1425 2270 1513 propius
2303 1447 2492 1492 acce-

372 1544 399 1582 ι
432 1522 604 1600 dere,
640 1521 993 1588 exercitum
1028 1520 1112 1586 ad
1142 1521 1436 1586 Taurum
1469 1519 1715 1585 institui
1747 1521 2003 1585 ducere.
2067 1519 2203 1594 sed,
2237 1519 2294 1584 ei
2329 1518 2491 1602 quid

433 1616 608 1703 apud
635 1637 749 1682 vos
776 1616 1122 1694 auctoritas
1150 1637 1295 1682 mea
1326 1613 1628 1701 ponderis
1651 1613 1925 1692 habet,
1905 1637 1974 1678 ιιι
1999 1613 2077 1678 iis
2111 1612 2489 1702 praesertim

429 1711 651 1794 rebus,
686 1731 849 1796 quas
884 1731 1001 1775 vos
1036 1710 1335 1788 audistis,
1370 1731 1494 1796 ego
1526 1729 1731 1796 paene
1767 1729 1988 1786 cerne,
2021 1729 2261 1794 magno
2295 1730 2492 1794 opere

430 1825 546 1869 vos
582 1814 649 1870 et
678 1795 923 1869 hortor
931 1815 996 1869 et
1030 1825 1286 1879 monce,
1332 1813 1406 1868 ut
1437 1802 1536 1868 his
1579 1801 1924 1888 provinciis
1959 1800 2162 1866 serius
2196 1821 2312 1865 vos
2347 1803 2496 1886 qui-

431 1896 607 1975 dem,
642 1919 839 1984 quam
873 1897 1117 1974 decuit,
1156 1897 1269 1962 sed
1302 1895 1646 1981 aliquando
1681 1915 1900 1960 tamen
1933 1894 2297 1961 consulatis.
2369 1917 2492 1960 nos

430 2013 623 2076 quem
658 1991 742 2056 ad
785 1991 1049 2056 modum
1090 1992 1430 2057 instructos
1465 2001 1529 2056 et
1561 1989 1796 2074 quibus
1837 1988 2174 2074 praesidiis
2208 1989 2490 2054 munitos

430 2082 515 2148 ad
550 2085 709 2149 tanti
744 2085 894 2150 belli
929 2085 1295 2171 opinionem
1328 2085 1656 2161 miseritis,
1690 2106 1821 2149 non
1855 2083 2006 2148 estis
2037 2082 2276 2170 ignari·
2309 2084 2490 2167 quod

430 2197 552 2261 ego
576 2177 911 2264 negotium
936 2199 1066 2242 non
1100 2178 1368 2244 stultitia
1393 2188 1788 2256 occaecatuS,
1815 2178 1932 2242 sed
1957 2176 2344 2243 verecundia
2371 2177 2490 2242 de-

427 2269 681 2334 territus
724 2291 855 2333 non
902 2271 1193 2336 recusavi
1204 2296 1223 2348 3
1268 2293 1479 2354 neque
1525 2271 1697 2338 enim
1730 2293 2040 2357 umquam
2071 2271 2276 2336 ullum
2315 2272 2490 2356 peri-

426 2361 647 2426 culum
688 2373 939 2427 tantum
980 2365 1231 2450 putavi,
1281 2365 1461 2448 quod
1507 2365 1954 2452 subterfugere
1997 2366 2256 2431 mallem
2289 2387 2492 2449 quam

366 2473 393 2514 ὅ
426 2465 677 2522 vestrae
714 2454 1075 2522 auctoritati
1108 2457 1573 2544 obtemperare.
1652 2459 1776 2526 hoc
1809 2470 2026 2524 autem
2061 2470 2348 2545 tempore
2383 2483 2492 2526 rea

424 2573 566 2616 cese
599 2550 695 2616 sic
727 2549 954 2628 habet,
1006 2563 1110 2629 ut,
1160 2551 1287 2616 nisi
1322 2554 1674 2620 exercitum
1719 2563 1997 2629 tantum,
2049 2563 2370 2636 quantum
2405 2555 2494 2619 ad

425 2644 776 2711 maximum
810 2645 1052 2710 bellum
1093 2645 1345 2712 mittere
1389 2647 1635 2723 soletis,
1677 2657 1928 2712 mature
1971 2647 2040 2711 in
2072 2645 2190 2711 has
2220 2647 2494 2732 provin-

426 2739 557 2805 cias
590 2739 907 2818 miseritis,
943 2761 1265 2805 summum
1299 2741 1655 2826 periculum
1691 2741 1794 2816 sit,
1831 2763 1912 2806 nc
1939 2739 2330 2806 amittendae
2357 2741 2494 2806 sint

424 2853 645 2897 omnes
680 2855 797 2898 eae
840 2834 1236 2919 provinciae,
1292 2835 1526 2918 quibus
1569 2834 1908 2920 vectigalia
1949 2834 2173 2921 populi
2205 2833 2496 2900 Romani

423 2925 846 2994 continentur.
934 2948 1131 3012 quam
1164 2928 1249 2992 ob
1282 2949 1421 2994 rem
1455 2939 1670 2994 autem
1703 2928 1770 2992 in
1805 2927 1930 2992 hoc
1975 2927 2352 3014 provinciali
2387 2929 2492 2994 di-

420 3017 593 3085 lectu
618 3041 801 3106 spem
826 3019 1115 3086 habeatis
1144 3021 1447 3106 aliquam,
1473 3043 1670 3088 causa
1693 3022 1870 3087 nulla
1897 3036 2032 3087 est}
2059 3043 2271 3106 neque
2296 3024 2490 3087 multi

422 3124 571 3178 sunt
604 3123 670 3180 et
704 3111 1057 3200 diffugiunt
1086 3115 1198 3198 qui
1232 3127 1384 3180 sunt
1415 3127 1594 3182 metu
1625 3115 1872 3194 oblat03
1925 3115 2019 3193 et}
2061 3116 2239 3201 quod
2271 3139 2486 3202 genus

418 3207 542 3272 hoc
575 3207 850 3273 militum
893 3208 1005 3286 ait,
1048 3206 1360 3275 iudicavit
1405 3209 1506 3275 vir
1545 3210 1929 3277 fortissimus
1963 3209 2062 3275 M.
2099 3211 2382 3276 Bibulus
2415 3211 2488 3275 in

416 3302 601 3379 Asia,
637 3303 780 3387 qui,
818 3325 969 3368 cum
1000 3324 1117 3369 vos
1152 3305 1213 3370 ei
1244 3304 1715 3390 permisissetiS,
1749 3305 2056 3372 dilectum
2089 3305 2332 3371 habere
2365 3326 2488 3370 no-

415 3397 624 3462 luerit.
710 3421 862 3463 nam
897 3398 1216 3464 sociorum
1266 3399 1508 3465 auxilia
1540 3410 1802 3487 propter
1835 3399 2248 3466 acerbitatem
2283 3412 2488 3485 atque

416 3489 678 3556 iniurias
710 3492 961 3578 imperii
994 3493 1195 3558 nostri
1228 3504 1342 3558 aut
1375 3493 1468 3558 ita
1500 3493 1800 3560 inbecilla
1832 3505 2002 3572 sunt,
2037 3505 2112 3558 ut
2146 3516 2278 3558 non
2311 3495 2491 3560 mul-

416 3595 555 3647 tum
586 3603 705 3649 nos
731 3585 952 3652 iuvare
985 3586 1253 3672 possint,
1288 3597 1402 3652 aut
1433 3588 1526 3654 ita
1549 3587 1826 3654 alienata
1852 3611 1892 3652 a
1915 3587 2125 3664 nobis,
2157 3600 2234 3652 ut
2263 3609 2492 3673 neque

416 3679 915 3762 exspectandum
949 3680 1034 3745 ab
1075 3681 1155 3745 iis
1200 3702 1414 3764 neque
1449 3681 1972 3750 committendum
2014 3682 2094 3748 iis
2127 3682 2490 3768 quicquam

355 3781 381 3820 ⁶
416 3791 556 3834 esee
607 3771 921 3838 videatur.
1007 3775 1179 3860 regie
1220 3774 1515 3841 Deiotari
1561 3787 1627 3841 et
1671 3777 2063 3842 voluntatem
2114 3788 2180 3842 et
2232 3778 2492 3865 copiaa,

414 3872 971 3950 quantaecumque
1005 3881 1184 3946 sunt,
1229 3879 1480 3936 nostras
1515 3891 1656 3936 esse
1691 3871 1886 3948 duco3
1923 3867 2346 3956 Cappadocia
2385 3883 2492 3936 eet

410 3951 649 4030 inanis;
694 3959 924 4042 reliqui
956 3983 1144 4051 reges
1180 3964 1564 4048 tyrannique
1598 3987 1808 4050 neque
1842 3964 2075 4052 opibus
2117 3964 2276 4030 satie
2307 3965 2492 4030 firmi

410 4063 533 4107 nec
558 4049 889 4118 voluntate
920 4067 1089 4122 flunt.
1140 4058 1348 4124 ιιιιιιι
1328 4084 1398 4125 ιιι
1421 4061 1545 4127 hac
1571 4063 1895 4146 paucitate
1919 4061 2193 4126 militum
2219 4062 2492 4126 animus
