2675 4559
755 248 1311 307 EPISTOLARUM
1346 251 1453 336 111.
1492 252 1663 307 3—5.
2155 240 2242 308 49

168 401 332 464 quae
371 376 561 441 illum
597 395 847 439 mecum
884 373 1060 457 loqui
1105 374 1332 439 velles:
1380 398 1526 440 eum
1576 398 1729 441 sane
1766 379 2237 463 exspectabam,

65 548 71 556 ‚
167 487 238 539 ut
281 494 394 551 ea,
453 492 622 556 quae
667 492 707 534 a
740 480 805 534 te
841 468 1147 547 adferret,
1201 490 1399 553 quam
1442 469 1721 556 primum
1768 492 2238 558 cognoscerem.

74 638 76 641 ,
168 590 386 633 meum
435 563 722 631 studium
766 586 922 650 erga
965 574 1032 629 te
1075 572 1140 629 et
1182 563 1501 641 officium,
1554 566 1809 631 tametsi
1852 566 2067 633 multis
2110 568 2241 633 iam

169 661 365 728 rebus
401 680 595 746 spero
629 657 748 723 tibi
783 680 924 723 esse
959 657 1315 744 cognitum,
1352 668 1567 724 tamen
1601 659 1671 725 in
1703 659 1783 725 iis
1817 661 2094 728 maxime
2130 662 2241 728 de-

172 754 459 831 01010110,
508 752 746 837 quibus
790 752 1135 837 plurimum
1170 752 1532 839 significare
1568 764 1837 839 potuero
1871 765 2050 821 tuam
2083 756 2241 821 mihi

66 857 69 862 ’
172 847 710 915 existimationem
759 856 824 912 et
869 845 1243 932 dignitatem
1289 847 1683 912 carissimam
1727 870 1887 915 esse.
1975 848 2133 914 mihi
2179 860 2243 916 et

57 973 75 1002 μ
176 942 257 1025 Q.
290 940 548 1007 Fabius
581 939 994 1026 Vergilianus
1038 951 1104 1006 et
1140 937 1218 1006 O.
1255 940 1530 1007 Flaccus
1566 941 1649 1005 L.
1685 941 1734 1007 f.
1780 952 1845 1008 et
1890 942 2242 1029 diligentis-

174 1037 329 1102 sime
372 1036 479 1100 Μ.
517 1032 834 1101 Octavius
879 1031 1002 1099 Cn.
1047 1033 1094 1098 f.
1142 1034 1602 1101 demonstravit
1643 1058 1749 1101 me
1794 1059 1835 1101 a
1877 1048 1941 1103 te
1984 1037 2243 1123 plurimi

170 1131 334 1209 fieri;
381 1129 565 1215 quod
611 1140 867 1215 egomet
911 1128 1130 1194 multis
1166 1130 1560 1215 argumentis
1604 1129 1735 1195 iam
1770 1140 1958 1196 antea
2000 1130 2243 1195 iudica-

170 1250 306 1292 ram
341 1225 757 1308 maximeque
798 1224 909 1289 illo
942 1223 1106 1289 libro
1141 1224 1467 1336 augurali,
1517 1246 1710 1309 quem
1755 1224 1839 1290 ad
1883 1248 1989 1291 me
2024 1248 2245 1290 aman-

43 1330 51 1403 }
170 1321 417 1386 tissime
453 1319 764 1405 scriptum
809 1318 1261 1384 suavissimum
1304 1319 1554 1385 misisti.
1644 1342 1790 1387 mea
1823 1320 1893 1384 in
1927 1331 1992 1386 te
2027 1319 2242 1385 omnia

43 1406 62 1497 ξ
170 1437 428 1480 summa
479 1412 968 1478 necessitudinis
1022 1412 1235 1479 officia
1290 1413 1677 1480 constabunt
1689 1438 1708 1492 3
1770 1437 1924 1479 nam
1977 1436 2126 1480 cum
2177 1424 2241 1480 10

165 1509 415 1595 ipsum,
472 1531 556 1573 ex
600 1527 728 1590 quo
773 1518 1060 1592 tempore
1101 1519 1174 1573 tu
1213 1530 1320 1573 me
1358 1508 1626 1594 diligere
1668 1508 1961 1594 coepisti,
2009 1507 2243 1574 cotidie

166 1603 372 1689 pluris
419 1601 576 1679 feci,
632 1611 770 1667 tum
815 1611 1221 1667 accesserunt
1267 1602 1462 1668 etiam
1497 1602 1973 1667 coniunctiones
2019 1618 2243 1669 neces-

169 1698 489 1763 sariorum
553 1707 838 1761 tuorum:
903 1695 1032 1760 duo
1087 1696 1259 1761 enim
1313 1697 1587 1762 duarum
1640 1707 1925 1762 aetatum
1985 1696 2242 1781 plurimi

167 1791 358 1868 facio,
399 1787 526 1855 Cn.
549 1789 955 1877 Pompeium,
989 1790 1160 1855 filiae
1196 1799 1349 1855 tuae
1382 1811 1696 1866 socerum,
1734 1800 1798 1856 et
1823 1790 1923 1855 M.
1943 1790 2240 1868 Brutum,

167 1907 485 1972 generum
527 1895 742 1961 tuum3
796 1884 1199 1971 conlegiique
1245 1884 1638 1960 coniunctiO,
1692 1883 2066 1969 praesertim
2109 1893 2242 1949 tam

166 1979 520 2044 honorifice
559 2001 598 2043 a
631 1989 696 2044 te
740 1978 1124 2064 adprobata,
1177 2001 1310 2044 non
1352 1978 1674 2044 mediocre
1710 1977 2041 2043 vinculum
2084 1976 2242 2042 mihi

170 2074 436 2158 quidem
483 2072 770 2139 attulisse
817 2074 1072 2138 videtur
1107 2073 1191 2138 ad
1236 2074 1600 2139 voluntates
1643 2084 1893 2139 nostras
1937 2073 2242 2159 copulan-

169 2169 303 2233 das.
396 2166 515 2233 sed
562 2177 654 2245 et,
709 2167 764 2231 si
810 2165 1115 2233 Clodium
1163 2188 1554 2245 convenere,
1608 2190 1690 2233 ex
1735 2167 1904 2233 illius
1950 2188 2239 2233 sermone

169 2262 249 2327 ad
292 2274 361 2328 10
410 2261 691 2327 scribam
733 2263 949 2348 plura,
997 2274 1063 2328 et
1104 2262 1243 2348 ipse
1279 2283 1542 2349 operam
1578 2261 1780 2338 dabo,
1826 2272 1891 2328 10
1934 2272 2010 2328 ut
2044 2282 2240 2347 quam

169 2357 449 2442 primum
514 2355 789 2421 videam.
903 2356 1079 2440 quod
1141 2356 1366 2422 scribis
1429 2356 1548 2421 tibi
1610 2355 1914 2423 manendi
1979 2376 2240 2421 causam

172 2473 314 2516 eam
347 2451 583 2527 fuisse,
625 2460 700 2514 ut
731 2473 836 2517 me
873 2450 1276 2529 convenires,
1326 2450 1396 2515 id
1433 2450 1620 2528 mihi,
1671 2473 1755 2516 ne
1788 2450 2089 2528 mentiar,
2143 2460 2239 2518 081

174 2559 450 2633 gratum.

1170 2780 1242 2839 V.

500 2883 620 2942 Ser.
644 2884 932 2940 Trallibus
952 2901 1002 2939 a.
1024 2884 1079 2938 d.
1099 2882 1202 2941 VI.
1223 2884 1359 2939 Kal.
1381 2882 1533 2939 Sext.
1554 2901 1606 2940 a.
1636 2901 1690 2937 u.
1713 2899 1762 2938 c.
1782 2881 1901 2938 ⁷03.

613 2990 693 3043 Μ.
734 2984 1010 3043 CICERO
1049 2985 1105 3042 S.
1142 2986 1216 3042 D.
1253 2987 1376 3042 ΑΡ.
1415 2985 1802 3044 PULCHRO.

300 3111 536 3177 Trallis
572 3109 718 3176 veni
756 3132 812 3174 a.
852 3109 1228 3174 d.v1.Kal.
1271 3094 1453 3177 sexi.
1506 3109 1599 3175 ibi
1635 3108 1791 3173 mihi
1828 3120 2083 3193 praesto
2115 3108 2243 3173 fuit

185 3204 260 3270 L.
292 3205 587 3271 Lucilius
633 3226 782 3269 cum
828 3203 1052 3269 litteris
1097 3203 1544 3286 mandatisque
1590 3202 1717 3267 tuis
1731 3225 1750 3279 3
1806 3222 1935 3285 quo
1980 3201 2243 3285 quidem

189 3298 496 3366 hominem
529 3298 852 3365 neminem
895 3298 1158 3383 potuisti
1192 3319 1313 3363 nec
1358 3296 1517 3361 mihi
1566 3295 1934 3361 amiciorem
1968 3316 2118 3371 nec,
2170 3306 2244 3360 ut

194 3396 474 3475 arbitror,
511 3396 596 3462 ad
632 3417 711 3462 ea
745 3394 1223 3481 cognoscenda,
1263 3414 1428 3478 quae
1465 3391 1627 3458 scire
1662 3389 1992 3469 volebam,
2040 3388 2244 3475 aptio-

195 3512 316 3555 rem
346 3490 910 3578 prudentioremve
943 3490 1213 3555 mittere.
1305 3510 1429 3575 ego
1466 3498 1684 3552 autem
1720 3497 1781 3551 01
1817 3495 1963 3549 tuas
1997 3483 2241 3551 litteras

196 3584 314 3671 legi
341 3587 611 3653 libenter
655 3596 721 3651 et
764 3584 982 3650 audivi
1016 3584 1348 3650 Lucilium
1386 3583 1743 3669 diligenter.
1830 3602 2032 3658 nunc,
2082 3599 2243 3664 quo-

203 3679 354 3747 niam
401 3694 465 3748 et
515 3692 588 3747 tu
632 3680 726 3747 ita
777 3681 974 3747 sentis
1008 3712 1100 3728 --
1131 3679 1356 3745 scribis
1406 3678 1606 3756 enim,
1662 3698 1828 3761 quae
1875 3676 1955 3739 de
2007 3672 2242 3739 nostris

206 3773 407 3841 officiis
449 3797 572 3863 ego
620 3775 705 3841 ad
735 3786 814 3872 ‘te
858 3774 1252 3860 scripserim,
1307 3774 1427 3839 etsi
1479 3773 1599 3839 tibi
1649 3770 1931 3837 iucunda
1980 3766 2241 3842 fuerint,

208 3877 422 3948 tamen,
473 3858 775 3955 quoniam
812 3892 895 3937 ex
939 3871 1069 3936 alto
1105 3869 1375 3955 repetita
1410 3869 1564 3945 sint,
1620 3889 1751 3932 non
1784 3859 2144 3930 necessaria
2176 3869 2243 3926 te

213 3973 440 4044 putasse
471 4001 560 4013 —
594 3976 660 4032 et
700 3988 772 4031 re
828 3988 984 4031 vera
1037 3964 1411 4031 confirmata
1464 3960 1743 4026 amicitia
1794 3968 1859 4023 et
1909 3965 2245 4043 perspecta

218 4054 322 4123 fide
351 4060 862 4133 commemoratio
900 4060 1259 4127 officiorum
1293 4077 1771 4145 supervacanea
1806 4062 1904 4119 est
1935 4085 2053 4131 -,
2100 4071 2245 4118 eam

307 4157 507 4205 Ciceronis
524 4164 608 4208 vol.
627 4162 702 4208 11.
1919 4153 1955 4207 4
