2675 4559
531 228 672 296 474
1150 244 1226 297 Μ.
1265 243 1539 301 TULLII
1572 240 1979 300 CICERONIS

531 389 616 433 ex
653 367 921 453 epistola
955 378 1070 432 tua
1103 367 1244 453 cepi
1279 368 1693 453 voluptatem.
1764 366 1941 451 quod
1978 388 2084 430 me
2118 364 2452 430 institutum
2483 365 2547 429 ad

529 460 714 527 illu'm
756 466 990 546 poe'ma
1031 462 1216 529 iubes
1259 461 1595 548 perficere,
1649 461 1769 527 etsi
1810 460 2133 527 distentus
2179 480 2319 525 cum
2366 479 2547 544 opera,

527 565 670 620 tum
697 554 910 621 animo
939 578 1083 621 sum
1109 556 1312 621 multo
1337 554 1567 641 magis,
1593 566 1829 632 tamen,
1854 554 2173 639 quoniam
2198 576 2279 617 ex
2304 550 2549 637 epistola,

528 670 726 734 quam
773 647 857 712 ad
901 661 964 714 te
1008 650 1340 727 miseram,
1394 648 1695 737 cognovit
1732 644 1982 726 Caesar
2029 670 2137 714 me
2180 644 2409 731 aliquid
2438 666 2550 710 esse

529 760 851 819 exorsum,
885 753 1170 809 revertar
1198 740 1282 807 ad
1315 743 1675 808 institutum
1708 740 1902 825 idque
1940 740 2274 829 perficiam
2306 735 2397 801 his
2422 758 2551 820 sup-

526 833 944 921 plicationum
961 834 1180 901 otiosis
1209 833 1458 913 diebus,
1478 834 1713 921 quibus
1731 831 2119 901 Messallam
2146 834 2273 899 iam
2306 841 2551 896 nostrum

527 928 936 1015 reliquosque
963 929 1253 995 molestia
1280 930 1525 997 levatos
1554 928 1967 995 vehementer
2005 927 2283 1015 gaudee,
2318 943 2553 1005 eumque

531 1024 706 1111 quod
749 1035 993 1089 certum
1038 1024 1364 1089 consulem
1410 1044 1558 1091 cum
1594 1020 1882 1089 Domitio
1928 1021 2314 1101 numeratis,
2357 1016 2493 1082 nihil
2522 1038 2551 1077 a

526 1129 748 1183 nostra
782 1118 1081 1205 opinione
1116 1115 1483 1185 dissentitis.
1549 1138 1672 1205 ego
1698 1118 2079 1185 Messallam
2112 1112 2371 1183 Caesari
2402 1132 2551 1197 prae·

528 1210 732 1278 stabo.
823 1212 938 1278 sed
981 1210 1332 1278 Memmius
1376 1210 1445 1275 in
1489 1211 1770 1277 adventu
1806 1208 2114 1277 Caesaris
2158 1208 2347 1273 habet
2384 1224 2547 1290 spem,

525 1306 595 1371 in
637 1327 768 1391 quo
811 1306 992 1370 illum
1036 1317 1196 1391 puto
1241 1328 1483 1383 errare;
1536 1304 1642 1371 hic
1685 1305 1947 1391 quidem
1991 1304 2193 1390 friget
2201 1328 2219 1380 ;
2274 1300 2546 1367 Scaurum

467 1419 493 1457 ι
527 1410 739 1465 autem
787 1398 917 1465 iam
959 1398 1210 1485 pridem
1242 1398 1597 1487 Pompeius
1645 1396 1893 1465 abiecit.
1986 1421 2093 1464 res
2142 1395 2436 1483 prolatae3
2481 1387 2544 1451 ad

523 1492 960 1579 interregnum
997 1492 1256 1559 comitia
1290 1492 1588 1559 adducta.
1676 1516 1894 1559 rumor
1930 1490 2262 1559 dictatoris
2296 1486 2543 1551 iniucun-

524 1587 644 1653 dus
690 1587 907 1663 bonis„
961 1586 1120 1651 mihi
1165 1588 1359 1652 etiam
1393 1588 1601 1673 magis
1636 1609 1803 1672 quae
1837 1587 2213 1673 loquuntur.
2278 1579 2399 1646 sed
2438 1588 2541 1641 tota

521 1704 626 1749 res
661 1692 727 1747 et
771 1681 1032 1747 timetur
1067 1693 1132 1747 et
1175 1681 1553 1768 refrigescit.
1641 1682 1997 1769 Pompeius
2040 1680 2235 1767 plane
2278 1696 2345 1741 se
2384 1678 2540 1755 negat

523 1776 720 1854 velle3
765 1787 956 1842 antea
987 1776 1146 1841 mihi
1189 1776 1328 1862 ipse
1362 1798 1493 1841 non
1526 1776 1828 1863 negabat.
1916 1777 2163 1841 Hirrus
2196 1780 2405 1837 auctor
2429 1764 2537 1828 fore

522 1870 802 1937 videtur:
857 1893 898 1935 o
933 1870 1030 1949 di,
1075 1890 1273 1954 quam
1316 1870 1603 1957 ineptus!
1656 1892 1853 1955 quam
1886 1894 1959 1939 se
2004 1871 2149 1957 ipse
2191 1882 2398 1932 amans
2428 1857 2535 1923 Sine

520 1964 736 2030 rivali!
790 1961 1100 2030 Crassum
1135 1964 1511 2043 Iunianum,
1556 1964 1879 2031 hominem
1914 1964 2081 2031 mihi
2116 1959 2410 2030 deditum,
2443 1968 2535 2035 Pes

519 2080 626 2125 me
661 2057 997 2125 deterruitz
1043 2058 1200 2124 velit
1231 2058 1419 2135 nolit,
1464 2059 1629 2125 scire
1664 2059 1927 2125 difficile
1962 2070 2093 2136 est3
2140 2055 2327 2121 Hirro
2358 2060 2530 2113 nmen

521 2164 752 2240 agente
795 2154 964 2219 nolle
1010 2174 1080 2219 se
1111 2175 1242 2219 non
1277 2153 1595 2241 probabit.
1684 2154 1861 2220 aliud
1904 2154 2034 2221 hoc
2077 2164 2353 2235 tempore
2382 2140 2449 2205 ‘le
2474 2155 2529 2243 fe
2616 2168 2618 2254 Ῑ

463 2298 472 2316 .
516 2246 778 2331 publica
819 2246 978 2311 nihil
1021 2246 1483 2330 loquebantur3
1528 2248 1845 2335 agebatur
1884 2247 2153 2333 quidem
2187 2250 2347 2309 certe
2382 2228 2523 2299 mhfl·

455 2355 482 2397 5
518 2334 782 2405 Serrani
813 2338 1172 2403 Domestici
1203 2338 1320 2405 filii
1356 2342 1555 2407 funus
1588 2342 2073 2429 perluctuosum
2106 2339 2233 2405 fuit
2262 2358 2317 2401 a.
2346 2328 2399 2397 d·
2420 2344 2521 2391 ΠΗ·

455 2450 482 2491 e
513 2430 668 2495 Kal.
705 2430 1051 2497 Deccmbr.
1138 2433 1433 2500 laudavit
1478 2447 1664 2522 pater
1716 2437 1953 2523 scripto
2008 2456 2177 2503 meo.
2267 2443 2419 2493 nunc
2458 2416 2519 2525 fle
2614 2444 2616 2509 g

513 2524 784 2591 Milone.
835 2524 1188 2613 Pompeius
1223 2527 1286 2593 ei
1317 2529 1479 2597 nihil
1513 2527 1737 2596 tribuit
1770 2542 1840 2597 et
1868 2532 2091 2597 omnia
2116 2526 2347 2595 Guttae
2376 2516 2521 2580 dimt-
2615 2532 2616 2548 ἱ

515 2641 640 2705 que
687 2642 760 2687 se
799 2618 1266 2707 perfecturum,
1319 2634 1394 2688 ut
1430 2622 1559 2711 [in]
1604 2625 1714 2690 illo
1750 2622 1997 2691 Caesar
2042 2618 2381 2691 incumbat:
2423 2608 2515 2712 ΙΝ.»

513 2714 732 2783 horret
761 2714 959 2794 Milo,
1010 2738 1132 2782 nec
1173 2716 1443 2795 iniuria,
1491 2731 1585 2797 et,
1635 2720 1691 2783 si
1742 2720 1853 2785 ille
1896 2720 2175 2786 dictator
2214 2713 2403 2779 factm
2438 2708 2515 2769 δή,

511 2831 718 2895 paene
763 2810 1014 2875 diffidit.
1101 2812 1591 2880 intercessorem
1624 2813 1979 2880 dictaturae
2013 2816 2073 2880 si
2114 2804 2331 2878 iuverit
2360 2810 2510 2903 manu
2612 2812 2614 2831 ²

511 2914 578 2967 et
609 2904 931 2986 praesidio
967 2927 1108 2984 suo,
1142 2906 1531 2993 Pompeium
1564 2909 1793 2975 metuit
1822 2909 2185 2984 inimicum3
2216 2902 2271 2968 si
2300 2916 2412 2963 non
2436 2907 2511 2994 1¹3·

511 2997 691 3075 verit,
727 2998 909 3065 timet
943 3022 1026 3067 ne
1059 3022 1178 3087 per
1209 3002 1343 3067 vim
1376 3002 1751 3088 perferatur.
1804 3004 1993 3071 ludos
2018 3004 2281 3091 adparat
2308 3002 2506 3072 m⁸g¹¹¹'
2611 3064 2612 3071 ,

508 3090 982 3171 ficentissimoe3
1017 3096 1133 3172 sic,
1165 3096 1452 3180 mquam,
1482 3108 1561 3162 ut
1590 3120 1787 3165 nemo
1810 3097 2327 3185 sumptuosiores:
2357 3077 2506 3147 stulte
2611 3096 2612 3134 ἰ

377 3222 384 3229 -
507 3184 608 3251 bis
641 3196 902 3271 terque,
943 3210 1076 3253 non
1109 3191 1503 3275 postulatus3
1548 3192 1653 3257 vel
1682 3190 1851 3276 -quia
1882 3214 2119 3260 munus
2152 3176 2498 3271 magnffifflm

507 3278 794 3357 dederat,
818 3280 922 3347 vel
937 3283 1098 3366 quia
1119 3284 1463 3351 facultates
1484 3308 1618 3353 non
1646 3299 1849 3366 erant,
1870 3288 2003 3377 [vel
2030 3289 2181 3374 quia
2205 3256 2495 3363 magimf’]
2608 3348 2610 3357 ⁴

508 3374 610 3438 vel
662 3376 820 3458 qnia
868 3388 1168 3462 potuerat
1219 3380 1599 3466 magistrum
1650 3404 1721 3447 se
1734 3431 1753 3461 ,
1804 3405 1939 3452 non
1992 3382 2253 3449 aedilem
2298 3376 2491 3457 Pam·
2609 3388 2610 3417 ³

505 3468 721 3533 onmia
753 3469 892 3535 fere
925 3469 1170 3557 scripsi.
1225 3492 1403 3551 cura,
1437 3475 1527 3539 mi
1562 3476 1887 3543 carissime
1921 3474 2137 3555 frater,
2170 3482 2239 3537 ut
2270 3461 2459 3531 valcas·

1478 3634 1585 3691 IX.
2232 3688 2241 3691 .

763 3726 882 3785 Scr.
903 3728 1120 3789 Romae
1141 3738 1385 3791 munte
1404 3753 1593 3793 mense
1618 3737 1923 3795 Novembri
1946 3754 1999 3796 a.
2024 3756 2083 3794 u.
2104 3756 2151 3795 c.
2176 3731 2281 3790 700·

839 3832 1160 3891 MARCUS
1195 3836 1496 3899 QUINTO
1522 3840 1813 3898 MATRI
1836 3838 2207 3899 SALUTEM-

441 3939 466 3979 ι
625 3927 738 3995 De
771 3929 1055 4003 Gabinio
1089 3938 1247 4005 nihil
1281 3940 1409 4007 fuit
1442 3942 1811 4011 faciendum
1854 3944 2151 4023 istorum,
2202 3950 2345 4024 quw
2370 3946 2401 3987 ⁸
2436 3926 2481 3978 ‘⁶

499 4022 927 4095 amantissime
959 4033 1244 4117 cogitata
1277 4048 1446 4103 sunt.
1515 4038 1669 4106 τότε
1702 4064 1823 4124 μοι
1862 4041 2074 4125 χάνοι.
2142 4033 2255 4111 feci
2285 4028 2479 4093 mmm
