2675 4559
441 232 531 297 50
1051 242 1128 295 Μ.
1167 236 1443 297 TULLII
1479 234 1879 293 CICERONIS

441 380 688 456 partem
716 366 1016 434 orationis
1053 360 1554 451 praetermittam
1565 384 1587 437 ;
1620 359 1737 423 tibi
1772 368 1987 425 tamen
2023 375 2211 445 agam
2224 408 2243 437 ,
2281 368 2357 424 ut
2393 360 2511 427 de-

441 466 584 541 beo,
620 464 886 550 gratias:
925 456 1346 525 animadverti
1382 454 1553 521 enim
1582 464 1647 521 et
1681 452 1875 519 didici
1902 476 1986 519 ex
2020 453 2147 519 tuis
2181 453 2411 519 litteris
2443 466 2509 519 te

445 557 742 623 omnibus
777 557 844 621 in
879 555 1072 620 rebus
1106 551 1409 617 habuisse
1442 548 1787 625 rationem,
1834 558 1909 612 ut
1942 546 2103 625 mihi
2137 548 2509 629 consuleres

443 652 1021 739 praestitueresque
1051 658 1114 713 et
1141 668 1557 733 praeparares
1586 643 1869 729 quodam
1898 644 2093 708 modo
2114 642 2355 719 omnia,
2374 664 2509 726 quo

443 769 590 811 mea
640 745 804 810 ratio
866 742 1116 809 facilior
1165 753 1232 807 et
1283 739 1549 805 solutior
1600 762 1739 805 esse
1800 748 2033 823 posset.
2142 736 2267 801 hoc
2318 746 2511 801 tuum

442 838 728 904 officium
756 860 904 903 cum
927 836 1083 900 mihi
1111 834 1549 921 gratissimum
1572 854 1715 899 esse
1742 831 1974 909 dicam,
2010 831 2299 915 sequitur
2321 829 2509 905 illud,

441 945 516 999 ut
568 945 630 999 te
683 932 1048 998 existimare
1100 930 1292 995 velim
1344 928 1503 992 mihi
1552 950 1828 1014 magnae
1872 949 2064 992 curae
2116 926 2257 991 fore
2310 934 2508 1009 atque

444 1048 584 1093 esse
628 1026 786 1102 iam,
841 1026 1119 1111 primum
1162 1035 1238 1089 ut
1279 1024 1420 1109 ipse
1462 1034 1534 1087 tu
1581 1023 1803 1106 tuique
1848 1043 2099 1098 omnes,
2151 1019 2387 1085 deinde
2430 1030 2509 1083 ut

443 1122 637 1186 etiam
689 1118 916 1204 reliqui
969 1119 1131 1184 scire
1191 1118 1439 1204 possint
1488 1138 1592 1182 me
1654 1116 1770 1180 tibi
1822 1138 1963 1181 esse
2016 1113 2506 1189 amicissimmn3

443 1215 615 1299 quod
669 1215 904 1299 quibus
958 1213 1168 1278 adhuc
1212 1233 1345 1277 non
1398 1210 1553 1277 satis
1606 1222 1705 1275 est
1754 1220 2189 1297 perspectum,
2244 1208 2293 1272 ii
2345 1206 2508 1273 mihi

441 1311 614 1375 nolle
664 1309 871 1394 magis
922 1328 1041 1372 nos
1096 1306 1218 1371 hoc
1263 1306 1477 1371 animo
1522 1328 1661 1371 esse
1704 1326 1901 1390 quam
1948 1326 2081 1371 non
2129 1304 2508 1388 intellegere

443 1401 759 1467 videntur.
849 1400 964 1466 sed
997 1398 1282 1487 profecto
1317 1399 1693 1486 intellegent
1699 1424 1718 1478 ;
1761 1420 1971 1483 neque
2006 1399 2179 1464 enim
2214 1396 2509 1463 obscuris

442 1496 730 1580 personis
766 1515 887 1559 nec
931 1494 1148 1581 parvis
1181 1493 1248 1558 in
1284 1494 1495 1559 'causis
1538 1516 1639 1559 res
1684 1504 1930 1579 agetur.
2018 1492 2136 1558 sed
2166 1491 2329 1556 haec
2364 1489 2508 1555 fieri

443 1588 670 1653 melius
715 1608 910 1672 quam
954 1587 1081 1653 dici
1123 1599 1238 1653 aut
1279 1588 1471 1653 scribi
1514 1587 1680 1653 volo.
1768 1586 1942 1671 quod
1982 1586 2284 1651 itinerum
2326 1606 2508 1649 meo-

443 1704 587 1746 rum
632 1683 796 1749 ratio
839 1694 906 1749 te
947 1704 1078 1747 non
1122 1682 1365 1747 nullam
1398 1682 1468 1746 in
1504 1681 1965 1747 dubitationem
2009 1680 2265 1744 videtur
2298 1673 2505 1743 addu-

443 1798 617 1855 cere,
669 1778 1008 1843 visurusne
1057 1799 1162 1843 me
1208 1778 1294 1842 sis
1342 1778 1411 1841 in
1451 1776 1811 1861 provincia,
1864 1798 1943 1840 ea
1992 1797 2095 1839 res
2140 1773 2232 1839 sic
2275 1773 2503 1839 habet:

443 1870 773 1936 Brundisii
809 1893 955 1936 cum
990 1871 1288 1953 loquerer
1323 1892 1471 1934 cum
1503 1868 1759 1934 Phania
1789 1868 2018 1934 liberto
2053 1880 2165 1933 tuo
2178 1914 2197 1947 ,
2241 1868 2393 1933 veni
2436 1868 2505 1931 in

443 1986 593 2029 eum
629 1986 1016 2041 sermonem,
1068 1975 1141 2029 ut
1177 1963 1457 2027 dicerem
1492 1985 1594 2027 me
1636 1962 1911 2029 libenter
1944 1962 2029 2027 ad
2064 1985 2209 2027 eam
2250 1972 2506 2047 partem

442 2058 807 2143 provinciae
830 2058 1118 2143 *primum
1151 2078 1293 2122 esse
1327 2066 1699 2133 venturum,
1748 2077 1877 2140 quo
1914 2066 1977 2121 te
2012 2056 2291 2121 maxime
2336 2054 2506 2119 velle

443 2151 886 2216 arbitraretur:
944 2160 1099 2215 tunc
1145 2149 1300 2215 mihi
1344 2150 1451 2215 ille
1494 2150 1685 2227 dixit,
1738 2150 1913 2233 quod
1947 2150 2151 2215 classe
2195 2160 2267 2213 tu
2304 2150 2507 2215 velles

442 2244 772 2321 decedere,
809 2266 927 2330 per
957 2244 1096 2309 fore
1129 2244 1683 2309 accommodatum
1716 2244 1853 2321 tibi,
1888 2245 1943 2309 si
1978 2244 2063 2309 ad
2097 2244 2272 2309 illam
2308 2244 2510 2308 mari-

440 2338 664 2402 timam
697 2350 943 2422 partem
988 2337 1357 2423 provinciae
1398 2338 1671 2403 navibus
1706 2339 2136 2404 accessissem.
2226 2337 2365 2401 dixi
2398 2360 2509 2402 me

441 2452 582 2495 esse
607 2430 928 2495 facturum
952 2431 1172 2515 itaque
1195 2430 1513 2509 fecissem,
1548 2432 1675 2496 nisi
1695 2432 1857 2497 mihi
1882 2432 1972 2502 L..
1988 2429 2257 2497 Clodius
2284 2440 2509 2496 noster

443 2520 764 2609 Corcyrae
811 2523 1074 2590 dixisset
1116 2524 1379 2591 minime
1424 2525 1491 2589 id
1528 2548 1667 2591 esse
1702 2525 2097 2591 faciendum:
2152 2536 2216 2589 te
2250 2524 2507 2589 Laudi-

441 2639 594 2683 ceae
629 2617 766 2684 fore
813 2617 894 2683 ad
938 2641 1157 2685 meum
1191 2618 1558 2685 adventum.
1646 2629 1781 2685 erat
1816 2619 1883 2683 id
1926 2618 2083 2683 mihi
2116 2619 2320 2683 multo
2356 2618 2507 2684 bre-

440 2711 582 2775 vius
626 2712 955 2796 multoque
1001 2714 1425 2791 commodius,
1471 2730 1619 2779 cum
1661 2713 2035 2798 praesertim
2082 2724 2147 2779 te
2181 2713 2273 2777 ita
2310 2714 2504 2777 malle

423 2804 801 2887 arbitrarer.
872 2816 986 2870 tua
1017 2807 1178 2872 ratio
1213 2818 1437 2891 postea
1472 2818 1569 2871 est
1612 2816 2021 2871 commutata.
2090 2828 2295 2883 nunc,
2343 2807 2505 2889 quid

437 2898 576 2961 fieri
609 2898 828 2982 possit,
865 2909 936 2963 tu
971 2898 1271 2981 facillime
1307 2908 1547 2963 statues
1558 2925 1577 2977 ;
1615 2922 1735 2985 ego
1768 2899 1883 2963 tibi
1918 2923 2133 2965 meum
2162 2899 2505 2965 consilium

439 3010 784 3075 exponam:
822 3012 916 3075 pr.
935 2990 1269 3057 Kalendas
1299 2990 1559 3059 Sextilis
1596 3004 1751 3078 puto
1786 3016 1891 3059 me
1919 2990 2291 3059 Laudiceae
2328 2993 2501 3069 fore3

438 3103 791 3167 perpaucos
842 3082 1006 3161 dies,
1061 3076 1234 3150 dum'
1269 3085 1543 3171 pecunia
1594 3087 1931 3173 accipitur,
1984 3109 2152 3171 quae
2204 3088 2367 3151 mihi
2422 3110 2502 3152 ex

437 3174 697 3261 publica
738 3179 1202 3262 permutatione
1250 3179 1549 3257 debetur,
1584 3182 2024 3245 commorabor
2035 3206 2054 3259 3
2108 3182 2349 3249 deinde
2380 3182 2497 3247 iter
2520 3207 2533 3217 ·

437 3270 676 3335 faciam
711 3272 794 3337 ad
829 3274 1208 3353 exercitum,
1244 3286 1318 3340 ut
1333 3318 1338 3322 -
1354 3276 1603 3341 circiter
1635 3274 1795 3340 Idus
1832 3274 2097 3343 Sextilis
2134 3287 2361 3363 putem
2396 3297 2501 3341 me

439 3363 522 3429 ad
555 3362 852 3431 Iconium
885 3368 1042 3434 fore.
1098 3369 1212 3434 sed
1247 3369 1299 3433 si
1329 3369 1487 3453 quid
1518 3392 1689 3435 nunc
1717 3392 1821 3435 me
1856 3369 2021 3435 fallit
2052 3370 2123 3437 in
2158 3370 2501 3437 scribendo

435 3490 524 3505 --
554 3460 779 3541 procul
824 3462 998 3525 enim
1043 3464 1304 3529 aberam
1349 3463 1432 3527 ab
1474 3486 1543 3529 re
1589 3464 1729 3549 ipsa
1774 3475 1840 3531 et
1874 3488 1915 3530 a
1946 3465 2107 3531 locis
2142 3500 2259 3544 —-·,
2307 3466 2503 3531 simul

437 3570 516 3613 ac
565 3552 866 3635 progredi
917 3575 1216 3640 coepero,
1278 3578 1473 3640 quam
1526 3558 1852 3624 celerrime
1904 3570 2129 3645 potero
2182 3570 2251 3625 et
2300 3581 2499 3643 quam

436 3641 833 3709 creberrimis
885 3646 1111 3713 litteris
1163 3649 1397 3714 faciam
1450 3661 1523 3717 ut
1573 3652 1690 3717 tibi
1740 3664 1894 3718 nota
1944 3654 2030 3719 sit
2072 3655 2283 3719 omnis
2334 3655 2499 3720 ratio

436 3734 684 3801 dierum
719 3746 910 3822 atque
943 3740 1240 3809 itinerum
1276 3765 1583 3811 meorum.
1636 3747 1845 3813 oneris
1882 3747 2000 3813 tibi
2030 3748 2345 3834 inponere
2376 3772 2499 3816 nec

435 3829 645 3896 audeo
695 3832 1040 3918 quicquam
1089 3858 1210 3903 nec
1264 3838 1489 3905 debeo.
1578 3839 1721 3917 sed,
1772 3842 1951 3924 quod
1994 3843 2341 3909 commodo
2386 3853 2497 3909 tuo

433 3921 574 3987 fleri
604 3927 822 4008 possit,
859 3930 1189 4015 utriusque
1224 3944 1512 4001 nostrum
1548 3936 1767 4022 magni
1790 3937 2047 4003 interest
2080 3950 2149 4003 ut
2174 3950 2231 4007 te
2256 3942 2498 4005 videam

434 4028 572 4079 ante
606 4038 800 4101 quam
846 4023 1146 4117 decedas3
1202 4049 1397 4112 quam
1442 4030 1815 4097 facultatem
1860 4033 1917 4097 si
1961 4032 2105 4117 quis
2143 4054 2336 4099 casus
2372 4033 2499 4099 eri—
