2675 4559
543 261 675 328 334
912 325 929 340 ,
1153 241 1257 324 n?
1270 265 1544 326 ‘runnu
1578 265 1978 324 memoras
2043 305 2052 312 .

538 395 763 466 biti-ari
804 417 921 484 pro
954 395 1185 460 horum
1220 401 1584 478 temporum
1625 388 2104 477 perturbatione
2139 387 2364 466 felicis,
2407 389 2547 474 quod

540 495 617 560 iis
652 503 726 558 tu
756 489 1022 579 praesis,
1057 486 1464 571 eundemque
1495 507 1602 552 me
1635 485 1727 550 ita
1757 485 2064 563 iudicare,
2100 496 2186 564 te,
2221 485 2386 570 quod
2413 507 2547 550 unus

466 652 473 659 .
542 587 778 676 optime
812 607 1034 654 nosses
1066 604 1199 649 non
1230 593 1452 648 nostra
1485 581 1712 658 solum,
1749 579 1865 646 sed
1899 579 2095 648 etiam
2113 577 2418 646 Graeciae
2439 601 2551 644 mo-

540 691 847 748 numenta
890 678 1132 756 omnia,
1186 688 1300 742 tua
1351 687 1579 762 sponte
1621 675 1912 741 amioum·
1941 673 2462 740 Lacedaemoniis
2503 685 2550 740 et

497 773 499 775 ’
541 799 681 844 esse
716 786 783 842 et
815 773 973 840 fore.
1038 795 1171 858 qua
1201 794 1271 839 re
1307 781 1556 836 tantum
1591 792 1632 834 a
1666 779 1728 836 te
1764 780 1936 856 peto,
1972 780 2065 848 ut,
2103 791 2256 835 eum
2289 791 2366 834 ea
2393 769 2548 834 facies

540 869 1203 938 Lacedaemoniorum
1238 889 1464 944 eausa,
1509 886 1676 949 quae
1711 876 1826 930 tua
1859 863 2050 943 fides,
2089 864 2446 950 amplitudo,
2475 864 2547 928 iu-

544 963 717 1030 stitia
749 965 1055 1050 postulat,
1099 972 1173 1027 ut
1204 961 1311 1038 iis,
1361 959 1416 1025 si
1449 959 1567 1026 tibi
1599 958 1954 1036 videbitur,
1997 957 2327 1046 significes
2370 970 2426 1022 te
2451 979 2550 1021 non
2618 955 2619 958 ’

540 1059 809 1125 moleste
842 1059 1029 1135 ferre,
1066 1056 1241 1142 quod
1273 1053 1610 1140 intellegas
1647 1077 1722 1120 ea
1735 1100 1752 1130 ‚
1788 1071 1958 1137 quae
1991 1053 2219 1130 facias,
2252 1051 2402 1120 mihi
2431 1071 2551 1135 quo-

542 1175 669 1237 que
702 1162 887 1239 grata
920 1173 1088 1227 esse3
1122 1148 1397 1236 pertinet
1434 1148 1604 1213 enim
1640 1147 1724 1212 ad
1751 1145 2037 1212 officium
2069 1165 2293 1212 meum
2325 1165 2424 1210 eos
2453 1144 2553 1208 exi-

544 1248 801 1313 stimare
854 1243 1066 1311 curae
1096 1243 1255 1309 mihi
1307 1265 1456 1306 suas
1511 1265 1614 1308 res
1665 1262 1834 1308 esset
1895 1241 2020 1308 hoo
2073 1252 2140 1307 te
2175 1240 2550 1306 ‘vehementer

543 1341 737 1406 etiam
770 1351 962 1422 atque
998 1337 1189 1404 etiam
1224 1357 1405 1422 rogo.

1459 1485 1681 1542 XXIX.

1038 1589 1157 1648 Ser.
1176 1589 1391 1644 Romae
1408 1589 1642 1646 ineunte
1659 1605 1806 1644 anno
1825 1605 1880 1644 u.
1901 1605 1951 1644 e.
1973 1589 2096 1644 708.

1105 1691 1384 1750 CICERO
1419 1693 1488 1748 L.
1525 1690 1834 1748 PLANCO
1873 1689 2040 1748 SAL.

484 1835 509 1876 1
670 1809 821 1876 Non
864 1809 1086 1876 dubito
1132 1809 1288 1893 quin
1340 1807 1503 1873 scias
1545 1807 1616 1872 in
1657 1807 1738 1872 iis
1780 1807 2193 1885 necessariis,
2245 1805 2353 1892 qui
2393 1800 2486 1868 tibi
2521 1823 2548 1862 a

542 1917 723 1992 patre
758 1905 963 1973 relicti
996 1914 1164 1981 sunt,
1200 1927 1305 1970 me
1343 1902 1460 1968 tibi
1494 1924 1636 1970 esse
1669 1901 1774 1966 vel
1809 1901 2419 1975 coniunctissimum,
2447 1917 2543 1960 non

540 2000 619 2066 iis
655 2000 847 2065 modo
884 1998 1123 2075 causis,
1168 2019 1336 2082 quae
1374 1996 1652 2083 speciem
1695 1995 1976 2062 habeant
2019 2017 2301 2084 magnae
2332 1991 2542 2059 eoniun-

542 2094 799 2171 ctionis,
837 2093 952 2159 sed
984 2093 1062 2158 iis
1098 2093 1291 2158 etiam
1304 2140 1322 2170 ,
1368 2113 1538 2177 quae
1573 2091 2001 2156 familiaritate
2035 2102 2108 2156 et
2143 2083 2540 2156 eonsuetudine

540 2199 863 2264 tenentur,
910 2208 1106 2271 quam
1148 2187 1273 2253 seis
1306 2187 1465 2251 mihi
1508 2185 2034 2252 iucundissimam
2066 2209 2224 2252 oum
2265 2195 2425 2274 patre
2461 2191 2540 2243 tu0

542 2292 605 2347 et
638 2300 957 2357 summam
991 2281 1212 2346 fuisse.
1299 2281 1384 2346 ab
1416 2281 1516 2346 his
1549 2281 1746 2346 initiis
1779 2292 1998 2348 noster
2029 2281 2104 2348 in
2139 2293 2204 2347 te
2239 2301 2404 2346 amor
2432 2295 2542 2361 pro·

541 2374 747 2464 fectus
784 2375 963 2440 auxit
995 2385 1333 2462 paternam
1364 2375 1904 2441 necessitudinem
1939 2386 2004 2442 et
2037 2398 2120 2442 eo
2157 2375 2379 2462 magis,
2409 2364 2542 2454 quod

537 2468 842 2547 intellexi,
867 2479 942 2533 ut
966 2469 1245 2555 primum
1269 2489 1386 2556 per
1413 2479 1685 2536 aetatem
1714 2469 2026 2536 iudicium
2051 2471 2270 2538 faeere
2292 2461 2543 2555 potueris,

541 2563 765 2648 quanti
809 2563 1081 2648 quisque
1125 2561 1244 2628 tibi
1284 2561 1621 2629 faciendus
1665 2575 1862 2640 esset,
1916 2587 2020 2630 me
2064 2585 2108 2629 a
2153 2575 2217 2631 te
2267 2563 2331 2627 in
2369 2554 2541 2646 primis
2614 2621 2616 2624 ,

541 2669 839 2745 coeptum
873 2681 1014 2724 esse
1050 2657 1400 2735 observari,
1436 2658 1558 2723 ooli
1571 2705 1590 2735 ,
1625 2657 1825 2744 diligi.
1917 2659 2267 2726 accedebat
2297 2677 2415 2720 non
2442 2671 2541 2714 me-

538 2753 751 2820 diocre
796 2753 1123 2820 vinculum
1157 2775 1307 2818 eum
1343 2752 1728 2831 studiorum,
1775 2753 1952 2838 quod
1985 2755 2202 2840 ipsum
2235 2763 2329 2818 est
2367 2769 2465 2835 per
2491 2763 2539 2806 se

536 2870 757 2936 grave,
791 2857 930 2914 tum
956 2870 1179 2914 eorum
1214 2848 1571 2914 studiorum
1599 2869 1947 2932 earumque
1983 2849 2243 2924 artium,
2275 2864 2427 2930 quae
2454 2858 2539 2924 per

538 2965 606 3007 se
640 2940 819 3027 ipsae
854 2961 995 3019 eos,
1039 2942 1153 3027 qui
1186 2942 1516 3009 voluntate
1551 2941 1779 3008 eadem
1813 2954 1991 3021 sunt,
2037 2943 2232 3009 etiam
2265 2930 2538 3006 familiari-

475 3055 503 3096 2
536 3045 667 3104 tate
712 3034 1100 3102 devinciunt.
1170 3049 1540 3122 exspectare
1576 3047 1639 3102 te
1685 3036 1985 3115 arbitror,
2039 3035 2202 3105 haee
2236 3047 2360 3101 tam
2389 3032 2535 3111 longe

536 3129 806 3217 repetita
846 3130 1159 3218 principia
1193 3153 1322 3216 quo
1359 3142 1672 3218 spectent:
1719 3131 1788 3196 id
1831 3132 2112 3217 primum
2147 3152 2298 3218 ergo
2331 3123 2532 3192 habeto,

535 3245 667 3290 non
700 3224 838 3290 sine
872 3247 1109 3312 magna
1142 3225 1441 3310 iustaque
1477 3248 1674 3292 eausa
1716 3225 1884 3291 hane
1920 3249 1961 3292 a
1994 3250 2098 3292 me
2135 3235 2532 3293 commemora·

534 3319 773 3384 tionem
808 3341 948 3386 esse
990 3319 1252 3385 factam.
1343 3316 1422 3387 C.
1460 3321 1655 3386 Ateio
1692 3316 2011 3406 Capitone
2045 3333 2204 3387 utor·
2232 3308 2533 3383 familiaris-

536 3413 714 3478 sime.
803 3424 995 3478 notae
1028 3413 1147 3479 tibi
1182 3426 1331 3481 sunt
1366 3415 1705 3481 varietates
1741 3435 2032 3480 meorum
2065 3425 2422 3501 temporum·
2483 3399 2532 3461 in

536 3506 711 3572 omni
743 3529 980 3594 genere
1014 3518 1080 3574 et
1120 3507 1438 3575 honorum
1473 3520 1538 3575 et
1580 3509 1874 3574 laborum
1908 3505 2197 3575 meorum
2231 3517 2294 3573 et
2333 3499 2530 3567 animm³

536 3611 602 3666 et
635 3623 831 3687 opera
866 3611 931 3668 et
966 3603 1308 3668 auotoritas
1345 3614 1411 3670 et
1443 3605 1683 3690 gratia,
1728 3603 1922 3671 etiam
1957 3627 2060 3671 nes
2101 3595 2432 3669 familiaris,
2469 3582 2526 3649 C·

537 3692 873 3782 Capitonis
909 3707 1164 3783 praesto
1188 3697 1325 3763 fuit'
1338 3709 1404 3764 et
1436 3700 1651 3786 paruit
1677 3711 1743 3766 et
1776 3699 2170 3786 temporibus
2197 3708 2260 3764 et
2287 3693 2528 3758 fortunae

474 3805 501 3846 ³
532 3810 737 3856 meae.
788 3790 979 3858 huius
1012 3791 1412 3879 propinquus
1447 3793 1573 3858 fuit
1598 3793 1678 3858 T.
1709 3793 2052 3873 Antistius,
2086 3793 2198 3879 qui
2229 3809 2365 3856 oum
2395 3783 2522 3846 sorte

532 3894 835 3966 quaestor
848 3883 1303 3956 Macedoniam
1328 3885 1645 3954 obtineret
1667 3909 1880 3974 neque
1907 3889 2353 3954 ei‘sueeessum
2377 3875 2522 3942 ‘met’

532 3975 881 4061 Pompeius
916 3980 985 4046 in
1019 4003 1162 4047 eam
1194 3981 1590 4068 provinciam
1625 4005 1773 4048 eum
1807 3983 2092 4050 exercitu
2125 3978 2306 4047 venit.
2353 3971 2518 4036 faeere

535 4067 853 4136 Antistius
888 4074 1048 4140 nihil
1082 4075 1289 4161 potuit
1301 4101 1320 4154 ;
1375 4099 1554 4155 nam,
1599 4075 1654 4144 si
1690 4079 2028 4166 potuisset,
2069 4077 2224 4144 nihil
2257 4071 2311 4140 ei
2339 4062 2520 4132 fuisset
