2675 4559
483 279 613 346 358
1110 287 1186 342 Μ.
1224 285 1500 346 TULLH
1535 283 1939 342 CICERONIS

481 417 675 484 rebus
720 424 1014 480 ornatum
1058 433 1406 495 meumque
1450 423 1732 476 veterem
1777 407 2083 484 amicum,
2135 407 2246 473 tibi
2273 429 2492 516 ‘magno
2602 487 2603 496 ἵ

481 533 676 598 opere
700 507 1099 574 commendo.
1152 515 1526 593 pergratum
1551 503 1709 568 mihi
1738 503 1985 579 feceris,
2015 502 2067 566 si
2093 501 2339 578 curaris,
2363 513 2424 568 ut
2449 503 2492 566 is

478 605 835 690 intellegat,
881 602 1049 668 hanc
1084 599 1704 666 commendationem
1747 597 1870 664 sibi
1903 618 2138 706 magno
2172 597 2495 662 adiumento

478 697 751 776 fuisse,
733 718 1075 784 1psumque
1109 695 1319 760 virum
1354 693 1670 780 optimum
1712 691 2266 780 gratissimumque
2299 711 2496 776 cogno-

482 814 651 860 sces:
688 790 991 878 promitto
1029 790 1167 868 tibi,
1204 800 1266 854 te
1302 812 1386 856 ex
1421 787 1558 854 eius
1597 787 1877 854 amicitia
1911 806 2212 872 magnam
2242 787 2493 872 volupta-

481 897 615 953 tem
666 909 807 953 esse
863 895 1220 973 capturum.
1319 894 1652 994 praeterea
1703 905 1746 946 a
1795 892 1860 947 te
1913 892 2065 967 peto
2109 881 2186 946 in
2235 880 2496 946 maiorem
2602 893 2603 896 ’

478 980 745 1047 modum
795 1003 911 1068 pro
964 991 1181 1045 nostra
1224 977 1506 1044 amicitia
1549 987 1616 1042 et
1657 997 1776 1062 pro
1819 986 1934 1041 tuo
1976 986 2283 1062 perpetuo
2321 975 2382 1040 in
2416 997 2496 1038 me

480 1075 692 1141 studio
703 1121 723 1152 ,
776 1085 850 1140 ut
893 1075 960 1140 in
1008 1073 1131 1139 hac
1176 1095 1244 1138 re
1281 1071 1475 1138 etiam
1509 1069 1828 1137 elabores·
1810 1117 1827 1134 .
1883 1068 2266 1155 Dionysius,
2317 1091 2496 1134 servus

479 1191 693 1246 meus,
730 1168 842 1252 qui
876 1189 1088 1233 meam
1124 1165 1556 1231 bibliothecen
1590 1165 1940 1229 multorum
1974 1185 2370 1228 nummorum
2399 1173 2498 1226 tra-

480 1262 696 1339 ctavit,
731 1284 879 1326 cum
905 1261 1139 1326 multos
1175 1260 1372 1324 libros
1403 1258 1814 1346 surripuisset
1845 1279 1966 1324 nec
2001 1281 2073 1324 se
2108 1259 2339 1345 inpune
2366 1257 2498 1322 latu-

477 1379 622 1422 rum
655 1365 930 1442 putaret,
967 1353 1241 1440 aufugit.
1294 1353 1351 1419 is
1389 1364 1489 1419 est
1521 1354 1590 1419 in
1623 1352 1956 1439 provincia
1991 1364 2134 1420 tuat
2173 1376 2315 1419 eum
2345 1361 2401 1417 et
2422 1350 2497 1413 M.

478 1451 792 1524 Bolanus,
828 1471 994 1514 meus
1030 1448 1384 1524 familiaris,
1419 1466 1484 1514 et
1517 1449 1706 1516 multi
1741 1449 1849 1514 alii
1883 1448 2188 1514 Naronae
2223 1447 2497 1520 viderunt,

475 1544 608 1623 sed,
645 1567 795 1610 cum
829 1566 900 1610 se
936 1567 976 1610 a
1002 1566 1105 1610 me
1140 1543 1605 1617 manumissum
1653 1565 1794 1609 esse
1821 1541 2086 1620 diceret,
2121 1541 2497 1610 crediderunt.

480 1639 651 1705 hunc
685 1649 758 1706 tu
786 1639 841 1704 si
877 1637 1035 1704 mihi
1062 1637 1531 1704 restituendum
1557 1637 1820 1714 curaris,
1855 1659 1986 1703 non
2021 1660 2284 1724 possum
2309 1636 2499 1708 dicere,

482 1755 680 1820 quam
730 1732 889 1800 mihi
940 1743 1200 1819 gratum
1250 1732 1542 1798 futurum
1595 1731 1706 1798 sit:
1777 1753 1880 1797 res
1932 1731 2078 1818 ipsa
2130 1753 2350 1819 parva,
2413 1727 2500 1792 sed

480 1828 677 1894 animi
710 1828 839 1893 mei
876 1828 1057 1893 dolor
1090 1849 1368 1914 magnus
1403 1841 1517 1893 est.
1589 1825 1704 1891 ubi
1739 1826 1824 1891 sit
1857 1836 1924 1892 et
1957 1826 2120 1910 quid
2153 1825 2290 1892 fieri
2321 1820 2498 1911 possit,

478 1923 765 1989 Bolanus
801 1933 865 1988 te
901 1922 1177 1988 docebit.
1266 1943 1390 2007 ego
1425 1921 1480 1986 si
1525 1919 1846 1986 hominem
1881 1942 1999 2006 per
2041 1931 2112 1988 te
2146 1937 2498 2006 recuperato,

483 2037 733 2082 summo
766 2039 871 2083 me
908 2039 948 2080 a
982 2027 1046 2082 te
1080 2014 1392 2082 beneficio
1429 2014 1755 2081 adfectum
1791 2013 2174 2081 arbitrabor.

1343 2249 1675 2308 LXXVIII.

985 2351 1103 2408 Ser.
1122 2353 1337 2408 Romae
1357 2353 1588 2408 ineunte
1609 2370 1758 2408 anno
1777 2369 1833 2407 u.
1853 2369 1902 2408 c.
1924 2352 2042 2408 708.

962 2453 1038 2510 M.
1077 2451 1353 2511 CICERO
1388 2457 1456 2510 A.
1495 2453 1843 2513 ALLIENO
1881 2454 2045 2511 SAL.

538 2637 545 2642 .
605 2574 1017 2643 Democritus
1066 2575 1410 2664 Sicyonius
1457 2600 1590 2646 non
1642 2581 1850 2659 solum
1907 2580 2144 2668 hospes
2198 2603 2370 2647 meus
2409 2587 2500 2650 est,

476 2672 589 2738 sed
624 2670 837 2750 etiam,
873 2672 1048 2757 quod
1083 2694 1215 2738 non
1248 2673 1469 2739 multis
1507 2673 1798 2760 contigit,
1834 2671 2106 2741 Graecis
2144 2673 2500 2762 praesertim,

473 2766 662 2833 valde
696 2766 1059 2845 familiaris3
1095 2778 1194 2833 est
1227 2769 1399 2833 enim
1433 2769 1501 2834 in
1536 2790 1613 2834 eo
1650 2791 1899 2834 summa
1931 2770 2250 2856 probitas,
2286 2786 2498 2835 summa

473 2861 697 2938 virtus,
734 2884 987 2929 summa
1020 2863 1090 2928 in
1124 2861 1410 2950 hospites
1446 2863 1792 2930 liberalitas
1827 2874 1892 2930 et
1927 2865 2360 2941 observantia,
2391 2881 2500 2925 me-

472 2974 599 3038 que
642 2963 895 3040 praeter
941 2966 1185 3022 ceteros
1230 2967 1295 3023 et
1338 2957 1489 3023 colit
1534 2969 1596 3024 et
1644 2957 1940 3024 observat
1987 2969 2052 3024 et
2097 2958 2328 3046 diligit.
2379 2975 2498 3020 eum

470 3058 541 3113 tu
576 3069 706 3113 non
738 3049 931 3116 modo
968 3073 1229 3116 suorum
1259 3051 1516 3130 civium,
1553 3073 1777 3119 verum
1810 3074 2017 3138 paene
2036 3053 2324 3119 Achaiae
2355 3048 2496 3137 prin-

473 3143 679 3230 cipem
706 3165 1076 3230 cognosces.
1132 3145 1283 3212 huic
1310 3169 1434 3234 ego
1463 3157 1713 3212 tantum
1747 3145 1939 3212 modo
1968 3147 2216 3213 aditum
2244 3145 2326 3212 ad
2351 3156 2493 3208 tuam

470 3237 897 3326 cognitionem
940 3239 1261 3325 patefacio
1298 3254 1364 3326 et
1397 3242 1649 3307 munio:
1687 3241 2016 3328 cognitum
2049 3265 2167 3328 per
2201 3253 2265 3308 te
2296 3241 2494 3326 ipsum,

467 3354 635 3418 quae
670 3344 785 3400 tua
818 3345 1049 3400 natura
1082 3346 1208 3413 est,
1255 3334 1523 3422 dignum
1571 3347 1684 3402 tua
1717 3335 1998 3402 amicitia
2032 3347 2226 3420 atque
2259 3329 2496 3418 hospitio

466 3427 800 3494 iudicabis.
887 3440 1040 3515 peto
1083 3430 1279 3516 igitur
1316 3454 1356 3497 a
1389 3441 1484 3508 te,
1532 3441 1605 3496 ut
1648 3429 1746 3496 his
1781 3430 2008 3496 litteris
2042 3430 2226 3497 lectis
2257 3422 2494 3512 recipias

468 3543 616 3587 eum
648 3521 718 3588 in
761 3534 940 3590 tuam
984 3524 1209 3602 fidem,
1261 3525 1604 3611 polliceare
1649 3525 1863 3591 omnia
1908 3536 1973 3592 te
2016 3524 2334 3592 facturum
2374 3537 2494 3583 mea

466 3638 691 3695 causa3
728 3619 809 3684 de
845 3619 1115 3704 reliquo,
1153 3620 1239 3696 si,
1276 3620 1346 3685 id
1379 3620 1555 3704 quod
1591 3619 1844 3686 confido
1880 3619 2039 3698 fore,
2075 3619 2336 3706 dignum
2367 3631 2490 3680 eum

462 3723 576 3776 tua
611 3713 889 3780 amicitia
924 3713 1327 3802 hospitioque
1365 3715 1775 3801 cognoveris,
1827 3725 2008 3801 peto,
2061 3725 2132 3780 ut
2179 3735 2319 3779 eum
2365 3728 2491 3774 con·

461 3807 763 3893 plectare,
801 3808 1030 3895 diligas
1043 3856 1063 3887 ‚
1099 3810 1167 3874 in
1203 3809 1329 3876 tuis
1363 3809 1633 3876 habeas.
1672 3809 1793 3876 erit
1825 3809 1892 3874 id
1927 3808 2085 3876 mihi
2117 3805 2404 3874 maiorem
2433 3799 2487 3864 in

466 3899 730 3966 modum
766 3913 1043 3988 gratum.
1114 3906 1279 3970 vale.
