2675 4559
1906 0 2082 29 Ἃ

475 235 515 295 2
1083 241 1159 293 Μ.
1198 239 1472 296 TULLII
1506 235 1908 295 CICERONIS

471 367 603 431 fni-s
643 362 933 431 ostendit.
986 361 1160 447 quod
1197 361 1325 439 dat,
1364 360 1737 446 accipimus:
1775 361 1949 445 quod
1983 360 2253 426 instituit
2285 360 2529 427 referre

471 463 551 523 ds
591 458 891 545 religione
919 467 979 522 et
1007 478 1198 542 saepe
1226 456 1357 519 iam
1376 456 1608 530 retulit,
1646 456 1729 518 ab
1757 477 1833 520 eo
1864 454 2094 519 deduci
2130 477 2260 520 non
2293 465 2526 541 potest.

411 579 435 615 a
473 579 571 619 res
627 563 770 618 ante
820 552 979 616 Idus
1034 562 1177 615 acta
1230 551 1322 615 sic
1374 560 1472 615 est
1515 586 1602 597 —-
1645 572 1795 615 nam
1846 550 2007 614 haec
2058 548 2282 615 Idibus
2333 570 2529 616 mane

471 647 694 731 scripsi
725 670 839 709 -ε
888 644 1218 710 Hortensii
1269 655 1334 709 et
1384 666 1531 709 mea
1576 653 1641 708 et
1683 643 1944 708 Luculli
1997 644 2310 708 sententia
2354 644 2526 709 cedit

471 740 758 827 religioni
795 740 874 804 de
911 739 1196 805 exercitu
1229 774 1318 785 —-
1351 738 1552 804 teneri
1587 736 1758 803 enim
1792 759 1893 802 res
1931 737 2113 803 aliter
2145 760 2277 802 non
2311 748 2527 823 potest

472 871 571 907 -,
615 833 726 899 sed
754 856 834 897 ex
869 833 976 897 illo
1006 843 1262 898 senatus
1290 831 1601 907 consulte,
1638 831 1813 914 quod
1848 841 1912 897 te
1937 831 2249 897 referente
2278 831 2526 897 factum

471 943 591 999 est,
639 926 753 991 tibi
788 926 1098 1003 decernit,
1148 936 1221 991 ut
1254 947 1474 1011 regem
1509 924 1805 1002 reducas,
1852 925 2026 1010 quod
2060 925 2394 990 commodo
2431 926 2525 990 rei

473 1023 764 1103 publicae
815 1020 1026 1099 facere
1089 1020 1324 1105 possis;
1388 1030 1460 1084 ut
1512 1019 1861 1084 exercitum
1913 1018 2135 1105 religio
2189 1019 2398 1096 tollat,
2458 1030 2523 1083 te

471 1127 792 1180 :uuefflrem
828 1124 1087 1180 senatus
1122 1112 1412 1178 retineat.
1476 1108 1752 1178 Crassus
1787 1112 1899 1177 tris
1934 1114 2181 1199 legatos
2216 1112 2524 1189 decernit,

474 1235 587 1275 nen
635 1209 911 1275 excludit
944 1208 1360 1292 Pompeium3
1415 1218 1633 1273 censet
1679 1208 1850 1273 enim
1897 1208 2089 1273 etiam
2125 1230 2205 1273 ex
2248 1208 2357 1284 iis,
2412 1208 2527 1291 qui

471 1327 615 1367 mim
655 1302 916 1387 imperio
944 1302 1096 1379 sint3
1133 1301 1409 1366 Bibulus
1445 1303 1557 1366 tris
1590 1302 1859 1388 legatos,
1895 1325 1975 1367 ex
2009 1301 2108 1379 iis,
2144 1301 2256 1385 qui
2289 1301 2525 1387 privati

471 1415 635 1459 sunt.
722 1396 874 1461 huic
918 1395 1364 1460 adsentiuntur
1405 1396 1633 1480 reliqui
1678 1396 2041 1461 consulares
2084 1406 2335 1481 praeter
2373 1392 2525 1461 Ser-

471 1491 720 1566 vilium,
756 1490 868 1573 qui
905 1490 1161 1554 omnino
1197 1488 1421 1555 reduci
1453 1500 1650 1575 negat
1684 1500 1997 1575 oportere,
2035 1500 2100 1555 et
2132 1489 2523 1566 Volcatium,

471 1587 575 1667 qui
595 1635 611 1655 ,
667 1583 854 1669 Lupo
906 1583 1252 1661 referente,
1304 1583 1619 1669 Pompeio
1675 1584 1986 1661 decernit,
2040 1594 2104 1648 et
2153 1582 2522 1658 Afranium,

467 1679 575 1759 qui
631 1676 982 1743 ¹.·‹]rdsentitur
1033 1678 1350 1744 Volcatio.
1456 1699 1622 1761 quae
1682 1700 1784 1742 res
1852 1688 2047 1763 auget
2106 1676 2523 1761 suspitionem

468 1771 761 1855 P-fflnpeii
796 1772 1170 1848 voluntatis,
1207 1771 1831 1838 animadvertebatur
1863 1770 2158 1857 Pompeii
2192 1769 2525 1835 familiaris

467 1865 770 1929 missatiri
811 1865 1125 1931 Volcatio,
1213 1865 1541 1929 laboratur
1584 1865 2020 1941 vehementem
2072 1864 2376 1929 inclinata
2418 1886 2521 1929 res

467 1971 587 2023 est:
631 1958 896 2022 Libonis
932 1968 997 2023 et
1032 1958 1326 2043 Hypsaei
1361 1980 1492 2021 non
1526 1958 1799 2022 obscura
1834 1958 2229 2023 concursatio
2269 1968 2333 2023 et
2370 1979 2523 2022 con-

467 2055 659 2115 tentio
707 2052 1118 2135 omniumque
1160 2050 1459 2135 Pompeii
1503 2050 1912 2116 familiarium
1958 2052 2238 2117 studium
2272 2052 2340 2115 in
2377 2073 2519 2116 eam

467 2147 827 2227 opinionem
869 2167 1006 2209 rem
1051 2144 1485 2221 adduxerunt,
1531 2156 1604 2210 ut
1635 2145 1986 2231 Pompeius
2024 2168 2257 2231 cupere
2301 2145 2520 2211 videa-

467 2251 595 2315 ειη-ς,
651 2238 752 2302 nui
797 2238 909 2321 qui
951 2238 1205 2314 nolunt,
1257 2239 1429 2303 idem
1465 2239 1611 2317 tibi,
1667 2240 1841 2324 quod
1886 2263 2035 2306 eum
2070 2241 2336 2317 ornasti,
2388 2262 2519 2307 non

403 2355 423 2387 ⁴
467 2343 611 2395 sunt
659 2332 863 2397 amici.
951 2354 1069 2398 nos
1113 2333 1182 2397 in
1227 2355 1422 2398 causa
1457 2333 1898 2399 auctoritatem
1933 2355 2009 2399 eo
2046 2335 2357 2400 minorem
2402 2334 2519 2399 ha-

467 2427 717 2503 hemus,
763 2427 938 2509 quod
972 2426 1091 2491 tibi
1125 2422 1464 2505 debemus3
1520 2428 1795 2513 gratiam
1833 2438 2048 2493 autem
2082 2438 2369 2493 nostram
2406 2450 2519 2493 ex-

463 2523 726 2603 stinguit
767 2520 1099 2585 hominum
1142 2521 1438 2607 suspitio,
1492 2521 1665 2605 quod
1698 2520 2011 2606 Pompeio
2057 2545 2124 2588 se
2169 2522 2519 2607 gratificari

463 2627 704 2695 putant.
794 2625 866 2679 ut
899 2614 967 2679 in
1011 2615 1202 2680 rebus
1237 2616 1439 2679 multo
1476 2625 1651 2691 ante,
1698 2636 1893 2698 quam
1929 2615 2253 2701 profectus
2289 2637 2386 2693 es,
2433 2617 2517 2681 ab

463 2711 599 2791 ipsc
635 2728 784 2793 rege
821 2720 885 2773 et
921 2708 1004 2772 ab
1036 2708 1274 2773 intimis
1311 2730 1387 2772 ac
1423 2708 1783 2773 domesticis
1801 2707 2096 2793 Pompeii
2131 2709 2299 2773 clam
2335 2711 2518 2775 exul-

463 2803 719 2879 ceratis,
774 2802 1002 2867 deinde
1055 2803 1270 2887 palam
1317 2826 1357 2865 a
1419 2802 1857 2867 consularibus
1921 2803 2257 2887 exagitatis
2322 2815 2388 2870 et
2448 2804 2517 2869 in

463 2916 772 2959 summam
799 2895 1117 2960 invidiam>
1135 2895 1445 2972 adductis,
1481 2896 1571 2960 ita
1597 2916 1943 2960 versamur.
1999 2905 2281 2960 nostram
2316 2897 2514 2963 fidem

459 3011 699 3063 munes,
741 3008 1024 3053 amorem
1053 2988 1147 3052 tui
1172 2988 1453 3053 absentis
1482 2998 1845 3074 praesentes
1872 2988 1964 3052 tui
1994 3000 2404 3072 cognoscent.
2461 2992 2515 3056 si

459 3095 623 3143 esset.
659 3083 724 3144 in
766 3082 844 3146 iis
888 3081 1078 3160 fides,
1132 3082 1201 3147 in
1246 3083 1481 3167 quibus
1540 3105 1788 3147 summa
1831 3104 1969 3147 esse
2023 3082 2328 3161 debebat,
2382 3108 2516 3151 non

459 3175 908 3240 laboraremus.

1442 3410 1518 3464 ΙΙ.

703 3512 820 3565 Ser.
843 3512 1056 3567 Romae
1077 3529 1127 3566 a.
1151 3512 1203 3566 d.
1223 3511 1381 3567 XVI.
1402 3510 1534 3564 Kal.
1556 3509 1893 3564 Februarias
1912 3527 1963 3563 a.
1984 3529 2039 3565 u.
2058 3529 2107 3566 c.
2128 3489 2247 3567 698ss

794 3615 872 3667 M.
899 3612 1167 3667 CICERO
1193 3615 1250 3667 S.
1281 3614 1354 3665 D.
1384 3614 1447 3667 P.
1470 3612 1830 3666 LENTULO
1855 3614 2161 3670 PROCOS.

399 3759 415 3795 1
587 3733 805 3799 Idibus
849 3732 1163 3798 Ianuariis
1207 3733 1276 3798 in
1319 3744 1544 3800 senatu
1589 3733 1746 3799 nihil
1790 3746 1888 3800 est
1922 3734 2314 3812 confectum,
2359 3760 2516 3824 pro-

455 3843 671 3912 pterea
704 3828 876 3913 quod
911 3825 1046 3893 dies
1073 3850 1309 3914 magna
1344 3851 1424 3893 ex
1459 3838 1638 3914 parte
1664 3841 2081 3915 consumptus
2108 3840 2206 3895 est
2240 3831 2515 3899 alterca-

455 3927 623 3987 tione
661 3922 921 3988 Lentuli
965 3923 1240 3989 consulis
1277 3934 1342 3990 et
1379 3919 1633 3988 Caninii
1677 3922 1914 3989 tribuni
1958 3924 2045 4009 pl.
2134 3944 2210 3989 eo
2248 3924 2353 3991 die
2390 3950 2512 3992 nos

455 4038 707 4099 quoque
741 4019 943 4084 multa
967 4018 1163 4084 verba
1198 4016 1466 4084 fecimus
1493 4017 1895 4103 maximeque
1924 4016 2043 4083 visi
2071 4039 2291 4085 sumus
2320 4041 2515 4087 sena-

2668 1062 2673 1252 ψ
