2675 4559
510 212 639 280 266
1125 223 1202 277 M.
1240 222 1513 284 TULLII
1548 221 1951 281 CICERONIS

507 349 689 426 rerit3
741 358 853 413 aut
895 345 1114 411 rursus
1162 367 1229 411 se
1275 345 1345 410 in
1386 343 1713 410 Etruriam
1755 345 2017 423 referat,
2068 349 2251 432 quod
2296 371 2371 414 ea
2410 373 2534 434 pars

389 438 395 444 ’
507 445 732 510 Italiae
787 441 924 509 sine
977 441 1259 507 exercitu
1312 451 1427 506 est.
1516 439 1690 523 quod
1742 441 1796 504 si
1843 463 1946 506 me
1992 437 2244 507 Caesar
2288 443 2537 510 audisset

505 550 699 623 atque
734 536 1199 624 Appenninum
1243 537 1602 612 transisset,
1638 536 1706 600 in
1741 546 1951 602 tantas
1987 537 2324 623 angustias
2357 539 2540 602 Anto-

503 633 682 698 nium
719 629 1164 717 conpulissem,
1200 640 1274 695 ut
1306 630 1523 716 inopia
1554 629 1765 716 potius
1792 651 1987 714 quam
2022 630 2199 696 ferro
2230 631 2540 699 conficere-

505 743 630 804 tur.
685 727 798 792 sed
833 747 1042 810 neque
1072 723 1338 791 Caesari
1369 723 1673 810 imperari
1706 734 1919 811 potest
1950 747 2071 792 nec
2104 723 2355 793 Caesar
2386 750 2540 793 exer-

507 823 662 888 citui
697 817 842 898 suo}
879 821 1052 906 quod
1087 831 1429 904 utrumque
1463 819 1815 906 pessimum
1849 831 1965 885 est.
2036 843 2190 886 cum
2226 821 2383 886 haec
2414 821 2538 886 talia

503 917 662 993 sint,
707 936 834 1001 quo
869 915 1112 992 minus,
1157 915 1332 999 quod
1368 914 1451 978 ad
1486 937 1591 980 me
1622 913 1998 1000 pertinebit,
2042 915 2342 982 homines
2374 917 2537 980 inter-

503 1011 774 1098 pellent,
825 1020 900 1074 ut
952 1031 1145 1096 supra
1197 1007 1450 1094 scripsi,
1504 1031 1637 1073 non
1684 1008 1973 1094 inpedi03
2027 1009 2195 1076 haec
2248 1032 2432 1094 quem
2472 1008 2536 1074 ad

506 1104 771 1173 modum
807 1103 1109 1190 explicari
1141 1102 1389 1188 possint
1423 1114 1554 1180 aut,
1590 1127 1630 1168 a
1663 1114 1727 1169 te
1764 1125 1911 1169 cum
1939 1105 2442 1190 explicabuntur,
2472 1126 2537 1167 ne

503 1199 910 1285 inpediuntur
943 1198 1157 1262 timec.
1247 1197 1416 1262 alere
1450 1196 1581 1263 iam
1616 1197 1846 1263 milites
1882 1219 2009 1262 non
2043 1221 2334 1284 possum.
2417 1220 2533 1262 cum

505 1294 588 1359 ad
622 1316 756 1358 rem
792 1290 1116 1377 publicam
1159 1291 1561 1357 liberandam
1604 1292 1873 1369 accessi,
1918 1291 2062 1358 HS.
2101 1293 2265 1358 mihi
2299 1294 2415 1359 fuit
2444 1315 2532 1378 pe-

503 1388 730 1454 cuniae
770 1401 955 1451 ·cccc
974 1421 988 1434 ·
1029 1385 1322 1471 amplius.
1359 1397 1644 1452 ‘tantum
1682 1387 1883 1464 abest,
1919 1398 1994 1452 ut
2028 1411 2219 1454 meae
2254 1388 2345 1455 rei
2378 1388 2531 1454 fami-

501 1481 674 1546 liaris
715 1481 990 1546 liberum
1027 1480 1109 1544 sit
1143 1479 1519 1564 quicquam,
1573 1492 1645 1546 ut
1680 1481 1883 1546 omnis
1928 1481 2058 1547 iam
2101 1504 2286 1548 meos
2329 1482 2528 1547 amicos

503 1598 648 1641 aere
693 1576 897 1640 alieno
935 1574 1403 1640 obstrinxerim.
1493 1585 1738 1662 septem
1771 1599 2113 1643 numerum
2160 1599 2337 1644 nunc
2364 1576 2530 1661 legio-

501 1693 661 1736 num
695 1671 827 1749 alo;
865 1691 995 1756 qua
1030 1666 1435 1747 difficultate,
1481 1681 1554 1735 tu
1589 1670 1925 1737 arbitrare:
1963 1693 2127 1750 non,
2166 1673 2223 1738 si
2259 1670 2526 1739 Varronis

503 1766 880 1832 thensauros
931 1763 1264 1843 haberem,
1321 1763 1663 1830 subsistere
1710 1765 1995 1850 sumptui
2046 1789 2326 1853 possem.
2408 1785 2524 1830 cum
2612 1777 2614 1862 ἐ

499 1861 778 1947 primum
821 1859 901 1926 de
935 1860 1222 1926 Antonio
1256 1859 1656 1945 exploratum
1691 1858 1978 1926 habuero
1993 1908 2010 1937 ,
2057 1861 2297 1927 faciam
2328 1872 2387 1926 te
2419 1879 2525 1924 cer-

500 1954 746 2022 tiorem.
833 1963 905 2018 tu
945 1977 1052 2020 me
1088 1954 1332 2020 amabis
1369 1954 1485 2032 ita,
1527 1953 1585 2019 >si
1627 1953 1749 2019 hoc
1791 1953 1964 2019 idem
1998 1977 2107 2021 me
2150 1956 2221 2020 in
2254 1965 2317 2022 te
2348 1954 2523 2018 facere
2613 1959 2614 1962 ’

503 2049 794 2118 senseris.
879 2071 969 2112 111.
1007 2047 1175 2112 Non.
1211 2047 1376 2112 Mai.
1416 2071 1497 2114 ex
1532 2048 1775 2124 castris,
1810 2047 2125 2114 Dertona.
2613 2063 2614 2070 ’

1478 2215 1588 2272 XI.-

531 2317 689 2371 Data
723 2321 810 2372 est
843 2333 912 2374 ex
945 2317 1170 2386 castris,
1209 2315 1419 2372 finibus
1448 2317 1911 2452 Stati'gllensium,
1948 2320 2092 2390 prid.
2122 2321 2317 2379 Nonas
2342 2315 2495 2372 Maias

1362 2412 1413 2450 a.
1441 2413 1495 2453 u.
1516 2413 1565 2452 c.
1692 2437 1706 2450 .

596 2494 672 2551 D.
707 2494 1020 2554 BRUTUS
1053 2495 1210 2552 IMP.
1247 2495 1407 2554 GOS.
1444 2497 1699 2557 DESIG.
1740 2499 1797 2558 S.
1834 2500 1909 2558 D.
1944 2500 2023 2556 M.
2061 2497 2429 2560 CICERONI.

622 2609 875 2678 Eodem
909 2611 1204 2698 exemplo
1237 2634 1277 2676 a
1311 2623 1376 2678 te
1412 2611 1569 2677 mihi
1603 2613 1849 2681 litterae
1882 2614 2176 2682 redditae
2210 2624 2382 2690 sunt,
2414 2627 2515 2694 quo

492 2707 677 2794 pueri
721 2707 850 2773 mei
893 2706 1258 2772 attulerunt.
1348 2717 1599 2773 tantum
1641 2729 1745 2775 me
1794 2708 1910 2774 tibi
1957 2709 2194 2777 debere
2238 2706 2514 2776 existimo,
2611 2783 2612 2788 ἵ

491 2813 805 2886 quantum
848 2801 1212 2888 persolvere
1255 2799 1517 2870 difficile
1561 2814 1675 2868 est.
1765 2801 1987 2890 scripsi
2030 2805 2178 2882 tibi,
2233 2823 2389 2888 quae
2434 2796 2515 2862 hie
2610 2835 2612 2924 1

491 2905 883 2980 gererentur.
971 2897 1039 2960 in
1073 2896 1313 2983 ,itinere
1360 2906 1457 2962 est
1500 2897 1823 2962 Antonius
1836 2945 1854 2974 ,
1908 2898 1991 2963 ad
2036 2897 2357 2986 Lepidum
2396 2911 2514 2980 pro·

489 2985 824 3065 ficiscitur3
877 3009 960 3054 ne
995 2989 1076 3054 de
1109 2988 1355 3056 Planco
1392 2991 1655 3075 quidem
1700 3014 1880 3078 spem
1918 2992 2131 3059 adhuc
2168 2990 2413 3083 abiecit,
2457 2993 2511 3048 ut
2610 2929 2612 3053 l

492 3103 574 3146 ex
607 3081 836 3146 libellis
863 3081 1001 3148 eius
1028 3083 1470 3164 animadverti,
1506 3087 1617 3172 qui
1653 3085 1719 3151 in
1747 3109 1853 3152 me
1886 3087 2249 3154 inciderunt
2257 3111 2275 3164 3
2309 3085 2369 3150 in
2399 3077 2511 3165 qui·

489 3175 612 3242 bus
647 3197 808 3262 quos
844 3177 928 3243 ad
963 3178 1293 3257 Asinium,
1327 3202 1489 3266 quos
1526 3181 1608 3246 ad
1643 3180 1999 3267 Lepidum,
2037 3203 2200 3266 quos
2237 3180 2316 3246 ad
2346 3175 2509 3244 Plan·

490 3291 638 3336 cum
663 3271 960 3350 mitteret,
997 3274 1331 3340 scribebat.
1388 3297 1511 3364 ego
1540 3285 1757 3342 tamen
1783 3298 1912 3341 non
1942 3276 2142 3343 habui
2170 3273 2506 3358 ambiguum

489 3376 554 3430 et
588 3363 801 3430 statim
835 3367 920 3432 ad
953 3366 1272 3434 Plancum
1303 3370 1482 3448 misi3
1530 3382 1593 3436 et
1628 3369 1827 3436 biduo
1864 3370 1949 3436 ab
1985 3368 2427 3455 Allobrogibus
2456 3368 2505 3426 et
2609 3431 2610 3458 ξ

488 3459 684 3524 totius
721 3457 974 3527 Galliae
1007 3462 1254 3548 legatos
1290 3475 1613 3554 exspecto,
1651 3485 1811 3548 quos
1848 3465 2252 3532 confirmatos
2281 3463 2503 3527 domum
2608 3459 2610 3530 ἦ

485 3554 825 3622 remittam.
887 3568 976 3634 tu,
1013 3577 1180 3642 quae
1213 3558 1361 3624 istic
1395 3581 1557 3646 opus
1592 3572 1778 3627 erunt
1814 3561 2257 3639 administrari,
2291 3549 2502 3646 prospi-

487 3648 636 3726 cies,
671 3659 744 3714 ut
777 3671 860 3715 ex
893 3662 1006 3717 tua
1040 3652 1368 3719 voluntate
1402 3655 1623 3740 reique
1657 3655 1955 3741 publicae
1992 3655 2319 3723 commodo
2350 3650 2495 3716 fiant·

483 3743 967 3811 malevolentiae
992 3745 1324 3812 hominum
1348 3747 1417 3814 in
1440 3771 1565 3827 me,
1603 3748 1656 3814 si
1682 3749 1941 3840 poteris,
1970 3773 2287 3826 occurres3
2321 3746 2369 3811 si
2390 3760 2491 3807 non

481 3834 788 3921 potueris,
823 3837 944 3905 hoc
981 3851 1034 3906 te
1067 3843 1502 3923 consolabere,
1542 3843 1715 3929 quod
1751 3869 1857 3912 me
1892 3846 1973 3914 de
2010 3858 2179 3914 statu
2213 3843 2345 3910 meo
2376 3833 2489 3902 nul·
2605 3879 2608 3904 ι

481 3929 560 3994 lis
588 3933 982 3999 contumeliis
1011 3933 1326 4003 deterrere
1354 3951 1637 4026 possunt.
1691 3963 1786 4026 pr.
1808 3939 1975 4008 Non.
1995 3941 2153 4008 Mai.
2184 3963 2258 4006 ex
2284 3927 2485 4002 castus,
2601 3915 2608 4132 1

479 4020 716 4086 finibus
753 4023 1273 4097 Statiellensium.
