2675 4559
433 3792 456 3829 1

493 237 624 307 468
1117 248 1192 304 Μ.
1229 248 1503 307 TULLn
1538 248 1942 311 CICERONIS
1988 276 1995 281 -

494 370 748 447 cotidie
787 374 1024 463 singuli
1075 372 1214 440 dies
1277 372 1589 441 tolluntur
1640 372 2247 451 obnuntiationibus,
2294 394 2492 461 magna

492 475 821 541 voluntate
855 470 1172 535 bonorum
1205 468 1519 537 omnium:
1564 464 1745 535 tanta
1787 468 2027 534 invidia
2060 482 2205 535 sunt
2244 472 2493 535 consules

493 564 756 655 propter
799 564 1216 650 suspitionem
1259 574 1597 651 pactorum
1631 584 1673 628 a
1707 558 2062 629 candidatis
2097 564 2494 650 praemiorum.

419 704 426 709 -
494 660 817 728 candidati
861 660 1230 725 consulares
1279 669 1613 757 quattuor,
1670 678 1893 723 omnes
1941 658 2061 737 rei3
2112 680 2331 725 causae
2377 669 2499 723 sunt
2608 654 2610 663 ⁴

494 752 812 832 difficiles,
843 755 977 821 sed·
986 754 1321 832 enitemur,
1340 750 1418 819 ut
1426 749 1726 819 Messala
1750 764 1969 820 noster
1994 749 2211 819 salvus
2232 754 2326 830 sit,
2358 752 2499 837 quod

495 863 594 919 est
627 851 820 917 etiam
853 848 1002 919 cum
1032 850 1426 933 *reliquorum
1458 850 1667 915 salute
1690 842 2143 915 coniunctum.
2196 846 2501 915 Gabinium

497 946 578 1011 de
629 943 875 1010 ambitu
933 966 1118 1011 reum
1179 943 1332 1009 fecit
1382 940 1463 1007 P.
1519 941 1705 1009 Sulla
1764 943 2205 1009 subscribente
2252 942 2505 1028 privigno

496 1038 829 1115 Memmio,
865 1036 1062 1103 fratre
1087 1034 1395 1114 Caecilio,
1424 1035 1609 1102 Sulla
1640 1037 1773 1103 filio
1785 1062 1803 1115 3
1840 1048 2063 1104 contra
2096 1037 2252 1103 dixit
2280 1036 2353 1101 L.
2370 1035 2505 1101 Tor·-

497 1145 730 1218 quatus
757 1133 1179 1216 omnibusque
1204 1130 1551 1197 libentibus
1580 1150 1711 1197 non
1736 1131 2029 1197 obtinuit„
2086 1132 2347 1217 quaeris,
2380 1128 2503 1213 quid

495 1230 610 1293 fiat
642 1227 726 1294 de
761 1223 1082 1293 Gabinio?
1151 1227 1439 1293 sciemus·
1462 1228 1543 1293 de
1585 1221 1919 1293 maiestate
1954 1227 2194 1293 triduo:
2244 1248 2362 1311 quo
2392 1223 2501 1307 qui-

496 1324 643 1388 dem
676 1324 746 1386 in
778 1316 1016 1387 iudicio
1051 1315 1200 1386 odio
1233 1315 1551 1409 premitur
1584 1323 1869 1387 omnium
1904 1342 2237 1431 generum,
2270 1318 2502 1385 maxime

495 1412 764 1483 testibus
800 1415 1105 1494 caeditur,
1141 1416 1625 1483 accusatoribus
1659 1417 2105 1505 frigidissimis
2130 1416 2341 1493 utitur3
2384 1434 2503 1480 oon-

495 1510 709 1576 silium
743 1510 1022 1589 varium,
1069 1512 1396 1623 quaesitor
1428 1512 1643 1597 gravis
1680 1523 1745 1579 et
1742 1473 2001 1577 ”firmus
2010 1558 2031 1590 ,
2068 1511 2305 1587 Alfius,
2342 1508 2504 1573 Pom-

495 1607 680 1693 peius
710 1605 1112 1673 vehemens·
1091 1630 1160 1671 ιιι
1193 1606 1514 1672 iudicibus
1549 1606 1870 1693 rogandis.
1934 1608 2095 1691 quid
2128 1600 2396 1672 futurum·
2424 1602 2503 1677 sit,

495 1702 738 1781 nescio,
781 1702 996 1768 locum
1027 1713 1242 1769 tamen
1286 1702 1433 1768 illi
1413 1726 1481 1767 ιιι
1516 1702 1773 1769 civitate
1806 1726 1936 1768 non
1970 1704 2182 1769 video,
2264 1701 2503 1767 animum

463 1848 471 1854 .
496 1796 774 1884 praebeo
811 1798 895 1863 ad
938 1797 1108 1863 illius
1143 1796 1491 1884 perniciem
1522 1798 1923 1863 moderatum
1936 1846 1953 1876 ,
1991 1798 2077 1863 ad
2113 1819 2320 1864 rerum
2350 1815 2504 1861 even-

495 1903 634 1956 tum
667 1891 1081 1957 lenissimum.
1170 1891 1371 1957 habes
1414 1891 1551 1958 fere
1594 1892 1674 1957 de
1709 1892 2005 1957 omnibus
2050 1892 2263 1959 rebus.
2342 1908 2503 1953 unum

494 1984 655 2050 illud
707 1984 969 2052 addam.
953 2010 969 2027 ·
1027 1983 1257 2064 Cicero
1302 1996 1451 2051 tuus
1496 1996 1837 2071 nosterque
1882 2009 2139 2055 summo
2194 1984 2385 2051 studio
2429 1990 2502 2046 est

495 2078 766 2146 Paeonii
810 2080 911 2151 sui
943 2079 1244 2157 rhetoris,
1281 2079 1585 2158 hominis,
1622 2079 1865 2169 opinor,
1902 2081 2095 2147 valde
2132 2076 2428 2147 exercitati
2456 2083 2503 2137 et

495 2173 680 2250 boni3
717 2174 830 2239 sed
865 2184 1154 2266 nostrum
1188 2174 1563 2267 instituendi
1596 2198 1802 2261 genus
1838 2198 1977 2243 esse
2012 2178 2208 2261 paulo
2244 2169 2502 2240 eruditius

497 2276 562 2333 et
593 2266 1032 2352 θετικώτερον
1065 2259 1196 2332 non
1230 2269 1509 2352 ignoras.
1598 2291 1729 2353 qua
1770 2292 1841 2334 re
1874 2292 2085 2354 neque
2122 2290 2245 2355 ego
2277 2261 2499 2352 inpediri

497 2356 825 2425 Ciceronis
869 2359 992 2425 iter
1030 2371 1226 2445 atque
1269 2361 1448 2427 illam
1492 2362 1893 2452 disciplinam
1929 2365 2074 2428 volo
2114 2376 2179 2431 et
2220 2364 2345 2449 ipse
2374 2374 2503 2445 puer

494 2453 703 2540 magis
735 2452 844 2519 illo
881 2453 1333 2521 declamatorio
1368 2474 1603 2542 genere
1640 2458 1789 2523 duci
1823 2470 1897 2523 et
1933 2451 2236 2524 delectari
2270 2455 2500 2525 videtum

494 2548 562 2615 in
597 2570 727 2633 quo
769 2541 1074 2634 quoniam
1111 2549 1241 2637 ipsi
1283 2570 1544 2636 quoque
1579 2552 1819 2617 fiiimus
1833 2598 1851 2629 ,
1886 2554 2213 2639 patiamur
2242 2552 2403 2617 illum
2430 2545 2501 2609 ire

495 2642 726 2711 nostris
762 2642 1123 2721 itineribus,
1161 2644 1389 2711 eodem
1424 2646 1595 2711 enim
1628 2658 2085 2732 perventurum
2114 2663 2255 2713 ‘esse
2286 2637 2501 2710 confidi-

495 2762 659 2805 mus.
748 2740 864 2806 sed
908 2751 1122 2805 tamen
1135 2786 1154 2817 ,
1191 2740 1263 2829 ‚si
1295 2740 1630 2805 nobiscum
1674 2762 1825 2807 eum
1859 2764 1971 2807 rus
2005 2741 2223 2827 aliquo
2256 2731 2503 2805 eduxeri-

494 2854 668 2909 mus,
708 2832 780 2897 in
813 2830 980 2898 hanc
1012 2844 1295 2899 nostram
1331 2835 1642 2900 rationem
1675 2837 2323 2930 consuetudinemque
2353 2828 2503 2896 indu·-

493 2946 741 3003 cemus3
803 2948 1040 3012 magna
1092 2928 1262 2993 enim
1313 2918 1512 2993 nobis·
1550 2952 1590 2993 a
1642 2940 1705 2995 te
1758 2931 2085 3016 proposita
2136 2948 2365 2995 merces
2411 2930 2499 2995 est,

495 3040 690 3103 quam
735 3030 904 3085 certe
955 3032 1171 3089 nostra
1217 3022 1406 3109 culpa
1448 3043 1807 3108 numquam
1847 3026 2083 3091 minus
2101 3025 2497 3107 adsequemur·

496 3113 792 3198 quibus
773 3136 840 3180 ιιι
884 3114 1040 3180 locis
1075 3126 1140 3182 et
1174 3130 1304 3211 qua
1337 3138 1451 3201 spe
1486 3116 1881 3211 hiematurus
1918 3119 2036 3197 sis,
2086 3120 2174 3185 ad
2214 3140 2311 3182 me
2343 3126 2501 3197 quam
2609 3176 2610 3179 ,

498 3200 976 3299 diligentissime
1011 3202 1260 3277 scribas
1289 3211 1499 3277 velim.
1826 3236 1833 3239 ·

958 3484 965 3490 ·
1473 3459 1575 3515 IV.
1632 3486 1641 3491 -

920 3556 1036 3616 Ser.
1059 3558 1274 3615 Romae
1297 3560 1405 3616 IX.
1426 3560 1560 3615 Kal.
1585 3561 1726 3619 Nov.
1752 3580 1803 3617 a.
1830 3579 1885 3617 u.
1914 3578 1961 3619 c.
1990 3562 2107 3616 700.

680 3682 687 3687 ·
787 3657 1100 3718 MARCUS
1153 3659 1453 3725 QUINTO
1504 3662 1799 3719 FRATRI
1836 3662 2233 3721 SALUTEM.

620 3767 941 3837 Gabinius
967 3774 1298 3841 absolutus
1323 3786 1441 3841 est.
1493 3778 1753 3843 omnino
1781 3777 1940 3844 nihil
1966 3786 2323 3843 accusatore
2350 3770 2495 3833 Len·
2609 3834 2610 3839 ,

491 3864 626 3928 tulo
671 3860 1334 3959 subscriptoribusque
1382 3870 1519 3936 eius
1553 3866 1895 3950 infamius,
1912 3872 2089 3937 nihil
2130 3871 2233 3937 illo
2267 3857 2495 3933 consilio
2609 3884 2610 3911 ³

491 3954 836 4021 sordidius:
890 3962 1004 4025 sed
1046 3972 1264 4027 tamen
1307 3964 1431 4029 nisi
1482 3953 1869 4034 incredibilis
1922 3967 2252 4043 contentio,
2304 3974 2491 4047 preces
2609 4032 2610 4047 χ

457 4042 782 4130 Pompeii
795 4095 816 4126 ,
869 4052 1222 4169 dictaturae
1258 4056 1449 4123 etiam
1486 4081 1703 4126 rumor
1746 4063 1972 4149 plenus
2017 4060 2251 4129 timoris
2284 4054 2489 4122 fuisset,
2609 4094 2610 4109 2
