2675 4559
619 236 1176 293 EPffi‘fflLARUM
1212 236 1340 293 Ἧι,
1376 237 1600 293 3ι-33.
2018 223 2147 290 169

141 376 190 430 et
217 371 423 448 arguta
456 357 869 446 adparebunt,
904 370 980 425 ut
1015 371 1410 425 sacramento
1458 359 1808 426 contendas
1839 381 1987 426 mea
2018 381 2151 427 non

138 479 264 523 esse.
309 477 454 520 nam
488 455 566 519 de
598 453 849 519 iudiciis
876 453 1054 537 quod
1079 454 1383 539 quereris,
1417 456 1626 520 multo
1655 455 1879 521 laboro
1906 454 2148 521 minus:
2186 514 2192 519 .

138 552 425 616 trahantur
452 570 567 635 per
607 571 712 615 me
754 549 1027 635 pedibus
1064 571 1285 615 omnes
1331 550 1454 630 rei3
1511 552 1595 618 sit
1630 553 1734 618 vel
1769 551 1982 620 Selius
2015 563 2152 618 tam

136 648 422 730 eloquens,
457 654 532 709 ut
563 644 765 730 possit
796 644 1072 730 probare
1108 666 1176 710 se
1211 644 1514 711 liberum:
1564 668 1695 713 non
1728 647 1970 713 laboro.
2043 669 2150 712 ur·

135 738 388 804 banitatis
422 738 923 824 possessionem,
969 738 1234 816 amabo,
1279 739 1612 823 quibusvis
1651 741 2003 808 interdictis
2039 740 2151 807 de·

134 833 424 899 fendamus
433 855 454 910 3
508 832 578 896 in
631 854 761 917 qua
811 844 876 898 te
925 854 1129 897 unum
1180 844 1429 910 metuo,
1494 845 1829 900 contemno
1879 846 2145 902 ceteros.

134 927 360 993 derideri
395 937 459 992 te
495 927 724 1012 putas?
766 949 939 991 nunc
975 927 1233 993 demum
1278 927 1583 1015 intellego
1617 939 1682 994 te
1718 951 1960 1014 sapere.
2034 928 2150 995 sed
2183 951 2210 992 a

137 1021 479 1087 mehercules
513 1033 704 1087 extra
736 1021 979 1086 iocumz
1016 1020 1203 1087 valde
1236 1022 1398 1086 mihi
1431 1035 1583 1090 tuae
1615 1023 1867 1090 litterae
1901 1023 2150 1090 facetae

136 1116 541 1201 elegantesque
586 1116 765 1182 visae
811 1126 980 1181 sunt.
1066 1116 1205 1192 illa,
1258 1117 1554 1201 quamvis
1595 1117 1864 1184 ridicula
1917 1129 2150 1194 essent,

136 1214 263 1276 sicut
292 1223 487 1290 erant,
525 1211 687 1276 mihi
721 1223 937 1277 tamen
970 1211 1171 1277 risum
1204 1233 1335 1277 non
1362 1229 1726 1279 moverunt:
1764 1212 1953 1299 cupio
1981 1212 2153 1279 enim

137 1317 372 1370 nostrum
405 1307 592 1373 illum
629 1307 907 1372 amicum
952 1307 1022 1371 in
1055 1306 1387 1372 tribunatu
1421 1329 1617 1392 quam
1653 1307 2001 1393 plurimum
2036 1304 2152 1370 ha·-

139 1400 251 1464 bere
289 1400 650 1486 gravitatis3
701 1399 887 1486 idque
930 1421 1077 1466 cum
1121 1400 1324 1487 ipsius
1361 1422 1558 1468 causa
1590 1437 1679 1449 —-
1712 1414 1810 1468 est
1843 1400 2030 1478 mihi,
2077 1410 2152 1465 ut

137 1494 253 1569 seis,
282 1495 343 1559 in
375 1495 706 1560 amoribus
739 1531 859 1572 —,
894 1505 1032 1559 tum
1065 1494 1433 1561 mehercule
1467 1495 1660 1561 etiam
1695 1496 1789 1560 rei
1822 1495 2148 1582 publieae3

139 1608 291 1669 quam
336 1589 628 1672 quidem,
681 1589 975 1673 quamvis
1026 1589 1095 1652 in
1139 1610 1245 1653 me
1288 1589 1542 1674 ingrata
1593 1588 1707 1665 sit,
1762 1611 1976 1655 amare
2019 1609 2151 1652 non

141 1682 393 1747 desinam.
464 1695 558 1761 tu,
596 1683 688 1747 mi
723 1682 1050 1760 Volumni,
1086 1680 1394 1767 quoniam
1430 1692 1496 1747 et
1527 1681 1858 1747 instituisti
1893 1694 1958 1747 et
1992 1681 2151 1746 mihi

143 1775 277 1841 vides
309 1797 441 1842 esse
475 1788 759 1863 gratum,
796 1775 1003 1841 scribe
1039 1776 1125 1840 ad
1159 1797 1261 1841 me
1298 1797 1494 1860 quam
1531 1775 1898 1861 saepissime
1935 1775 2014 1839 de
2050 1795 2151 1839 re—

143 1869 230 1934 bus
273 1871 551 1949 urbanis,
609 1870 691 1937 de
743 1894 813 1937 re
864 1870 1153 1956 publiea:
1215 1871 1531 1938 iucundus
1585 1880 1683 1936 est
1734 1869 1892 1935 mihi
1943 1891 2151 1935 sermo

143 1963 438 2030 litterarum
498 1977 779 2032 tuarum.
884 1976 1216 2051 praeterea
1266 1963 1708 2042 Dolabellam,
1769 1985 1964 2049 quem
2027 1985 2149 2049 ego

144 2059 399 2144 perspicio
452 2072 519 2126 et
571 2059 787 2126 iudico
840 2058 1323 2146 cupidissimum
1369 2080 1508 2125 esse
1554 2070 1748 2144 atque
1795 2057 2153 2123 amantissi-

148 2173 281 2216 mum
318 2154 469 2231 mei,
516 2152 854 2219 cohortare
900 2164 967 2218 et
1000 2152 1306 2219 confirma
1340 2163 1407 2218 et
1438 2151 1635 2218 redde
1680 2152 1870 2238 plane
1905 2174 2151 2228 meum3

81 2241 84 2249 ’
147 2265 242 2309 non
276 2247 659 2324 mehercule,
716 2249 845 2333 quo’
891 2247 1235 2332 quiequam
1280 2247 1474 2325 desit,
1529 2247 1644 2313 sed
1688 2247 1842 2332 quia
1876 2246 2064 2312 valde
2099 2249 2154 2310 ei
2209 2324 2214 2329 .

150 2339 308 2423 cupio,
338 2363 463 2408 non
496 2341 725 2407 videor
758 2340 1029 2406 nimium
1060 2340 1374 2406 laborare.

981 2572 1260 2630 XXXIII.

774 2677 891 2734 Scr.
913 2676 1130 2753 Romae
1147 2695 1199 2732 a.
1220 2695 1274 2732 u.
1296 2694 1345 2732 c.
1368 2679 1484 2733 708.

555 2779 696 2847 [Μ.]
733 2777 1008 2836 CICERO
1046 2777 1102 2834 S.
1138 2779 1214 2834 D.
1251 2778 1681 2836 VOLUMNIO.

240 2899 414 2983 Quod
436 2900 1009 2969 declamationibus
1034 2902 1266 2967 nostris
1295 2924 1494 2978 cares,
1532 2900 1749 2968 damni
1774 2900 1933 2966 nihil
1966 2898 2154 2977 facis,
2137 2922 2153 2939 ·
2191 2918 2216 2957 1

158 2995 287 3074 quod
314 2997 518 3062 Hirtio
554 2995 903 3074 invideres,
950 2996 1074 3062 nisi
1118 3017 1267 3061 eum
1302 3019 1582 3074 amares,
1625 3018 1758 3062 non
1792 3005 1931 3062 erat
1963 3017 2158 3061 causa

158 3083 442 3170 invidendi,
476 3091 603 3157 nisi
638 3089 855 3156 forte
836 3090 1038 3176 ipsius
1064 3090 1466 3174 eloquentiae
1495 3090 1702 3176 magis
1715 3111 1946 3200 quam,
1982 3088 2156 3173 quod

157 3199 232 3245 me
267 3184 525 3263 audiret,
579 3185 917 3252 invideres.
1005 3205 1122 3249 nos
1167 3184 1339 3251 enim
1382 3185 1603 3271 plane,
1648 3183 1737 3247 mi
1781 3182 2156 3248 suavissime

160 3268 439 3356 Volumni,
485 3290 601 3345 aut
633 3277 793 3343 nihil
829 3300 1049 3344 sumus
1084 3289 1197 3344 aut
1228 3277 1417 3344 nobis
1449 3276 1764 3361 quidem
1745 3275 1902 3362 1psis
1938 3274 2158 3361 displi-

162 3384 357 3447 cemus,
389 3372 758 3460 gregalibus
801 3372 957 3450 illis,
1000 3372 1235 3457 quibus
1280 3383 1345 3438 te
1379 3371 1723 3458 plaudente
1756 3368 2156 3455 vigebamus,

164 3461 388 3530 amissis:
460 3479 535 3533 ut
587 3467 810 3544 etiam,
874 3467 930 3531 si
991 3465 1251 3551 quando
1316 3464 1560 3549 aliquid
1622 3462 1890 3550 dignum
1941 3472 2158 3527 nostro

164 3556 368 3623 nomine
402 3561 748 3639 emisimus,
782 3560 1327 3647 ingemescamus,
1366 3559 1542 3644 quod
1575 3559 1736 3624 haec
1771 3555 2158 3644 ‘pinniger0,

166 3664 261 3711 non
289 3652 589 3740 armigero
622 3655 691 3719 in
725 3677 990 3741 corpore
1036 3654 1165 3721 tela
1200 3652 1666 3731 exerceantur,'
1710 3664 1785 3717 ut
1818 3651 1909 3715 ait
1940 3647 2162 3714 Philo-

168 3749 319 3808 ctetes
351 3748 518 3833 apud
552 3749 856 3827 Accium,
894 3748 1175 3815 ‘abiecta
1208 3748 1456 3835 gloria!
1546 3747 1663 3813 sed
1695 3757 1912 3812 tamen
1947 3743 2163 3809 omnia
2195 3764 2222 3803 ε

168 3833 289 3900 mihi
324 3854 498 3909 erunt
511 3889 531 3920 ,
578 3845 631 3910 si
676 3856 748 3910 tu
792 3844 1073 3922 veneris,
1108 3843 1444 3921 hilariora,
1497 3862 1888 3953 quamquam
1919 3837 2162 3916 venies,

173 3928 263 3987 ut
249 3951 368 4037 ιρεε
399 3934 738 4025 intellegis,
773 3940 842 4004 in
879 3938 1305 4004 maximarum
1340 3937 1526 4022 quasi
1560 3956 1939 4002 concursum
1973 3953 2164 4000 occu—

176 4022 478 4109 vationum,
520 4054 677 4119 quas
723 4033 808 4112 si,
843 4044 917 4100 ut
964 4033 1292 4111 volumus,
1329 4031 1801 4119 exceperimus,
1847 4050 1972 4116 ego
2008 4049 2161 4095 vero
