2675 4559
426 194 559 261 410
1044 206 1119 260 M.
1158 204 1436 264 TULLII
1470 203 1871 262 CICERONIS

1387 377 1519 432 XX.

1182 479 1301 537 Ser.
1322 497 1470 536 anno
1489 480 1718 536 incerto.

1030 581 1375 672 'run-mus
1412 581 1684 668 TIRONI
1721 581 1888 639 SAL.

558 705 895 784 Sollicitat,
932 706 1023 772 ita
1057 705 1303 783 vivam,
1338 728 1444 772 me
1477 716 1621 783 tua,
1655 705 1746 768 mi
1782 705 1965 783 Tiro,
2001 706 2314 772 valetudo
2328 731 2349 786 3
2387 708 2498 774 sed

424 800 707 880 confide,
755 800 811 866 si
847 799 1274 888 diligentiam,
1306 821 1505 884 quam
1537 798 1900 875 instituisti,
1937 800 2337 879 adhibueris,
2373 803 2497 868 cito

422 907 487 962 te
518 895 777 960 firmum
804 893 964 961 fore.
1017 894 1215 960 libros
1244 915 1580 980 compone,
1605 894 1909 972 indicem,
1947 915 2097 961 cum
2113 895 2500 962 Metrodoro

420 989 691 1069 lubebit,
726 989 1029 1074 quoniam
1068 988 1205 1055 eius
1242 987 1554 1054 arbitratu
1587 986 1937 1054 vivendum
1971 1000 2086 1056 est.
2145 1013 2304 1056 cum
2339 991 2502 1056 holi-

422 1093 589 1161 tore,
634 1095 708 1149 ut
740 1082 1011 1150 videtur.
1074 1094 1146 1149 tu
1182 1093 1365 1168 potes
1403 1082 1717 1148 Kalendis
1753 1093 2044 1169 spectare
2079 1083 2500 1170 gladiatores,

424 1176 732 1264 postridie
756 1175 1004 1254 redire3
1042 1187 1106 1243 et
1138 1177 1231 1242 ita
1258 1198 1516 1243 censeo:
1554 1198 1797 1254 verum,
1835 1188 1910 1242 ut
1937 1177 2287 1243 videbitur.
2348 1201 2502 1245 cura

420 1285 506 1352 te,
540 1275 595 1341 si
630 1296 735 1340 me
770 1295 968 1352 arnae,
1007 1273 1366 1362 diligenter.
1420 1273 1584 1338 vale.

1371 1423 1534 1478 XXI.

1080 1525 1198 1582 Ser.
1220 1527 1462 1582 Athenis
1482 1542 1532 1581 a.
1554 1543 1608 1580 u.
1631 1543 1678 1580 e.
1699 1526 1820 1580 ³110.

658 1628 936 1686 CICERO
970 1627 1039 1684 1³¹.
1078 1627 1355 1686 TIRONI
1392 1626 1538 1686 SUO
1573 1625 2046 1687 DULCISSIMO
2083 1627 2258 1688 SAL.

356 1777 381 1814 1
548 1741 721 1810 Cum
756 1745 1166 1813 vehementer
1201 1743 1566 1812 tabellarios
1602 1756 2041 1832 exspectarem
2077 1747 2340 1825 cotidie,
2381 1749 2496 1812 ali-

416 1840 675 1924 quando
712 1851 1028 1906 venerunt
1070 1849 1219 1926 post
1252 1839 1424 1907 diem
1461 1839 2071 1926 quadragensimum
2105 1851 2173 1906 et
2209 1852 2494 1920 sextum,

416 1955 613 2020 quam
647 1957 688 2000 a
734 1934 920 2000 vobis
962 1933 1416 2012 discesserant3
1469 1956 1742 2046 quorum
1793 1933 1954 1999 mihi
1995 1933 2120 2000 fuit
2167 1936 2494 2003 adventus

416 2031 884 2118 optatissimus.
920 2053 1103 2108 ιιιιιιι,
1141 2052 1289 2096 cum
1323 2030 1673 2096 maximam
1707 2030 2020 2116 cepissem
2051 2030 2377 2099 laetitiam
2409 2054 2493 2096 ex

412 2125 856 2193 humanissimi
892 2137 957 2191 et
992 2125 1303 2192 carissimi
1336 2125 1535 2212 patris
1570 2124 1859 2212 epistola,
1897 2135 2035 2190 tum
2064 2145 2220 2192 vero
2258 2124 2491 2192 iucun-

411 2217 711 2284 dissimae
756 2231 904 2288 tuae
949 2220 1198 2286 litterae
1240 2221 1574 2285 cumulum
1625 2218 1785 2284 mihi
1841 2219 2064 2306 gaudii
2107 2219 2486 2287 attulerunt.

408 2314 627 2396 itaque
660 2335 765 2378 me
809 2313 938 2378 iam
981 2335 1110 2378 non
1153 2313 1526 2399 paenitebat
1567 2313 2110 2400 intercapedinem
2155 2315 2486 2380 scribendi

409 2406 669 2484 fecisse,
704 2407 820 2474 sed
852 2407 1067 2493 potius
1099 2408 1421 2487 laetabar3
1466 2408 1750 2475 fructum
1796 2408 1968 2474 enim
2010 2431 2332 2495 magnum
2364 2410 2490 2474 hu-

408 2501 729 2566 manitatis
774 2511 924 2568 tuae
970 2502 1307 2590 capiebam
1351 2525 1434 2568 ex
1470 2501 1720 2568 silentio
1763 2525 2052 2568 mearum
2095 2502 2482 2570 litterarum.

408 2595 820 2664 vehementer
853 2595 1050 2682 igitur
1083 2597 1338 2684 gaudeo
1369 2607 1434 2662 te
1461 2619 1672 2662 meam
1700 2597 1838 2664 sine
1869 2597 2270 2663 dubitatione
2299 2621 2488 2666 acce-

344 2715 373 2756 ι
407 2691 578 2777 pisse
613 2691 1109 2759 excusationem.
1198 2704 1418 2778 gratos
1454 2691 1570 2756 tibi
1609 2702 1988 2777 optatosque
2025 2715 2196 2768 esse,
2245 2693 2366 2777 qui
2401 2693 2484 2758 de

405 2808 509 2851 me
543 2808 833 2852 rumores
870 2785 1273 2863 adferuntur,
1310 2807 1441 2851 non
1476 2785 1720 2865 dubito,
1755 2785 1847 2851 mi
1891 2786 2260 2857 dulcissime
2299 2787 2480 2864 Tire,

406 2879 874 2965 praestaboque
911 2892 975 2946 et
1010 2881 1242 2958 enitar,
1288 2891 1362 2946 ut
1405 2881 1473 2946 1ιι
1519 2879 1652 2947 dies
1698 2878 1904 2968 magis
1940 2881 2281 2968 magisque
2318 2882 2481 2948 haec

403 2995 675 3039 nascens
712 2974 793 3040 de
830 2995 934 3040 me
971 2975 1333 3062 duplicetur
1367 2975 1614 3062 opinio:
1660 2997 1790 3059 qua
1822 2998 1893 3041 re
1930 2975 2105 3058 quod
2149 2976 2478 3062 polliceris

404 3079 469 3136 te
513 3068 955 3135 bucinatorem
998 3069 1137 3135 fore
1182 3068 1667 3136 existimationis
1710 3091 1922 3147 meae,
1975 3069 2160 3135 firmo
2205 3070 2277 3134 id
2325 3093 2480 3136 con-

405 3163 725 3248 stantique
754 3163 973 3231 animo
1008 3164 1207 3230 facias
1244 3165 1435 3242 licet3
1479 3176 1728 3230 tantum
1765 3164 1936 3230 enim
1978 3163 2138 3228 mihi
2186 3163 2477 3231 dolorem

404 3257 883 3343 cruciatumque
918 3258 1267 3324 attulerunt
1310 3249 1525 3324 errata‘
1567 3257 1792 3324 aetatis
1825 3279 2008 3324 meae
2021 3306 2040 3336 ,
2086 3268 2160 3323 ut
2203 3279 2340 3326 non
2371 3281 2475 3324 so-

400 3354 539 3417 lum
582 3354 833 3419 animus
878 3377 917 3418 a
962 3353 1179 3432 factis,
1224 3354 1339 3420 sed
1385 3377 1572 3421 aures
1619 3376 1878 3440 quoque
1922 3378 1963 3419 a
2007 3375 2475 3420 commemora-

400 3449 572 3514 tione
608 3449 1011 3527 abhorreant,
1048 3451 1230 3516 cuius
1265 3461 1329 3516 te
1367 3449 1808 3516 sollicitudinis
1841 3460 1905 3515 et
1941 3449 2177 3514 doloris
2213 3451 2478 3537 partici-

398 3565 547 3630 pem
582 3541 784 3610 fuisse
808 3555 1034 3614 notum
1061 3545 1594 3632 exploratumque
1621 3555 1718 3611 est
1745 3542 1924 3622 mihi,
1959 3565 2080 3608 nec
2115 3541 2185 3608 id
2214 3544 2473 3610 mirum.

398 3659 550 3702 nam
586 3639 733 3703 cum
770 3639 983 3704 omnia
1024 3661 1171 3706 mea
1213 3658 1412 3706 causa
1453 3640 1651 3706 velles
1691 3635 1876 3724 [mihi
1912 3636 2242 3726 successa]
2259 3686 2278 3717 ,
2333 3651 2474 3704 tum

398 3731 591 3797 etiam
626 3742 766 3811 tua3
802 3733 1049 3798 socium
1078 3733 1248 3800 enim
1284 3745 1350 3800 te
1383 3755 1674 3800 meorum
1696 3731 2186 3798 commodorum
2217 3755 2474 3818 semper

334 3845 362 3886 ³
398 3847 538 3891 esse
573 3825 772 3892 volui.
860 3826 1163 3912 quoniam
1196 3827 1401 3918 igitur·
1433 3839 1570 3894 tum
1607 3851 1686 3893 ex
1723 3849 1829 3893 me
1866 3825 2144 3903 doluisti,
2183 3849 2362 3892 nunc
2397 3839 2474 3891 ut

397 3919 759 4002 duplicetur
800 3933 995 3988 tuum
1028 3946 1109 3989 ex
1152 3944 1257 3989 me
1302 3922 1644 4010 gaudium,
1698 3921 2060 4008 praestabo.
2152 3917 2471 4032 Cratippo

396 4033 501 4075 me
528 4013 683 4077 scito
709 4037 841 4081 non
875 4026 946 4082 ut
977 4018 1383 4105 discipulum,
1421 4017 1535 4086 sed
1570 4028 1642 4084 ut
1674 4017 1881 4083 filium
1909 4037 2050 4084 esse
2075 4015 2470 4082 coniunctis-
