<?xml version="1.0" encoding="UTF-8"?>
<!DOCTYPE html PUBLIC "-//W3C//DTD XHTML 1.0 Transitional//EN"
    "http://www.w3.org/TR/xhtml1/DTD/xhtml1-transitional.dtd">
<html xmlns="http://www.w3.org/1999/xhtml" xml:lang="en" lang="en">
 <head>
  <title>
</title>
<meta http-equiv="Content-Type" content="text/html;charset=utf-8" />
  <meta name='ocr-system' content='tesseract 3.04.00' />
  <meta name='ocr-capabilities' content='ocr_page ocr_carea ocr_par ocr_line ocrx_word'/>
</head>
<body>
  <div class='ocr_page' id='page_1' title='image "./mtulliiciceroni12unkngoog/mtulliiciceroni12unkngoog_0269.png"; bbox 0 0 2675 4559; ppageno 0'>
   <div class='ocr_carea' id='block_1_1' title="bbox 640 252 2199 324">
    <p class='ocr_par' dir='ltr' id='par_1_1' title="bbox 640 252 2199 324">
     <span class='ocr_line' id='line_1_1' title="bbox 640 252 2199 324; baseline 0.001 -4"><span class='ocrx_word' id='word_1_1' title='bbox 640 264 1198 324; x_wconf 79' lang='lat' dir='ltr'>EPISTOLARUM</span> <span class='ocrx_word' id='word_1_2' title='bbox 1231 266 1396 324; x_wconf 83' lang='lat' dir='ltr'><strong>vm.</strong></span> <span class='ocrx_word' id='word_1_3' title='bbox 1429 267 1622 322; x_wconf 84' lang='lat'><strong>9—11.</strong></span> <span class='ocrx_word' id='word_1_4' title='bbox 2035 252 2164 322; x_wconf 84' lang='lat'><strong>185</strong></span> <span class='ocrx_word' id='word_1_5' title='bbox 2195 289 2199 293; x_wconf 90' lang='lat'><em>-</em></span> 
     </span>
    </p>
   </div>
   <div class='ocr_carea' id='block_1_2' title="bbox 65 388 2174 2630">
    <p class='ocr_par' dir='ltr' id='par_1_2' title="bbox 65 388 2174 2630">
     <span class='ocr_line' id='line_1_2' title="bbox 152 388 2164 478; baseline 0 -23"><span class='ocrx_word' id='word_1_6' title='bbox 152 413 311 476; x_wconf 86' lang='lat' dir='ltr'><strong>qnam</strong></span> <span class='ocrx_word' id='word_1_7' title='bbox 344 388 559 454; x_wconf 84' lang='lat' dir='ltr'><strong>tardus</strong></span> <span class='ocrx_word' id='word_1_8' title='bbox 596 398 657 453; x_wconf 92' lang='lat' dir='ltr'><strong>et</strong></span> <span class='ocrx_word' id='word_1_9' title='bbox 688 411 919 474; x_wconf 89' lang='lat' dir='ltr'><strong>parum</strong></span> <span class='ocrx_word' id='word_1_10' title='bbox 946 389 1179 456; x_wconf 86' lang='lat' dir='ltr'><strong>efficax</strong></span> <span class='ocrx_word' id='word_1_11' title='bbox 1216 391 1316 466; x_wconf 88' lang='lat' dir='ltr'><strong>sit,</strong></span> <span class='ocrx_word' id='word_1_12' title='bbox 1351 391 1635 478; x_wconf 90' lang='lat' dir='ltr'><strong>itemque</strong></span> <span class='ocrx_word' id='word_1_13' title='bbox 1663 388 1930 458; x_wconf 82' lang='lat' dir='ltr'><strong>Servius</strong></span> <span class='ocrx_word' id='word_1_14' title='bbox 1966 412 2164 475; x_wconf 85' lang='lat' dir='ltr'><strong>quam</strong></span> 
     </span>
     <span class='ocr_line' id='line_1_3' title="bbox 152 481 2165 570; baseline 0.001 -22"><span class='ocrx_word' id='word_1_15' title='bbox 152 493 455 548; x_wconf 79' lang='lat' dir='ltr'>cunctator.</span> <span class='ocrx_word' id='word_1_16' title='bbox 508 481 699 548; x_wconf 89' lang='lat' dir='ltr'><strong>cuius</strong></span> <span class='ocrx_word' id='word_1_17' title='bbox 722 481 899 548; x_wconf 90' lang='lat' dir='ltr'><strong>modi</strong></span> <span class='ocrx_word' id='word_1_18' title='bbox 931 495 1123 570; x_wconf 86' lang='lat' dir='ltr'><strong>putas</strong></span> <span class='ocrx_word' id='word_1_19' title='bbox 1158 482 1277 548; x_wconf 86' lang='lat' dir='ltr'><strong>hos</strong></span> <span class='ocrx_word' id='word_1_20' title='bbox 1312 506 1454 550; x_wconf 90' lang='lat' dir='ltr'><strong>esse</strong></span> <span class='ocrx_word' id='word_1_21' title='bbox 1489 496 1600 551; x_wconf 86' lang='lat' dir='ltr'><strong>aut</strong></span> <span class='ocrx_word' id='word_1_22' title='bbox 1635 507 1832 570; x_wconf 89' lang='lat' dir='ltr'><strong>quam</strong></span> <span class='ocrx_word' id='word_1_23' title='bbox 1864 485 1952 561; x_wconf 89' lang='lat' dir='ltr'><strong>id,</strong></span> <span class='ocrx_word' id='word_1_24' title='bbox 1990 487 2165 569; x_wconf 90' lang='lat' dir='ltr'><strong>quod</strong></span> 
     </span>
     <span class='ocr_line' id='line_1_4' title="bbox 149 577 2165 665; baseline 0.001 -23"><span class='ocrx_word' id='word_1_25' title='bbox 149 577 334 654; x_wconf 85' lang='lat' dir='ltr'><strong>nolint,</strong></span> <span class='ocrx_word' id='word_1_26' title='bbox 368 577 675 642; x_wconf 73' lang='lat' dir='ltr'><strong>confioere</strong></span> <span class='ocrx_word' id='word_1_27' title='bbox 706 599 930 662; x_wconf 87' lang='lat' dir='ltr'><strong>posse,</strong></span> <span class='ocrx_word' id='word_1_28' title='bbox 965 578 1107 662; x_wconf 84' lang='lat' dir='ltr'><strong>qui,</strong></span> <span class='ocrx_word' id='word_1_29' title='bbox 1144 599 1311 664; x_wconf 84' lang='lat' dir='ltr'><strong>quae</strong></span> <span class='ocrx_word' id='word_1_30' title='bbox 1347 578 1642 665; x_wconf 86' lang='lat' dir='ltr'><strong>cupiunt,</strong></span> <span class='ocrx_word' id='word_1_31' title='bbox 1677 590 1894 645; x_wconf 85' lang='lat' dir='ltr'><strong>tamen</strong></span> <span class='ocrx_word' id='word_1_32' title='bbox 1925 580 2016 644; x_wconf 87' lang='lat' dir='ltr'><strong>ita</strong></span> <span class='ocrx_word' id='word_1_33' title='bbox 2051 578 2165 644; x_wconf 84' lang='lat' dir='ltr'><strong>fri-</strong></span> 
     </span>
     <span class='ocr_line' id='line_1_5' title="bbox 148 671 2162 760; baseline 0.002 -26"><span class='ocrx_word' id='word_1_34' title='bbox 148 671 268 758; x_wconf 87' lang='lat' dir='ltr'><strong>gide</strong></span> <span class='ocrx_word' id='word_1_35' title='bbox 310 681 535 758; x_wconf 86' lang='lat' dir='ltr'><strong>agunt,</strong></span> <span class='ocrx_word' id='word_1_36' title='bbox 590 682 663 736; x_wconf 81' lang='lat' dir='ltr'><strong>ut</strong></span> <span class='ocrx_word' id='word_1_37' title='bbox 704 673 875 738; x_wconf 91' lang='lat' dir='ltr'><strong>nolle</strong></span> <span class='ocrx_word' id='word_1_38' title='bbox 921 673 1405 739; x_wconf 74' lang='lat' dir='ltr'><strong>existimentur?</strong></span> <span class='ocrx_word' id='word_1_39' title='bbox 1455 675 1638 738; x_wconf 90' lang='lat' dir='ltr'><strong>novis</strong></span> <span class='ocrx_word' id='word_1_40' title='bbox 1681 674 2162 760; x_wconf 82' lang='lat' dir='ltr'><strong>magistratibus</strong></span> 
     </span>
     <span class='ocr_line' id='line_1_6' title="bbox 148 765 2164 854; baseline 0.001 -24"><span class='ocrx_word' id='word_1_41' title='bbox 148 777 343 842; x_wconf 82' lang='lat' dir='ltr'><strong>autem,</strong></span> <span class='ocrx_word' id='word_1_42' title='bbox 382 767 437 830; x_wconf 86' lang='lat' dir='ltr'><strong>si</strong></span> <span class='ocrx_word' id='word_1_43' title='bbox 464 765 841 832; x_wconf 82' lang='lat' dir='ltr'><strong>Parthicum</strong></span> <span class='ocrx_word' id='word_1_44' title='bbox 868 766 1109 833; x_wconf 88' lang='lat' dir='ltr'><strong>bellum</strong></span> <span class='ocrx_word' id='word_1_45' title='bbox 1138 768 1277 845; x_wconf 86' lang='lat' dir='ltr'><strong>erit,</strong></span> <span class='ocrx_word' id='word_1_46' title='bbox 1303 767 1465 834; x_wconf 87' lang='lat' dir='ltr'><strong>haec</strong></span> <span class='ocrx_word' id='word_1_47' title='bbox 1490 789 1688 834; x_wconf 86' lang='lat' dir='ltr'><strong>causa</strong></span> <span class='ocrx_word' id='word_1_48' title='bbox 1719 769 1958 854; x_wconf 86' lang='lat' dir='ltr'><strong>primos</strong></span> <span class='ocrx_word' id='word_1_49' title='bbox 1983 788 2164 834; x_wconf 87' lang='lat' dir='ltr'><strong>men-</strong></span> 
     </span>
     <span class='ocr_line' id='line_1_7' title="bbox 65 860 2167 950; baseline 0.003 -28"><span class='ocrx_word' id='word_1_50' title='bbox 65 887 68 950; x_wconf 65' lang='lat'>5</span> <span class='ocrx_word' id='word_1_51' title='bbox 149 883 227 923; x_wconf 84' lang='lat' dir='ltr'><strong>ses</strong></span> <span class='ocrx_word' id='word_1_52' title='bbox 256 860 605 946; x_wconf 81' lang='lat' dir='ltr'><strong>occupabit.</strong></span> <span class='ocrx_word' id='word_1_53' title='bbox 694 861 795 925; x_wconf 89' lang='lat' dir='ltr'><strong>sin</strong></span> <span class='ocrx_word' id='word_1_54' title='bbox 830 871 944 928; x_wconf 88' lang='lat' dir='ltr'><strong>aut</strong></span> <span class='ocrx_word' id='word_1_55' title='bbox 974 882 1107 927; x_wconf 89' lang='lat' dir='ltr'><strong>non</strong></span> <span class='ocrx_word' id='word_1_56' title='bbox 1142 861 1261 929; x_wconf 90' lang='lat' dir='ltr'><strong>erit</strong></span> <span class='ocrx_word' id='word_1_57' title='bbox 1292 862 1438 928; x_wconf 83' lang='lat' dir='ltr'><strong>istic</strong></span> <span class='ocrx_word' id='word_1_58' title='bbox 1472 861 1735 939; x_wconf 87' lang='lat' dir='ltr'><strong>bellum,</strong></span> <span class='ocrx_word' id='word_1_59' title='bbox 1771 873 1884 928; x_wconf 87' lang='lat' dir='ltr'><strong>aut</strong></span> <span class='ocrx_word' id='word_1_60' title='bbox 1915 872 2167 928; x_wconf 83' lang='lat' dir='ltr'><strong>tantum</strong></span> 
     </span>
     <span class='ocr_line' id='line_1_8' title="bbox 149 953 2166 1043; baseline 0.002 -24.84"><span class='ocrx_word' id='word_1_61' title='bbox 149 953 257 1032; x_wconf 81' lang='lat' dir='ltr'><strong>erit,</strong></span> <span class='ocrx_word' id='word_1_62' title='bbox 289 964 355 1018; x_wconf 84' lang='lat' dir='ltr'><strong>ut</strong></span> <span class='ocrx_word' id='word_1_63' title='bbox 388 975 505 1019; x_wconf 86' lang='lat' dir='ltr'><strong>vos</strong></span> <span class='ocrx_word' id='word_1_64' title='bbox 535 964 651 1018; x_wconf 87' lang='lat' dir='ltr'><strong>aut</strong></span> <span class='ocrx_word' id='word_1_65' title='bbox 678 976 1077 1022; x_wconf 78' lang='lat' dir='ltr'><strong>successores</strong></span> <span class='ocrx_word' id='word_1_66' title='bbox 1111 957 1327 1042; x_wconf 86' lang='lat' dir='ltr'><strong>parvis</strong></span> <span class='ocrx_word' id='word_1_67' title='bbox 1357 955 1589 1022; x_wconf 88' lang='lat' dir='ltr'><strong>additis</strong></span> <span class='ocrx_word' id='word_1_68' title='bbox 1619 956 1816 1043; x_wconf 84' lang='lat' dir='ltr'><strong>copiis</strong></span> <span class='ocrx_word' id='word_1_69' title='bbox 1853 956 2166 1022; x_wconf 86' lang='lat' dir='ltr'><strong>sustinere</strong></span> 
     </span>
     <span class='ocr_line' id='line_1_9' title="bbox 148 1044 2165 1136; baseline 0.001 -25"><span class='ocrx_word' id='word_1_70' title='bbox 148 1047 371 1130; x_wconf 85' lang='lat' dir='ltr'><strong>possint,</strong></span> <span class='ocrx_word' id='word_1_71' title='bbox 394 1044 751 1115; x_wconf 82' lang='lat' dir='ltr'><strong>Curionem</strong></span> <span class='ocrx_word' id='word_1_72' title='bbox 774 1050 959 1116; x_wconf 87' lang='lat' dir='ltr'><strong>video</strong></span> <span class='ocrx_word' id='word_1_73' title='bbox 974 1073 1043 1118; x_wconf 88' lang='lat' dir='ltr'><strong>se</strong></span> <span class='ocrx_word' id='word_1_74' title='bbox 1062 1050 1402 1136; x_wconf 75' lang='lat' dir='ltr'><strong>dupliciter</strong></span> <span class='ocrx_word' id='word_1_75' title='bbox 1417 1051 1830 1116; x_wconf 78' lang='lat' dir='ltr'><strong>iactaturum:</strong></span> <span class='ocrx_word' id='word_1_76' title='bbox 1865 1049 2165 1136; x_wconf 87' lang='lat' dir='ltr'><strong>primum,</strong></span> 
     </span>
     <span class='ocr_line' id='line_1_10' title="bbox 150 1140 2174 1232; baseline 0.003 -28"><span class='ocrx_word' id='word_1_77' title='bbox 150 1151 203 1204; x_wconf 85' lang='lat' dir='ltr'><strong>ut</strong></span> <span class='ocrx_word' id='word_1_78' title='bbox 228 1141 450 1226; x_wconf 83' lang='lat' dir='ltr'><strong>aliquid</strong></span> <span class='ocrx_word' id='word_1_79' title='bbox 488 1140 761 1213; x_wconf 75' lang='lat' dir='ltr'><strong>Caesari</strong></span> <span class='ocrx_word' id='word_1_80' title='bbox 805 1145 1046 1210; x_wconf 84' lang='lat' dir='ltr'><strong>adimat</strong></span> <span class='ocrx_word' id='word_1_81' title='bbox 1052 1169 1071 1223; x_wconf 86' lang='lat'><em>3</em></span> <span class='ocrx_word' id='word_1_82' title='bbox 1116 1145 1267 1210; x_wconf 89' lang='lat' dir='ltr'><strong>inde</strong></span> <span class='ocrx_word' id='word_1_83' title='bbox 1312 1156 1388 1210; x_wconf 85' lang='lat' dir='ltr'><strong>ut</strong></span> <span class='ocrx_word' id='word_1_84' title='bbox 1430 1145 1674 1229; x_wconf 87' lang='lat' dir='ltr'><strong>aliquid</strong></span> <span class='ocrx_word' id='word_1_85' title='bbox 1706 1145 2020 1232; x_wconf 90' lang='lat' dir='ltr'><strong>Pompeio</strong></span> <span class='ocrx_word' id='word_1_86' title='bbox 2055 1145 2174 1210; x_wconf 86' lang='lat' dir='ltr'><strong>tri--</strong></span> 
     </span>
     <span class='ocr_line' id='line_1_11' title="bbox 65 1235 2166 1325; baseline 0.002 -27"><span class='ocrx_word' id='word_1_87' title='bbox 65 1245 68 1306; x_wconf 69' lang='lat' dir='ltr'><em>g</em></span> <span class='ocrx_word' id='word_1_88' title='bbox 150 1235 288 1311; x_wconf 81' lang='lat' dir='ltr'><strong>buat,</strong></span> <span class='ocrx_word' id='word_1_89' title='bbox 306 1236 575 1320; x_wconf 83' lang='lat' dir='ltr'><strong>quodvis</strong></span> <span class='ocrx_word' id='word_1_90' title='bbox 596 1237 951 1321; x_wconf 76' lang='lat' dir='ltr'><strong>quamlibet</strong></span> <span class='ocrx_word' id='word_1_91' title='bbox 974 1249 1166 1304; x_wconf 85' lang='lat' dir='ltr'><strong>tenue</strong></span> <span class='ocrx_word' id='word_1_92' title='bbox 1184 1240 1657 1304; x_wconf 83' lang='lat' dir='ltr'><strong>munusculum.</strong></span> <span class='ocrx_word' id='word_1_93' title='bbox 1709 1239 1958 1306; x_wconf 87' lang='lat' dir='ltr'><strong>Paulus</strong></span> <span class='ocrx_word' id='word_1_94' title='bbox 1975 1260 2166 1325; x_wconf 88' lang='lat' dir='ltr'><strong>porro</strong></span> 
     </span>
     <span class='ocr_line' id='line_1_12' title="bbox 151 1329 2167 1420; baseline 0.003 -29"><span class='ocrx_word' id='word_1_95' title='bbox 151 1349 247 1392; x_wconf 89' lang='lat' dir='ltr'><strong>non</strong></span> <span class='ocrx_word' id='word_1_96' title='bbox 270 1329 553 1396; x_wconf 76' lang='lat' dir='ltr'><strong>humane</strong></span> <span class='ocrx_word' id='word_1_97' title='bbox 568 1332 652 1396; x_wconf 89' lang='lat' dir='ltr'><strong>de</strong></span> <span class='ocrx_word' id='word_1_98' title='bbox 677 1333 1005 1417; x_wconf 85' lang='lat' dir='ltr'><strong>provincia</strong></span> <span class='ocrx_word' id='word_1_99' title='bbox 1028 1333 1339 1417; x_wconf 83' lang='lat' dir='ltr'><strong>loquitur:</strong></span> <span class='ocrx_word' id='word_1_100' title='bbox 1378 1332 1568 1398; x_wconf 91' lang='lat' dir='ltr'><strong>huius</strong></span> <span class='ocrx_word' id='word_1_101' title='bbox 1595 1332 1928 1420; x_wconf 81' lang='lat' dir='ltr'><strong>cupiditati</strong></span> <span class='ocrx_word' id='word_1_102' title='bbox 1945 1355 2167 1399; x_wconf 87' lang='lat' dir='ltr'><strong>occur-</strong></span> 
     </span>
     <span class='ocr_line' id='line_1_13' title="bbox 152 1423 2162 1514; baseline 0.004 -30"><span class='ocrx_word' id='word_1_103' title='bbox 152 1444 295 1488; x_wconf 81' lang='lat' dir='ltr'><strong>surus</strong></span> <span class='ocrx_word' id='word_1_104' title='bbox 335 1434 431 1490; x_wconf 89' lang='lat' dir='ltr'><strong>est</strong></span> <span class='ocrx_word' id='word_1_105' title='bbox 471 1425 761 1490; x_wconf 83' lang='lat' dir='ltr'><strong>Furnius</strong></span> <span class='ocrx_word' id='word_1_106' title='bbox 806 1437 1053 1504; x_wconf 82' lang='lat' dir='ltr'><strong>noster3</strong></span> <span class='ocrx_word' id='word_1_107' title='bbox 1104 1423 1305 1512; x_wconf 83' lang='lat' dir='ltr'><strong>pluris</strong></span> <span class='ocrx_word' id='word_1_108' title='bbox 1349 1427 1662 1513; x_wconf 89' lang='lat' dir='ltr'><strong>suspicari</strong></span> <span class='ocrx_word' id='word_1_109' title='bbox 1704 1449 1836 1493; x_wconf 92' lang='lat' dir='ltr'><strong>non</strong></span> <span class='ocrx_word' id='word_1_110' title='bbox 1877 1449 2162 1514; x_wconf 86' lang='lat' dir='ltr'><strong>possum.</strong></span> 
     </span>
     <span class='ocr_line' id='line_1_14' title="bbox 148 1514 2166 1605; baseline 0.004 -26"><span class='ocrx_word' id='word_1_111' title='bbox 148 1514 271 1580; x_wconf 79' lang='lat' dir='ltr'><strong>haec</strong></span> <span class='ocrx_word' id='word_1_112' title='bbox 300 1519 443 1582; x_wconf 83' lang='lat' dir='ltr'><strong>novi</strong></span> <span class='ocrx_word' id='word_1_113' title='bbox 450 1543 470 1596; x_wconf 80' lang='lat'><em>3</em></span> <span class='ocrx_word' id='word_1_114' title='bbox 509 1519 661 1596; x_wconf 86' lang='lat' dir='ltr'><strong>alia,</strong></span> <span class='ocrx_word' id='word_1_115' title='bbox 698 1541 863 1604; x_wconf 84' lang='lat' dir='ltr'><strong>quae</strong></span> <span class='ocrx_word' id='word_1_116' title='bbox 898 1535 1167 1605; x_wconf 83' lang='lat' dir='ltr'><strong>possunt</strong></span> <span class='ocrx_word' id='word_1_117' title='bbox 1194 1521 1504 1599; x_wconf 86' lang='lat' dir='ltr'><strong>accidere,</strong></span> <span class='ocrx_word' id='word_1_118' title='bbox 1539 1543 1670 1587; x_wconf 91' lang='lat' dir='ltr'><strong>non</strong></span> <span class='ocrx_word' id='word_1_119' title='bbox 1698 1543 1908 1588; x_wconf 83' lang='lat' dir='ltr'><strong>cerne.</strong></span> <span class='ocrx_word' id='word_1_120' title='bbox 1961 1522 2166 1588; x_wconf 88' lang='lat' dir='ltr'><strong>multa</strong></span> 
     </span>
     <span class='ocr_line' id='line_1_15' title="bbox 150 1611 2166 1700; baseline 0.004 -28"><span class='ocrx_word' id='word_1_121' title='bbox 150 1621 353 1696; x_wconf 83' lang='lat' dir='ltr'><strong>tempus</strong></span> <span class='ocrx_word' id='word_1_122' title='bbox 386 1611 647 1678; x_wconf 77' lang='lat' dir='ltr'><strong>adferre</strong></span> <span class='ocrx_word' id='word_1_123' title='bbox 680 1625 745 1678; x_wconf 90' lang='lat' dir='ltr'><strong>et</strong></span> <span class='ocrx_word' id='word_1_124' title='bbox 776 1626 1157 1700; x_wconf 85' lang='lat' dir='ltr'><strong>praeparata</strong></span> <span class='ocrx_word' id='word_1_125' title='bbox 1190 1625 1439 1680; x_wconf 86' lang='lat' dir='ltr'><strong>mutare</strong></span> <span class='ocrx_word' id='word_1_126' title='bbox 1475 1615 1636 1693; x_wconf 83' lang='lat' dir='ltr'><strong>sci03</strong></span> <span class='ocrx_word' id='word_1_127' title='bbox 1671 1616 1787 1681; x_wconf 88' lang='lat' dir='ltr'><strong>sed</strong></span> <span class='ocrx_word' id='word_1_128' title='bbox 1820 1616 1988 1680; x_wconf 88' lang='lat' dir='ltr'><strong>intra</strong></span> <span class='ocrx_word' id='word_1_129' title='bbox 2019 1616 2166 1681; x_wconf 88' lang='lat' dir='ltr'><strong>finis</strong></span> 
     </span>
     <span class='ocr_line' id='line_1_16' title="bbox 65 1701 2168 1790; baseline 0.004 -27"><span class='ocrx_word' id='word_1_130' title='bbox 65 1759 68 1764; x_wconf 84' lang='lat'><strong>.</strong></span> <span class='ocrx_word' id='word_1_131' title='bbox 150 1701 263 1780; x_wconf 87' lang='lat' dir='ltr'><strong>hos,</strong></span> <span class='ocrx_word' id='word_1_132' title='bbox 308 1726 755 1790; x_wconf 85' lang='lat' dir='ltr'><strong>quaecumque</strong></span> <span class='ocrx_word' id='word_1_133' title='bbox 806 1709 1183 1785; x_wconf 86' lang='lat' dir='ltr'><strong>acciderint,</strong></span> <span class='ocrx_word' id='word_1_134' title='bbox 1236 1719 1582 1774; x_wconf 85' lang='lat' dir='ltr'><strong>vertentur.</strong></span> <span class='ocrx_word' id='word_1_135' title='bbox 1669 1708 1827 1773; x_wconf 89' lang='lat' dir='ltr'><strong>illud</strong></span> <span class='ocrx_word' id='word_1_136' title='bbox 1871 1709 2037 1774; x_wconf 86' lang='lat' dir='ltr'><strong>addo</strong></span> <span class='ocrx_word' id='word_1_137' title='bbox 2083 1707 2168 1772; x_wconf 84' lang='lat' dir='ltr'><strong>ad</strong></span> 
     </span>
     <span class='ocr_line' id='line_1_17' title="bbox 68 1796 2166 1888; baseline 0.003 -29"><span class='ocrx_word' id='word_1_138' title='bbox 68 1811 70 1888; x_wconf 23' lang='grc' dir='ltr'>ζ</span> <span class='ocrx_word' id='word_1_139' title='bbox 150 1796 381 1864; x_wconf 84' lang='lat' dir='ltr'><strong>actiones</strong></span> <span class='ocrx_word' id='word_1_140' title='bbox 420 1797 501 1866; x_wconf 92' lang='lat' dir='ltr'><strong>C.</strong></span> <span class='ocrx_word' id='word_1_141' title='bbox 542 1797 879 1878; x_wconf 83' lang='lat' dir='ltr'><strong>Curionis,</strong></span> <span class='ocrx_word' id='word_1_142' title='bbox 917 1802 998 1868; x_wconf 93' lang='lat' dir='ltr'><strong>de</strong></span> <span class='ocrx_word' id='word_1_143' title='bbox 1034 1822 1190 1888; x_wconf 84' lang='lat' dir='ltr'><strong>agro</strong></span> <span class='ocrx_word' id='word_1_144' title='bbox 1228 1798 1594 1888; x_wconf 85' lang='lat' dir='ltr'><strong>Campan03</strong></span> <span class='ocrx_word' id='word_1_145' title='bbox 1644 1801 1726 1866; x_wconf 92' lang='lat' dir='ltr'><strong>de</strong></span> <span class='ocrx_word' id='word_1_146' title='bbox 1760 1820 1890 1886; x_wconf 85' lang='lat' dir='ltr'><strong>quo</strong></span> <span class='ocrx_word' id='word_1_147' title='bbox 1926 1813 2166 1888; x_wconf 87' lang='lat' dir='ltr'><strong>negant</strong></span> 
     </span>
     <span class='ocr_line' id='line_1_18' title="bbox 68 1886 2166 1983; baseline 0.003 -30"><span class='ocrx_word' id='word_1_148' title='bbox 68 1913 72 1934; x_wconf 66' lang='lat'><em>2</em></span> <span class='ocrx_word' id='word_1_149' title='bbox 151 1886 447 1959; x_wconf 83' lang='lat' dir='ltr'><strong>Caesarem</strong></span> <span class='ocrx_word' id='word_1_150' title='bbox 471 1894 795 1972; x_wconf 87' lang='lat' dir='ltr'><strong>laborare,</strong></span> <span class='ocrx_word' id='word_1_151' title='bbox 832 1896 948 1962; x_wconf 91' lang='lat' dir='ltr'><strong>sed</strong></span> <span class='ocrx_word' id='word_1_152' title='bbox 960 1896 1352 1983; x_wconf 87' lang='lat' dir='ltr'><strong>Pompeium</strong></span> <span class='ocrx_word' id='word_1_153' title='bbox 1376 1896 1564 1962; x_wconf 85' lang='lat' dir='ltr'><strong>valde</strong></span> <span class='ocrx_word' id='word_1_154' title='bbox 1590 1895 1780 1972; x_wconf 86' lang='lat' dir='ltr'><strong>nolle,</strong></span> <span class='ocrx_word' id='word_1_155' title='bbox 1816 1917 1898 1962; x_wconf 89' lang='lat' dir='ltr'><strong>ne</strong></span> <span class='ocrx_word' id='word_1_156' title='bbox 1923 1917 2166 1962; x_wconf 78' lang='lat' dir='ltr'><strong>vacuus</strong></span> 
     </span>
     <span class='ocr_line' id='line_1_19' title="bbox 68 1982 2166 2076; baseline 0.005 -31"><span class='ocrx_word' id='word_1_157' title='bbox 68 2051 70 2060; x_wconf 21' lang='grc' dir='ltr'><em>Α</em></span> <span class='ocrx_word' id='word_1_158' title='bbox 150 1982 462 2054; x_wconf 83' lang='lat' dir='ltr'><strong>advenienti</strong></span> <span class='ocrx_word' id='word_1_159' title='bbox 498 1985 771 2056; x_wconf 81' lang='lat' dir='ltr'><strong>Caesari</strong></span> <span class='ocrx_word' id='word_1_160' title='bbox 803 2000 1041 2076; x_wconf 73' lang='lat' dir='ltr'><strong>pateat.</strong></span> <span class='ocrx_word' id='word_1_161' title='bbox 1106 1991 1280 2076; x_wconf 87' lang='lat' dir='ltr'><strong>quod</strong></span> <span class='ocrx_word' id='word_1_162' title='bbox 1316 1991 1400 2055; x_wconf 86' lang='lat' dir='ltr'><strong>ad</strong></span> <span class='ocrx_word' id='word_1_163' title='bbox 1434 2001 1617 2056; x_wconf 91' lang='lat' dir='ltr'><strong>tuum</strong></span> <span class='ocrx_word' id='word_1_164' title='bbox 1652 1990 1984 2056; x_wconf 79' lang='lat' dir='ltr'><strong>decessum</strong></span> <span class='ocrx_word' id='word_1_165' title='bbox 2021 1990 2166 2056; x_wconf 88' lang='lat' dir='ltr'><strong>atti-</strong></span> 
     </span>
     <span class='ocr_line' id='line_1_20' title="bbox 70 2080 2168 2170; baseline 0.004 -30"><span class='ocrx_word' id='word_1_166' title='bbox 70 2095 72 2097; x_wconf 76' lang='grc'><strong>’</strong></span> <span class='ocrx_word' id='word_1_167' title='bbox 150 2089 247 2153; x_wconf 87' lang='lat' dir='ltr'><strong>net,</strong></span> <span class='ocrx_word' id='word_1_168' title='bbox 276 2080 426 2147; x_wconf 91' lang='lat' dir='ltr'><strong>illud</strong></span> <span class='ocrx_word' id='word_1_169' title='bbox 461 2083 583 2148; x_wconf 90' lang='lat' dir='ltr'><strong>tibi</strong></span> <span class='ocrx_word' id='word_1_170' title='bbox 622 2106 752 2149; x_wconf 90' lang='lat' dir='ltr'><strong>non</strong></span> <span class='ocrx_word' id='word_1_171' title='bbox 784 2106 1049 2170; x_wconf 86' lang='lat' dir='ltr'><strong>possum</strong></span> <span class='ocrx_word' id='word_1_172' title='bbox 1085 2085 1392 2170; x_wconf 89' lang='lat' dir='ltr'><strong>polliceri,</strong></span> <span class='ocrx_word' id='word_1_173' title='bbox 1427 2105 1532 2150; x_wconf 87' lang='lat' dir='ltr'><strong>me</strong></span> <span class='ocrx_word' id='word_1_174' title='bbox 1560 2095 1930 2150; x_wconf 89' lang='lat' dir='ltr'><strong>curaturum</strong></span> <span class='ocrx_word' id='word_1_175' title='bbox 1953 2095 2026 2150; x_wconf 88' lang='lat' dir='ltr'><strong>ut</strong></span> <span class='ocrx_word' id='word_1_176' title='bbox 2050 2084 2168 2149; x_wconf 87' lang='lat' dir='ltr'><strong>tibi</strong></span> 
     </span>
     <span class='ocr_line' id='line_1_21' title="bbox 152 2175 2164 2268; baseline 0.003 -32"><span class='ocrx_word' id='word_1_177' title='bbox 152 2175 477 2242; x_wconf 79' lang='lat' dir='ltr'><strong>succedatur</strong></span> <span class='ocrx_word' id='word_1_178' title='bbox 484 2203 506 2254; x_wconf 84' lang='lat'>3</span> <span class='ocrx_word' id='word_1_179' title='bbox 544 2177 711 2242; x_wconf 85' lang='lat' dir='ltr'><strong>illud</strong></span> <span class='ocrx_word' id='word_1_180' title='bbox 746 2189 917 2268; x_wconf 79' lang='lat' dir='ltr'><strong>certe</strong></span> <span class='ocrx_word' id='word_1_181' title='bbox 952 2179 1312 2265; x_wconf 80' lang='lat' dir='ltr'><strong>praestabO,</strong></span> <span class='ocrx_word' id='word_1_182' title='bbox 1349 2201 1432 2244; x_wconf 91' lang='lat' dir='ltr'><strong>ne</strong></span> <span class='ocrx_word' id='word_1_183' title='bbox 1459 2179 1734 2265; x_wconf 88' lang='lat' dir='ltr'><strong>amplius</strong></span> <span class='ocrx_word' id='word_1_184' title='bbox 1764 2188 2164 2266; x_wconf 81' lang='lat' dir='ltr'><strong>prorogetur.</strong></span> 
     </span>
     <span class='ocr_line' id='line_1_22' title="bbox 152 2266 2168 2360; baseline 0.003 -28"><span class='ocrx_word' id='word_1_185' title='bbox 152 2266 223 2328; x_wconf 84' lang='lat' dir='ltr'><strong>tui</strong></span> <span class='ocrx_word' id='word_1_186' title='bbox 248 2271 477 2336; x_wconf 86' lang='lat' dir='ltr'><strong>consilii</strong></span> <span class='ocrx_word' id='word_1_187' title='bbox 514 2283 650 2349; x_wconf 86' lang='lat' dir='ltr'><strong>est,</strong></span> <span class='ocrx_word' id='word_1_188' title='bbox 686 2272 740 2336; x_wconf 88' lang='lat' dir='ltr'><strong>si</strong></span> <span class='ocrx_word' id='word_1_189' title='bbox 776 2284 1061 2359; x_wconf 88' lang='lat' dir='ltr'><strong>tempus,</strong></span> <span class='ocrx_word' id='word_1_190' title='bbox 1098 2273 1153 2338; x_wconf 93' lang='lat' dir='ltr'><strong>si</strong></span> <span class='ocrx_word' id='word_1_191' title='bbox 1186 2285 1448 2338; x_wconf 87' lang='lat' dir='ltr'><strong>senatus</strong></span> <span class='ocrx_word' id='word_1_192' title='bbox 1483 2284 1700 2360; x_wconf 85' lang='lat' dir='ltr'><strong>coget,</strong></span> <span class='ocrx_word' id='word_1_193' title='bbox 1737 2273 1793 2340; x_wconf 86' lang='lat' dir='ltr'><strong>si</strong></span> <span class='ocrx_word' id='word_1_194' title='bbox 1827 2272 2092 2339; x_wconf 77' lang='lat' dir='ltr'><strong>honeste</strong></span> <span class='ocrx_word' id='word_1_195' title='bbox 2127 2295 2168 2338; x_wconf 86' lang='lat' dir='ltr'><strong>a</strong></span> 
     </span>
     <span class='ocr_line' id='line_1_23' title="bbox 150 2361 2166 2452; baseline 0.003 -29"><span class='ocrx_word' id='word_1_196' title='bbox 150 2361 295 2427; x_wconf 87' lang='lat' dir='ltr'><strong>nobis</strong></span> <span class='ocrx_word' id='word_1_197' title='bbox 317 2367 609 2431; x_wconf 72' lang='lat' dir='ltr'><strong>recusari</strong></span> <span class='ocrx_word' id='word_1_198' title='bbox 634 2387 765 2430; x_wconf 89' lang='lat' dir='ltr'><strong>non</strong></span> <span class='ocrx_word' id='word_1_199' title='bbox 791 2367 1043 2452; x_wconf 84' lang='lat' dir='ltr'><strong>poterit,</strong></span> <span class='ocrx_word' id='word_1_200' title='bbox 1072 2367 1313 2434; x_wconf 83' lang='lat' dir='ltr'><strong>velisne</strong></span> <span class='ocrx_word' id='word_1_201' title='bbox 1342 2389 1780 2452; x_wconf 73' lang='lat' dir='ltr'><strong>perseveraret</strong></span> <span class='ocrx_word' id='word_1_202' title='bbox 1815 2368 1944 2434; x_wconf 89' lang='lat' dir='ltr'><strong>mei</strong></span> <span class='ocrx_word' id='word_1_203' title='bbox 1971 2366 2166 2432; x_wconf 89' lang='lat' dir='ltr'><strong>officii</strong></span> 
     </span>
     <span class='ocr_line' id='line_1_24' title="bbox 153 2459 2164 2548; baseline 0.002 -27"><span class='ocrx_word' id='word_1_204' title='bbox 153 2465 223 2516; x_wconf 75' lang='lat' dir='ltr'><strong>est</strong></span> <span class='ocrx_word' id='word_1_205' title='bbox 247 2459 620 2538; x_wconf 89' lang='lat' dir='ltr'><strong>meminisse,</strong></span> <span class='ocrx_word' id='word_1_206' title='bbox 656 2480 787 2543; x_wconf 86' lang='lat' dir='ltr'><strong>qua</strong></span> <span class='ocrx_word' id='word_1_207' title='bbox 822 2461 1245 2528; x_wconf 85' lang='lat' dir='ltr'><strong>obtestatione</strong></span> <span class='ocrx_word' id='word_1_208' title='bbox 1280 2460 1618 2528; x_wconf 81' lang='lat' dir='ltr'><strong>discedens</strong></span> <span class='ocrx_word' id='word_1_209' title='bbox 1651 2461 1830 2538; x_wconf 78' lang='lat' dir='ltr'><strong>mihi,</strong></span> <span class='ocrx_word' id='word_1_210' title='bbox 1865 2485 1948 2528; x_wconf 91' lang='lat' dir='ltr'><strong>ne</strong></span> <span class='ocrx_word' id='word_1_211' title='bbox 1983 2471 2164 2548; x_wconf 77' lang='lat' dir='ltr'><strong>pate·</strong></span> 
     </span>
     <span class='ocr_line' id='line_1_25' title="bbox 152 2550 777 2630; baseline 0.014 -21"><span class='ocrx_word' id='word_1_212' title='bbox 152 2568 225 2612; x_wconf 86' lang='lat' dir='ltr'><strong>rer</strong></span> <span class='ocrx_word' id='word_1_213' title='bbox 250 2550 395 2630; x_wconf 84' lang='lat' dir='ltr'><strong>fieri,</strong></span> <span class='ocrx_word' id='word_1_214' title='bbox 425 2553 777 2620; x_wconf 74' lang='lat' dir='ltr'><strong>mandaris.</strong></span> 
     </span>
    </p>
   </div>
   <div class='ocr_carea' id='block_1_3' title="bbox 582 2705 1669 2968">
    <p class='ocr_par' dir='ltr' id='par_1_3' title="bbox 582 2705 1669 2968">
     <span class='ocr_line' id='line_1_26' title="bbox 1083 2705 1187 2760; baseline 0 0"><span class='ocrx_word' id='word_1_215' title='bbox 1083 2705 1187 2760; x_wconf 85' lang='lat' dir='ltr'><strong>XI.</strong></span> 
     </span>
     <span class='ocr_line' id='line_1_27' title="bbox 582 2807 1669 2864; baseline 0 -2"><span class='ocrx_word' id='word_1_216' title='bbox 582 2807 702 2862; x_wconf 86' lang='lat' dir='ltr'><strong>Scr.</strong></span> <span class='ocrx_word' id='word_1_217' title='bbox 722 2807 938 2863; x_wconf 84' lang='lat' dir='ltr'><strong>Romae</strong></span> <span class='ocrx_word' id='word_1_218' title='bbox 954 2825 1147 2864; x_wconf 88' lang='lat' dir='ltr'><strong>mense</strong></span> <span class='ocrx_word' id='word_1_219' title='bbox 1165 2807 1329 2863; x_wconf 92' lang='lat' dir='ltr'><strong>Iunio</strong></span> <span class='ocrx_word' id='word_1_220' title='bbox 1349 2825 1400 2863; x_wconf 90' lang='lat' dir='ltr'><strong>a.</strong></span> <span class='ocrx_word' id='word_1_221' title='bbox 1420 2825 1474 2862; x_wconf 93' lang='lat' dir='ltr'><strong>u.</strong></span> <span class='ocrx_word' id='word_1_222' title='bbox 1495 2825 1544 2864; x_wconf 89' lang='lat' dir='ltr'><strong>c.</strong></span> <span class='ocrx_word' id='word_1_223' title='bbox 1565 2807 1669 2862; x_wconf 81' lang='lat'><strong>704</strong></span> 
     </span>
     <span class='ocr_line' id='line_1_28' title="bbox 671 2908 1601 2968; baseline -0.003 -2"><span class='ocrx_word' id='word_1_224' title='bbox 671 2909 959 2968; x_wconf 85' lang='lat' dir='ltr'><strong>CAELIU</strong></span> <span class='ocrx_word' id='word_1_225' title='bbox 962 2909 1001 2966; x_wconf 83' lang='lat' dir='ltr'>S</span> <span class='ocrx_word' id='word_1_226' title='bbox 1037 2908 1399 2968; x_wconf 84' lang='lat' dir='ltr'><strong>CICERONI</strong></span> <span class='ocrx_word' id='word_1_227' title='bbox 1437 2909 1601 2967; x_wconf 87' lang='lat' dir='ltr'><strong>SAL.</strong></span> 
     </span>
    </p>
   </div>
   <div class='ocr_carea' id='block_1_4' title="bbox 68 3019 2226 4130">
    <p class='ocr_par' dir='ltr' id='par_1_4' title="bbox 68 3019 2226 4130">
     <span class='ocr_line' id='line_1_29' title="bbox 158 3019 2164 3119; baseline 0.003 -33"><span class='ocrx_word' id='word_1_228' title='bbox 158 3105 169 3119; x_wconf 35' lang='lat'><em>⁶</em></span> <span class='ocrx_word' id='word_1_229' title='bbox 248 3019 380 3088; x_wconf 87' lang='lat' dir='ltr'><strong>Non</strong></span> <span class='ocrx_word' id='word_1_230' title='bbox 404 3024 539 3102; x_wconf 87' lang='lat' dir='ltr'><strong>diu,</strong></span> <span class='ocrx_word' id='word_1_231' title='bbox 576 3024 695 3090; x_wconf 91' lang='lat' dir='ltr'><strong>sed</strong></span> <span class='ocrx_word' id='word_1_232' title='bbox 720 3026 949 3091; x_wconf 89' lang='lat' dir='ltr'><strong>acriter</strong></span> <span class='ocrx_word' id='word_1_233' title='bbox 974 3047 1094 3092; x_wconf 87' lang='lat' dir='ltr'><strong>nos</strong></span> <span class='ocrx_word' id='word_1_234' title='bbox 1116 3036 1267 3092; x_wconf 86' lang='lat' dir='ltr'><strong>tuae</strong></span> <span class='ocrx_word' id='word_1_235' title='bbox 1294 3025 1790 3112; x_wconf 78' lang='lat' dir='ltr'><strong>supplicationes</strong></span> <span class='ocrx_word' id='word_1_236' title='bbox 1816 3036 2164 3104; x_wconf 82' lang='lat' dir='ltr'><strong>torserunt3</strong></span> 
     </span>
     <span class='ocr_line' id='line_1_30' title="bbox 156 3111 2168 3188; baseline 0.005 -15"><span class='ocrx_word' id='word_1_237' title='bbox 156 3111 531 3184; x_wconf 75' lang='lat' dir='ltr'><strong>incideramus</strong></span> <span class='ocrx_word' id='word_1_238' title='bbox 588 3118 761 3184; x_wconf 86' lang='lat' dir='ltr'><strong>enim</strong></span> <span class='ocrx_word' id='word_1_239' title='bbox 815 3119 883 3184; x_wconf 89' lang='lat' dir='ltr'><strong>in</strong></span> <span class='ocrx_word' id='word_1_240' title='bbox 928 3119 1255 3188; x_wconf 79' lang='lat' dir='ltr'><strong>difficilem</strong></span> <span class='ocrx_word' id='word_1_241' title='bbox 1305 3121 1576 3185; x_wconf 89' lang='lat' dir='ltr'><strong>nodum:</strong></span> <span class='ocrx_word' id='word_1_242' title='bbox 1629 3141 1782 3184; x_wconf 87' lang='lat' dir='ltr'><strong>nam</strong></span> <span class='ocrx_word' id='word_1_243' title='bbox 1827 3117 2028 3185; x_wconf 90' lang='lat' dir='ltr'><strong>Curio</strong></span> <span class='ocrx_word' id='word_1_244' title='bbox 2073 3120 2168 3185; x_wconf 86' lang='lat' dir='ltr'><strong>tui</strong></span> 
     </span>
     <span class='ocr_line' id='line_1_31' title="bbox 157 3207 2168 3303; baseline 0.002 -32"><span class='ocrx_word' id='word_1_245' title='bbox 157 3207 589 3291; x_wconf 81' lang='lat' dir='ltr'><strong>cupidissimus,</strong></span> <span class='ocrx_word' id='word_1_246' title='bbox 636 3213 743 3278; x_wconf 90' lang='lat' dir='ltr'><strong>cui</strong></span> <span class='ocrx_word' id='word_1_247' title='bbox 776 3213 1076 3281; x_wconf 87' lang='lat' dir='ltr'><strong>omnibus</strong></span> <span class='ocrx_word' id='word_1_248' title='bbox 1110 3213 1466 3281; x_wconf 83' lang='lat' dir='ltr'><strong>rationibus</strong></span> <span class='ocrx_word' id='word_1_249' title='bbox 1501 3212 1850 3303; x_wconf 80' lang='lat' dir='ltr'><strong>comitiales</strong></span> <span class='ocrx_word' id='word_1_250' title='bbox 1883 3215 2012 3278; x_wconf 65' lang='lat' dir='ltr'><strong>dies</strong></span> <span class='ocrx_word' id='word_1_251' title='bbox 2047 3214 2168 3278; x_wconf 85' lang='lat' dir='ltr'><strong>eri-</strong></span> 
     </span>
     <span class='ocr_line' id='line_1_32' title="bbox 158 3296 2168 3394; baseline -0.004 -16"><span class='ocrx_word' id='word_1_252' title='bbox 158 3296 473 3384; x_wconf 50' lang='lat' dir='ltr'><strong>debanna,</strong></span> <span class='ocrx_word' id='word_1_253' title='bbox 506 3307 797 3392; x_wconf 80' lang='lat' dir='ltr'><strong>negabat</strong></span> <span class='ocrx_word' id='word_1_254' title='bbox 831 3329 901 3374; x_wconf 89' lang='lat' dir='ltr'><strong>se</strong></span> <span class='ocrx_word' id='word_1_255' title='bbox 934 3307 1067 3374; x_wconf 82' lang='lat' dir='ltr'><strong>ullo</strong></span> <span class='ocrx_word' id='word_1_256' title='bbox 1100 3309 1293 3374; x_wconf 85' lang='lat' dir='ltr'><strong>modo</strong></span> <span class='ocrx_word' id='word_1_257' title='bbox 1326 3307 1462 3394; x_wconf 87' lang='lat' dir='ltr'><strong>pati</strong></span> <span class='ocrx_word' id='word_1_258' title='bbox 1497 3327 1688 3393; x_wconf 88' lang='lat' dir='ltr'><strong>posse</strong></span> <span class='ocrx_word' id='word_1_259' title='bbox 1723 3305 1982 3370; x_wconf 83' lang='lat' dir='ltr'><strong>decerni</strong></span> <span class='ocrx_word' id='word_1_260' title='bbox 2014 3328 2168 3391; x_wconf 89' lang='lat' dir='ltr'><strong>sup—</strong></span> 
     </span>
     <span class='ocr_line' id='line_1_33' title="bbox 158 3389 2168 3486; baseline 0.002 -27"><span class='ocrx_word' id='word_1_261' title='bbox 158 3389 500 3478; x_wconf 80' lang='lat' dir='ltr'><strong>plicationes,</strong></span> <span class='ocrx_word' id='word_1_262' title='bbox 536 3423 645 3477; x_wconf 87' lang='lat' dir='ltr'><strong>ne,</strong></span> <span class='ocrx_word' id='word_1_263' title='bbox 669 3401 845 3486; x_wconf 86' lang='lat' dir='ltr'><strong>quod</strong></span> <span class='ocrx_word' id='word_1_264' title='bbox 877 3401 1095 3470; x_wconf 75' lang='lat' dir='ltr'><strong>furore</strong></span> <span class='ocrx_word' id='word_1_265' title='bbox 1118 3402 1313 3468; x_wconf 83' lang='lat' dir='ltr'><strong>Pauli</strong></span> <span class='ocrx_word' id='word_1_266' title='bbox 1338 3402 1626 3486; x_wconf 87' lang='lat' dir='ltr'><strong>adeptus·</strong></span> <span class='ocrx_word' id='word_1_267' title='bbox 1639 3409 1810 3466; x_wconf 86' lang='lat' dir='ltr'><strong>esset</strong></span> <span class='ocrx_word' id='word_1_268' title='bbox 1841 3398 2014 3476; x_wconf 90' lang='lat' dir='ltr'><strong>boni,</strong></span> <span class='ocrx_word' id='word_1_269' title='bbox 2051 3421 2168 3464; x_wconf 87' lang='lat' dir='ltr'><strong>sua</strong></span> 
     </span>
     <span class='ocr_line' id='line_1_34' title="bbox 161 3485 2167 3584; baseline 0.001 -26"><span class='ocrx_word' id='word_1_270' title='bbox 161 3485 309 3570; x_wconf 70' lang='lat' dir='ltr'><strong>culpa</strong></span> <span class='ocrx_word' id='word_1_271' title='bbox 336 3492 659 3560; x_wconf 83' lang='lat' dir='ltr'><strong>videretur</strong></span> <span class='ocrx_word' id='word_1_272' title='bbox 694 3495 981 3562; x_wconf 86' lang='lat' dir='ltr'><strong>amisisse</strong></span> <span class='ocrx_word' id='word_1_273' title='bbox 1008 3506 1075 3562; x_wconf 88' lang='lat' dir='ltr'><strong>et</strong></span> <span class='ocrx_word' id='word_1_274' title='bbox 1106 3497 1582 3584; x_wconf 84' lang='lat' dir='ltr'><strong>praevaricator</strong></span> <span class='ocrx_word' id='word_1_275' title='bbox 1605 3516 1838 3560; x_wconf 87' lang='lat' dir='ltr'><strong>causae</strong></span> <span class='ocrx_word' id='word_1_276' title='bbox 1871 3493 2167 3580; x_wconf 86' lang='lat' dir='ltr'><strong>publicae</strong></span> 
     </span>
     <span class='ocr_line' id='line_1_35' title="bbox 68 3577 2168 3677; baseline 0.002 -29"><span class='ocrx_word' id='word_1_277' title='bbox 68 3637 70 3640; x_wconf 12' lang='grc' dir='ltr'><em>Α</em></span> <span class='ocrx_word' id='word_1_278' title='bbox 161 3577 597 3654; x_wconf 75' lang='lat' dir='ltr'><strong>existimaretur.</strong></span> <span class='ocrx_word' id='word_1_279' title='bbox 649 3589 867 3674; x_wconf 85' lang='lat' dir='ltr'><strong>itaque</strong></span> <span class='ocrx_word' id='word_1_280' title='bbox 902 3589 987 3656; x_wconf 85' lang='lat' dir='ltr'><strong>ad</strong></span> <span class='ocrx_word' id='word_1_281' title='bbox 1020 3591 1383 3677; x_wconf 83' lang='lat' dir='ltr'><strong>pactionem</strong></span> <span class='ocrx_word' id='word_1_282' title='bbox 1417 3589 1881 3666; x_wconf 85' lang='lat' dir='ltr'><strong>descendimus,</strong></span> <span class='ocrx_word' id='word_1_283' title='bbox 1918 3599 1983 3655; x_wconf 91' lang='lat' dir='ltr'><strong>et</strong></span> <span class='ocrx_word' id='word_1_284' title='bbox 2017 3608 2168 3654; x_wconf 86' lang='lat' dir='ltr'><strong>con-</strong></span> 
     </span>
     <span class='ocr_line' id='line_1_36' title="bbox 161 3666 2170 3771; baseline 0.003 -32"><span class='ocrx_word' id='word_1_285' title='bbox 161 3666 447 3744; x_wconf 78' lang='lat' dir='ltr'><strong>firmarunt</strong></span> <span class='ocrx_word' id='word_1_286' title='bbox 468 3683 763 3750; x_wconf 87' lang='lat' dir='ltr'><strong>consules</strong></span> <span class='ocrx_word' id='word_1_287' title='bbox 800 3706 869 3750; x_wconf 88' lang='lat' dir='ltr'><strong>se</strong></span> <span class='ocrx_word' id='word_1_288' title='bbox 903 3683 1004 3750; x_wconf 88' lang='lat' dir='ltr'><strong>his</strong></span> <span class='ocrx_word' id='word_1_289' title='bbox 1030 3685 1604 3771; x_wconf 81' lang='lat' dir='ltr'><strong>supplicationibus</strong></span> <span class='ocrx_word' id='word_1_290' title='bbox 1630 3685 1698 3749; x_wconf 89' lang='lat' dir='ltr'><strong>in</strong></span> <span class='ocrx_word' id='word_1_291' title='bbox 1733 3683 1905 3750; x_wconf 91' lang='lat' dir='ltr'><strong>hunc</strong></span> <span class='ocrx_word' id='word_1_292' title='bbox 1931 3703 2170 3748; x_wconf 86' lang='lat' dir='ltr'><strong>annum</strong></span> 
     </span>
     <span class='ocr_line' id='line_1_37' title="bbox 162 3778 2167 3865; baseline 0.001 -26"><span class='ocrx_word' id='word_1_293' title='bbox 162 3783 261 3831; x_wconf 83' lang='lat' dir='ltr'><strong>non</strong></span> <span class='ocrx_word' id='word_1_294' title='bbox 280 3791 515 3842; x_wconf 73' lang='lat' dir='ltr'><strong>usuros.</strong></span> <span class='ocrx_word' id='word_1_295' title='bbox 567 3778 777 3865; x_wconf 86' lang='lat' dir='ltr'><strong>plane,</strong></span> <span class='ocrx_word' id='word_1_296' title='bbox 806 3779 983 3864; x_wconf 87' lang='lat' dir='ltr'><strong>quod</strong></span> <span class='ocrx_word' id='word_1_297' title='bbox 1012 3781 1302 3864; x_wconf 89' lang='lat' dir='ltr'><strong>utrisque</strong></span> <span class='ocrx_word' id='word_1_298' title='bbox 1328 3778 1698 3846; x_wconf 87' lang='lat' dir='ltr'><strong>consulibus</strong></span> <span class='ocrx_word' id='word_1_299' title='bbox 1724 3779 1964 3865; x_wconf 87' lang='lat' dir='ltr'><strong>gratias</strong></span> <span class='ocrx_word' id='word_1_300' title='bbox 1991 3797 2167 3863; x_wconf 83' lang='lat' dir='ltr'><strong>agas,</strong></span> 
     </span>
     <span class='ocr_line' id='line_1_38' title="bbox 166 3863 2168 3960; baseline -0.001 -23"><span class='ocrx_word' id='word_1_301' title='bbox 166 3869 261 3937; x_wconf 62' lang='lat'><strong>0⁵23</strong></span> <span class='ocrx_word' id='word_1_302' title='bbox 296 3863 494 3936; x_wconf 86' lang='lat' dir='ltr'><strong>Paulo</strong></span> <span class='ocrx_word' id='word_1_303' title='bbox 528 3873 735 3960; x_wconf 85' lang='lat' dir='ltr'><strong>magis</strong></span> <span class='ocrx_word' id='word_1_304' title='bbox 772 3885 973 3952; x_wconf 81' lang='lat' dir='ltr'><strong>certe3</strong></span> <span class='ocrx_word' id='word_1_305' title='bbox 1018 3897 1170 3940; x_wconf 85' lang='lat' dir='ltr'><strong>nam</strong></span> <span class='ocrx_word' id='word_1_306' title='bbox 1204 3873 1557 3940; x_wconf 87' lang='lat' dir='ltr'><strong>Marcellus</strong></span> <span class='ocrx_word' id='word_1_307' title='bbox 1591 3873 1686 3939; x_wconf 89' lang='lat' dir='ltr'><strong>sic</strong></span> <span class='ocrx_word' id='word_1_308' title='bbox 1727 3869 2056 3959; x_wconf 87' lang='lat' dir='ltr'><strong>respondit</strong></span> <span class='ocrx_word' id='word_1_309' title='bbox 2089 3870 2168 3947; x_wconf 90' lang='lat' dir='ltr'><strong>ei,</strong></span> 
     </span>
     <span class='ocr_line' id='line_1_39' title="bbox 166 3964 2170 4055; baseline 0.001 -28"><span class='ocrx_word' id='word_1_310' title='bbox 166 3971 212 4013; x_wconf 72' lang='lat'><strong>⁸⁶</strong></span> <span class='ocrx_word' id='word_1_311' title='bbox 238 3975 397 4040; x_wconf 67' lang='lat' dir='ltr'><strong>spem</strong></span> <span class='ocrx_word' id='word_1_312' title='bbox 424 3964 495 4030; x_wconf 87' lang='lat' dir='ltr'><strong>in</strong></span> <span class='ocrx_word' id='word_1_313' title='bbox 525 3965 661 4032; x_wconf 89' lang='lat' dir='ltr'><strong>istis</strong></span> <span class='ocrx_word' id='word_1_314' title='bbox 698 3969 1269 4055; x_wconf 81' lang='lat' dir='ltr'><strong>supplicationibus</strong></span> <span class='ocrx_word' id='word_1_315' title='bbox 1302 3991 1438 4034; x_wconf 86' lang='lat' dir='ltr'><strong>non</strong></span> <span class='ocrx_word' id='word_1_316' title='bbox 1477 3968 1713 4034; x_wconf 87' lang='lat' dir='ltr'><strong>habere</strong></span> <span class='ocrx_word' id='word_1_317' title='bbox 1726 4017 1744 4045; x_wconf 92' lang='lat'><strong>,</strong></span> <span class='ocrx_word' id='word_1_318' title='bbox 1779 3966 2056 4044; x_wconf 84' lang='lat' dir='ltr'><strong>Paulus,</strong></span> <span class='ocrx_word' id='word_1_319' title='bbox 2102 3987 2170 4030; x_wconf 89' lang='lat' dir='ltr'><strong>se</strong></span> 
     </span>
     <span class='ocr_line' id='line_1_40' title="bbox 170 4050 2226 4130; baseline 0.004 -12"><span class='ocrx_word' id='word_1_320' title='bbox 170 4050 380 4119; x_wconf 82' lang='lat' dir='ltr'><strong>011mino</strong></span> <span class='ocrx_word' id='word_1_321' title='bbox 410 4056 477 4122; x_wconf 88' lang='lat' dir='ltr'><strong>in</strong></span> <span class='ocrx_word' id='word_1_322' title='bbox 508 4058 677 4128; x_wconf 84' lang='lat' dir='ltr'><strong>hunc</strong></span> <span class='ocrx_word' id='word_1_323' title='bbox 710 4085 951 4130; x_wconf 82' lang='lat' dir='ltr'><strong>annum</strong></span> <span class='ocrx_word' id='word_1_324' title='bbox 985 4085 1117 4129; x_wconf 89' lang='lat' dir='ltr'><strong>non</strong></span> <span class='ocrx_word' id='word_1_325' title='bbox 1150 4063 1528 4130; x_wconf 85' lang='lat' dir='ltr'><strong>edicturum.</strong></span> <span class='ocrx_word' id='word_1_326' title='bbox 1583 4060 2016 4128; x_wconf 84' lang='lat' dir='ltr'><strong>renuntiatum</strong></span> <span class='ocrx_word' id='word_1_327' title='bbox 2051 4083 2166 4126; x_wconf 84' lang='lat' dir='ltr'><strong>no·</strong></span> <span class='ocrx_word' id='word_1_328' title='bbox 2197 4078 2226 4118; x_wconf 77' lang='lat'><em>2</em></span> 
     </span>
    </p>
   </div>
  </div>
 </body>
</html>
