2675 4559
347 1733 369 1771 1

399 268 527 336 326
936 330 945 342 ,
1002 273 1080 326 Μ.
1118 269 1393 328 TULLII
1427 263 1828 324 CICERONIS

398 428 525 490 que
558 399 925 467 iustioribus
954 396 1034 461 de
1062 393 1271 460 causis
1308 389 1752 471 commendare
1769 383 2044 473 possim,
2078 385 2450 468 faciamque

397 500 486 577 id,
523 495 695 581 quod
731 493 965 558 debent
998 489 1211 554 facere
1244 486 1313 566 ii,
1349 486 1461 570 qui
1493 483 1788 570 religiose
1823 492 1889 548 et
1923 481 2058 546 sine
2093 479 2448 546 ambitione

400 589 873 658 commendant:
922 581 1247 670 spondebo
1292 580 1462 667 enim
1495 579 1612 642 tibi
1658 577 1761 642 vel
1803 575 2014 662 potius
2059 572 2347 660 spondeo
2382 571 2450 638 in

399 706 631 769 meque
671 680 938 766 recipio,
992 699 1103 744 eos
1146 697 1286 742 esse
1330 674 1451 738 Μ’.
1497 669 1680 737 Curii
1723 692 1934 736 mores
1979 689 2254 752 eamque
2299 689 2451 731 cum

398 779 811 866 probitatem,
857 784 993 841 tum
1028 771 1220 838 etiam
1252 768 1745 843 humanitatem,
1779 777 1855 830 ut
1885 787 2032 830 eum
2068 774 2134 828 et
2169 760 2453 827 amicitia

398 885 513 936 tua
546 882 611 936 et
653 882 787 935 tam
820 876 1117 932 accurata
1150 860 1730 936 commendatione,
1775 859 1829 924 si
1863 858 1980 923 tibi
2013 857 2096 922 sit
2131 855 2454 940 cognitus,

402 967 669 1051 dignum
698 963 783 1028 sis
810 959 1305 1027 existimaturus.
1357 955 1516 1020 mihi
1543 965 1712 1020 certe
1739 951 2172 1040 gratissimum
2198 947 2456 1024 feceris,

404 1061 459 1124 si
490 1058 860 1126 intellexero
896 1054 1011 1120 has
1046 1053 1287 1118 litteras
1322 1061 1593 1126 tantum,
1629 1058 1940 1132 quantum
1974 1045 2266 1110 scribens
2304 1064 2457 1107 con-

400 1153 699 1227 fidebam,
735 1148 908 1234 apud
942 1159 1006 1214 te
1040 1145 1294 1231 pondus
1328 1143 1650 1208 habuisse.

1315 1377 1536 1434 XVIII.

1078 1481 1197 1538 Ser.
1214 1481 1430 1535 Romae
1451 1497 1499 1535 a.
1519 1497 1575 1534 u.
1595 1497 1642 1534 e.
1663 1479 1782 1532 708.

1028 1579 1303 1640 CICERO
1342 1577 1617 1638 SERVIO
1656 1579 1818 1636 SAL.

532 1711 681 1778 Non
710 1707 1077 1784 concedam,
1111 1717 1186 1771 ut
1202 1704 1424 1770 Attico
1449 1714 1688 1788 nostro,
1723 1724 1916 1787 quem
1944 1703 2184 1768 elatum
2207 1701 2462 1766 laetitia

405 1807 557 1884 vidi,
590 1805 995 1873 iucundiores
1028 1813 1179 1868 tuae
1206 1799 1578 1865 suavissime
1611 1797 1696 1862 ad
1721 1819 1870 1863 eum
1897 1807 1963 1862 et
1995 1796 2460 1862 humanissime

408 1902 677 1986 scriptae
727 1899 975 1964 litterae
1027 1893 1265 1960 fuerint
1323 1901 1519 1977 quam
1570 1890 1754 1969 mihi3
1795 1914 1970 1977 ‚nam
2021 1890 2142 1956 etsi
2193 1891 2456 1974 utrique

406 2006 692 2060 nostrum
728 2013 927 2078 prope
954 2011 1159 2074 aeque
1192 1999 1414 2074 gratae
1450 1998 1650 2063 erant,
1685 1997 1900 2051 tamen
1934 2007 2056 2072 ego
2087 1984 2453 2050 admirabar

406 2089 612 2174 magis
647 2099 740 2162 te,
784 2086 926 2169 qui,
970 2085 1024 2149 si
1055 2094 1319 2170 rogatus
1357 2092 1469 2147 aut
1501 2094 1671 2147 certe
1705 2081 2066 2146 admonitus
2105 2079 2458 2146 liberaliter

406 2181 625 2246 Attico
668 2179 1104 2264 respondisses
1138 2210 1226 2225 --
1256 2176 1434 2261 quod
1474 2186 1688 2240 tamen
1732 2174 2000 2240 dubium
2032 2175 2218 2239 nobis
2231 2223 2250 2252 ,
2299 2174 2452 2258 quin

406 2277 495 2340 ita
528 2275 816 2338 futurum
850 2271 1071 2348 fuerit,
1115 2292 1245 2335 non
1282 2280 1420 2335 erat
1451 2305 1567 2347 --,
1609 2269 1778 2334 ultro
1813 2269 1896 2333 ad
1928 2291 2080 2334 eum
2123 2268 2451 2355 scripsisse

406 2367 590 2452 eique
633 2387 753 2430 nec
786 2363 1073 2450 opinanti
1116 2363 1512 2432 voluntatem
1558 2374 1734 2429 tuam
1767 2373 2009 2428 tantam
2043 2385 2160 2448 per
2201 2362 2448 2427 litteras

406 2459 726 2526 detulisse.
815 2457 895 2523 de
930 2478 1058 2540 quo
1091 2478 1223 2522 non
1256 2455 1446 2521 modo
1481 2477 1708 2542 rogare
1744 2467 1835 2533 te,
1878 2468 1952 2521 ut
1987 2477 2062 2522 eo
2100 2456 2448 2521 studiosius

403 2577 547 2620 mea
581 2573 835 2640 quoque
872 2573 1066 2617 causa
1098 2550 1319 2626 facias,
1355 2573 1484 2616 non
1510 2549 1714 2616 debeo
1729 2585 1818 2598 —-
1831 2549 1989 2614 nihil
2023 2549 2196 2628 enim
2223 2572 2452 2616 cumu-

404 2649 597 2716 latius
645 2647 785 2712 fieri
834 2655 1071 2734 potest,
1133 2667 1327 2730 quam
1379 2645 1697 2732 polliceris·
1740 2681 1854 2721 —-,
1908 2644 2022 2710 sed
2073 2667 2157 2708 ne
2207 2646 2454 2730 gratias

406 2743 665 2828 quidem
715 2763 937 2828 agere,
990 2741 1189 2827 quod,
1216 2752 1289 2805 tu
1340 2753 1405 2805 et
1455 2739 1653 2826 ipsius
1709 2761 1902 2804 causa
1944 2753 2006 2804 et
2059 2749 2174 2803 tua
2225 2750 2456 2826 sponte

406 2836 650 2902 feceris.
712 2833 896 2901 ,illud
940 2846 1156 2900 tamen
1191 2832 1429 2910 dicam,
1476 2832 1634 2896 mihi
1667 2832 1762 2910 id,
1809 2832 1982 2916 quod
2025 2831 2264 2910 fecisti,
2312 2855 2453 2898 esse

404 2929 865 3014 gratissimum3
920 2929 1045 2994 tale
1098 2927 1266 2994 enim
1318 2939 1504 2994 tuum
1553 2927 1858 2993 iudicium
1912 2926 1992 2992 de
2042 2927 2302 2994 homine
2353 2950 2456 3006 ec,

404 3043 597 3106 quem
632 3043 753 3106 ego
790 3021 976 3086 unice
1012 3021 1229 3108 diligo,
1264 3043 1396 3087 non
1430 3033 1638 3108 potest
1670 3021 1826 3086 mihi
1860 3043 1988 3086 non
2023 3043 2274 3088 summe
2310 3044 2454 3088 esse

402 3114 781 3182 iucundum:
836 3115 1007 3200 quod
1052 3137 1199 3180 cum
1240 3115 1333 3206 ita
1377 3116 1488 3194 sit,
1541 3138 1680 3180 esse
1708 3109 1980 3204 ⁸gratum
2021 3138 2288 3183 necesse
2331 3128 2450 3182 est.

404 3209 519 3276 sed
568 3219 811 3286 tamen,
864 3209 1167 3294 quoniam
1209 3209 1368 3274 mihi
1411 3232 1528 3296 pro
1583 3209 2022 3276 coniunctione
2071 3221 2294 3276 nostra
2344 3210 2447 3276 vel

402 3305 667 3388 peccare
695 3297 892 3389 ‘apud
944 3312 1007 3368 te
1059 3304 1127 3368 in
1180 3302 1516 3370 scribendo
1565 3303 1742 3380 licet,
1805 3314 2150 3388 utrumque
2200 3326 2450 3390 eorum,

403 3417 569 3479 quae
603 3394 837 3482 negavi
879 3396 1035 3462 mihi
1078 3396 1381 3462 faciunda
1415 3419 1584 3473 esse,
1637 3396 1897 3462 faciamz
1950 3419 2102 3463 nam
2135 3408 2201 3464 et
2235 3397 2322 3463 ad
2355 3398 2446 3474 id,

404 3492 576 3574 quod
620 3489 821 3556 Attici
871 3511 1070 3556 >causa
1121 3502 1183 3556 te
1226 3491 1558 3557 ostendisti
1601 3514 1739 3557 esse
1791 3492 2138 3568 facturum,
2191 3503 2448 3558 tantum

403 3585 595 3650 velim
638 3583 867 3663 addas,
911 3595 1217 3671 quantum
1255 3609 1337 3652 ex
1380 3597 1594 3652 nostro
1631 3608 1844 3653 amore
1879 3586 2260 3652 accessionis
2303 3587 2444 3654 fieri

404 3689 640 3764 potest,
690 3689 781 3754 et,
826 3679 998 3763 quod
1033 3680 1223 3747 modo
1259 3679 1555 3758 verebar,
1573 3739 1584 3753 ‚
1601 3681 1716 3746 tibi
1749 3679 1988 3768 gratias
2023 3702 2236 3766 agere,
2271 3703 2451 3748 nunc

402 3771 589 3856 plane
625 3793 747 3857 ago
784 3782 973 3858 teque
1008 3773 1097 3840 ita
1132 3775 1494 3840 existimare
1529 3777 1673 3840 volo
1685 3822 1704 3853 ,
1756 3775 2264 3864 quibuscumque
2301 3775 2454 3838 offi-

402 3863 515 3927 ciis
548 3865 617 3928 in
648 3863 991 3950 Epiroticis
1023 3868 1411 3954 reliquisque
1455 3871 1644 3935 rebus
1681 3869 1972 3934 Atticum
2007 3865 2452 3946 obstrinxeris,

402 3953 605 4020 isdem
638 3981 741 4023 me
776 3958 891 4026 tibi
926 3961 1277 4047 obligatum
1314 3961 1470 4028 fore.
1555 4043 1558 4048 ¹
1655 3959 1658 3964 ’
