2675 4559
497 215 627 282 254
1107 229 1185 284 M.
1221 227 1498 284 TULLII
1533 225 1937 284 CICERONIS

496 353 824 440 provincia
857 361 1056 430 esset,
1091 351 1348 438 scripsi,
1392 351 1735 438 legendam
1768 350 1885 415 tibi
1921 349 2092 426 misi3
2136 350 2323 416 etiam
2352 373 2505 438 prae-

493 458 764 527 textam,
820 447 875 512 si
909 446 1085 512 voles
1119 446 1334 532 legere
1348 493 1365 522 ,
1416 445 1679 512 Gallum
1718 442 2121 522 Cornelium,
2172 445 2506 510 familiarem

495 563 730 618 meum,
767 541 1034 626 poscito,
1122 564 1204 606 vr.
1243 540 1402 605 Idus
1438 539 1681 616 Iunias,
1720 536 2047 605 Corduba.

1379 775 1660 830 XXXIII.

763 880 881 936 Ser.
900 879 960 934 in
977 879 1258 960 Hispania
1275 878 1541 934 ulteriore
1562 895 1752 940 mense
1771 879 1925 934 Maio
1944 896 1995 933 a.
2014 895 2071 932 u.
2092 895 2141 934 c.
2164 878 2280 932 711.

946 979 1232 1037 POLLIO
1270 979 1633 1038 CICERONI
1671 981 1833 1037 SAL.
1869 979 2099 1038 PLUR.

359 1083 362 1086 ⁴
433 1132 454 1169 1
624 1104 694 1173 S.
741 1129 804 1172 v.
850 1105 912 1170 b.
961 1129 1016 1170 e.
1063 1128 1118 1170 e.
1166 1125 1227 1188 q.
1276 1127 1337 1170 v.
1444 1126 1573 1189 quo
1626 1105 1870 1170 tardius
1890 1151 1898 1158 -
1922 1103 2155 1170 certior
2202 1103 2409 1182 fierem
2450 1100 2509 1164 de

489 1200 746 1286 proeliis
784 1200 958 1285 apud
991 1199 1320 1264 Mutinam
1354 1199 1571 1276 factis,
1615 1197 1903 1285 Lepidus
1938 1197 2184 1275 effecit,
2231 1197 2339 1282 qui
2368 1215 2509 1260 meos

487 1294 852 1360 tabellarios
885 1315 1120 1359 novem
1155 1293 1291 1360 dies
1327 1293 1617 1370 retinuit3
1652 1293 1909 1359 tametsi
1942 1303 2191 1358 tantam
2225 1289 2508 1357 calamita·
2607 1311 2609 1314 ’

478 1400 618 1455 »ιθιιι
661 1389 756 1453 rei
798 1387 1096 1473 publicae
1131 1406 1326 1472 quam
1372 1387 1731 1454 tardissime
1776 1387 1997 1454 audire
2031 1388 2381 1475 optandum
2418 1394 2509 1458 est,

361 1561 366 1564 Ι
485 1482 602 1547 sed
635 1481 782 1559 illis,
819 1483 933 1566 qui
962 1482 1268 1568 prodesse
1301 1481 1462 1546 nihil
1497 1492 1767 1568 possunt
1798 1503 2010 1566 neque
2040 1480 2303 1548 mederi.
2352 1489 2508 1562 atque

485 1576 734 1642 utinam
778 1575 1006 1640 eodem
1052 1586 1310 1641 senatus
1358 1575 1681 1652 consulto,
1726 1597 1855 1660 quo
1888 1576 2213 1642 Plancum
2254 1585 2317 1640 et
2347 1570 2509 1656 Lepi-

485 1670 644 1734 dum
677 1671 746 1736 in
779 1669 1038 1735 Italiam
1073 1669 1453 1747 arcessistis,
1490 1692 1596 1735 me
1631 1691 1887 1753 quoque
1920 1668 2267 1734 iussissetis
2300 1661 2507 1732 venii-el

485 1763 776 1851 profecto
821 1785 953 1830 non
997 1763 1349 1850 accepisset
1390 1786 1493 1830 res
1538 1763 1799 1849 publica
1840 1763 1965 1830 hoc
2007 1763 2267 1828 volnus:
2318 1781 2430 1845 quo
2466 1757 2509 1821 si

485 1859 600 1942 qui
651 1859 972 1925 laetantur
1019 1859 1088 1924 in
1140 1857 1533 1944 praesentia,
1586 1858 1739 1942 quia
1788 1857 2095 1924 videntur
2138 1869 2203 1924 et
2246 1857 2423 1922 duces
2458 1861 2507 1916 et

488 1951 774 2018 veterani
815 1949 1113 2018 Caesaris
1148 1953 1429 2037 partium
1446 1951 1775 2028 interisse,
1810 1961 2031 2017 tamen
2064 1948 2391 2036 postmodo
2418 1967 2507 2010 ne-

487 2067 664 2111 cesse
717 2056 816 2112 est
867 2045 1157 2122 doleant,
1221 2067 1370 2111 cum
1423 2047 1782 2111 vastitatem
1832 2044 2063 2110 Italiae
2126 2040 2504 2130 respexerint3

481 2161 635 2202 nam
669 2149 734 2203 et
767 2138 965 2202 robur
999 2149 1064 2204 et
1099 2139 1359 2206 suboles
1392 2140 1669 2206 militum
1700 2138 1960 2216 interiit,
1996 2137 2055 2205 si
2089 2138 2345 2224 quidem
2374 2151 2505 2218 quae

425 2258 451 2298 2
485 2233 862 2296 nuntiantur
896 2231 1032 2298 ulla
1064 2255 1147 2298 ex
1182 2244 1366 2341 parte
1392 2256 1549 2299 vera
1578 2245 1750 2300 sunt.
1802 2254 2015 2316 neque
2052 2253 2179 2320 ego
2212 2253 2337 2296 non
2364 2226 2505 2292 vide-

481 2325 652 2401 bam,
689 2335 930 2408 quanto
955 2326 1102 2392 usui
1136 2327 1230 2390 rei
1263 2327 1562 2411 publicae
1588 2350 1797 2395 essem
1830 2327 2111 2437 futurus,
2146 2327 2205 2390 si
2238 2325 2320 2390 ad
2342 2319 2504 2406 Lepi-

483 2417 640 2482 dum
668 2418 1014 2496 venissem3
1051 2440 1309 2485 omnem
1346 2420 1521 2487 enim
1547 2421 2019 2488 cunctationem
2047 2421 2188 2486 eius
2218 2414 2504 2484 discussis-

479 2535 646 2591 sem,
699 2514 1074 2598 praesertim
1117 2513 1405 2580 adiutore
1450 2515 1725 2581 Planco:
1781 2517 1897 2582 sed
1948 2513 2255 2582 scribenti
2304 2513 2381 2576 ad
2424 2527 2503 2572 me

479 2607 618 2672 eius
645 2607 820 2673 modi
855 2608 1118 2687 litteras,
1157 2631 1318 2692 quas
1354 2610 1553 2696 leges,
1590 2611 1994 2676 contionibus
2024 2611 2339 2686 videlicet,
2373 2624 2502 2690 quas

478 2702 783 2769 Narbone
818 2699 1120 2768 habuisse
1155 2703 1415 2781 dicitur,
1462 2704 1713 2782 similis,
1758 2706 2056 2791 palparer
2090 2723 2347 2770 necesse
2379 2706 2502 2768 erat,

477 2798 534 2862 si
586 2799 817 2864 vellem
869 2809 1262 2864 commeatus
1315 2821 1434 2886 per
1481 2800 1879 2885 provinciam
1932 2799 2072 2866 eius
2126 2799 2249 2864 iter
2298 2791 2503 2863 faciens

477 2889 733 2956 habere.
787 2903 1120 2976 praeterea
1156 2893 1427 2958 verebar
1460 2917 1562 2971 ne,
1600 2894 1655 2960 si
1690 2905 1859 2972 ante,
1898 2915 2095 2978 quam
2132 2913 2255 2979 ego
2288 2891 2503 2971 incepta

477 2983 876 3067 perficerem,
929 2985 1244 3070 proelium
1297 2986 1663 3054 confectum
1717 2999 1916 3064 esset,
1970 2988 2155 3073 pium
2208 2981 2501 3052 consilium

475 3097 694 3142 meum
735 3089 1035 3163 raperent
1077 3079 1148 3144 in
1193 3081 1579 3148 contrariam
1625 3093 1874 3168 partem
1910 3082 2363 3148 obtrectatores
2399 3069 2500 3138 mei

472 3179 731 3256 propter
773 3171 1146 3252 amicitiam,
1200 3196 1369 3259 quae
1411 3175 1571 3240 mihi
1614 3198 1763 3241 cum
1796 3175 2118 3252 Antonio,
2163 3195 2291 3240 non
2332 3168 2500 3239 maior

413 3287 440 3326 3
473 3273 709 3342 tamen,
745 3287 941 3348 quam
959 3265 1206 3334 Planco
1241 3269 1387 3334 fuit.
1440 3269 1661 3354 itaque
1690 3293 1731 3337 a
1749 3268 2052 3336 Gadibus
2088 3290 2305 3336 mense
2320 3258 2498 3350 Aprili

471 3357 640 3423 binis
675 3358 1076 3426 tabellariis
1057 3385 1122 3428 ιιι
1159 3362 1320 3428 duas
1353 3364 1538 3430 navis
1574 3364 1865 3449 inpositis
1902 3375 1967 3430 et
2012 3364 2129 3430 tibi
2164 3375 2229 3430 et
2262 3353 2498 3428 consuli·

469 3453 594 3517 bus
629 3464 694 3518 et
722 3451 1084 3520 Octaviano
1121 3457 1367 3542 scripsi,
1404 3469 1477 3522 ut
1510 3481 1613 3524 me
1650 3457 1947 3526 faceretis
1971 3459 2334 3568 certiorem,
2366 3470 2497 3536 quo·

468 3567 620 3610 nam
655 3546 848 3612 modo
883 3549 1230 3633 plurimum
1265 3571 1520 3635 possem
1556 3553 1863 3637 prodesse
1896 3553 1993 3618 rei
2027 3551 2338 3640 publicae.
2386 3542 2494 3629 sed,

468 3649 538 3702 ut
574 3640 884 3706 rationem
918 3642 1096 3720 ineo,
1131 3665 1260 3727 quo
1297 3643 1403 3710 die
1436 3647 1755 3729 proelium
1788 3647 2011 3714 Pansa
2046 3643 2379 3718 commisit,
2410 3657 2497 3702 eo·

467 3733 616 3797 dem
662 3756 700 3796 a
737 3732 1034 3800 Gadibus
1077 3759 1276 3802 naves
1291 3737 1657 3823 profectae
1708 3751 1889 3819 sunt3
1942 3737 2119 3806 nulla
2162 3738 2330 3805 enim
2374 3738 2495 3818 post

467 3825 742 3892 hiemem
777 3827 901 3894 fuit
935 3840 1082 3896 ante
1117 3853 1268 3898 eum
1299 3831 1477 3898 diem
1500 3833 1858 3921 navigatio.
1914 3846 1980 3900 et
2013 3833 2299 3902 hercules
2330 3831 2493 3909 longe

465 3931 747 3985 remotus
781 3921 868 3986 ab
904 3924 1078 3988 omni
1123 3925 1477 4012 suspitione
1522 3925 1725 3994 futuri
1761 3927 1967 3994 civilis
2002 3927 2307 3996 tumultus
2340 3915 2492 4010 peni·

465 4020 568 4074 tus
612 4011 678 4075 in
724 3999 1062 4083 Lusitania
1115 4019 1401 4106 legiones
1453 4023 1522 4088 in
1574 4022 1857 4094 hibernis
1912 4024 2323 4091 conlocaram.
2415 4012 2490 4076 ita
