2675 4559
531 243 663 311 300
1140 255 1219 310 M.
1256 254 1531 312 TULLII
1565 253 1966 312 CICERONIS

1471 425 1661 483 XVII.

1054 530 1172 586 Ser.
1190 531 1407 585 Romae
1429 530 1531 584 sub
1552 527 1723 585 finem
1743 546 1794 583 a.
1817 546 1873 583 u.
1888 546 1936 583 e.
1957 529 2079 585 708.

837 632 1114 689 CICERO
1153 632 1209 689 S.
1248 632 1322 687 D.
1362 630 1805 688 CORNIFICIO
1845 630 2283 688 COLLEGAE.

470 779 495 817 1
660 753 867 821 Grata
901 754 1059 821 mihi
1092 755 1505 823 vehementer
1532 766 1629 821 est
1653 754 1963 821 memoria
1988 755 2195 820 nostri
2231 767 2356 833 tua,
2387 778 2536 840 quam
2606 776 2607 820 3

530 849 904 935 significasti
944 850 1167 917 litteris
1179 876 1199 928 ;
1250 872 1447 934 quam
1481 861 1559 915 ut
1601 871 1966 928 conserves,
2019 872 2156 915 non
2191 872 2317 934 quo
2349 850 2421 915 de
2457 861 2538 913 tua
2606 835 2607 862 ³

530 943 889 1010 constantia
932 943 1251 1021 dubitem,
1298 944 1412 1010 sed
1447 944 1601 1029 quia
1633 965 1773 1009 mos
1809 955 1907 1009 est
1940 944 2035 1009 ita
2068 944 2364 1030 rogandi,
2401 965 2534 1029 rogo.
2606 935 2607 943 ¹

529 1060 611 1102 ex
666 1036 858 1124 Syria
910 1039 1095 1104 nobis
1147 1039 1639 1104 tumultuosiora
1703 1039 2023 1123 quaedam
2074 1038 2363 1104 nuntiata
2409 1052 2537 1109 sunt,

530 1154 697 1217 quae
711 1182 730 1211 ,
766 1133 919 1218 quia
952 1134 1071 1200 tibi
1107 1145 1256 1199 sunt
1289 1133 1592 1220 propiora
1627 1155 1822 1217 quam
1856 1134 2046 1199 nobis
2059 1181 2078 1211 ,
2115 1144 2231 1198 tua
2261 1155 2357 1198 me
2389 1154 2538 1198 eausa

528 1228 737 1314 magis
780 1240 1036 1294 movent
1082 1250 1277 1312 quam
1321 1251 1488 1294 mea.
1576 1227 1825 1294 Romae
1870 1251 2200 1294 summum
2243 1229 2424 1292 otium
2452 1236 2535 1299 est,

530 1322 643 1387 sed
676 1321 795 1398 ita,
831 1333 901 1386 ut
936 1322 1119 1387 malis
1158 1323 1415 1388 salubre
1451 1323 1713 1407 aliquod
1756 1335 1820 1388 et
1854 1323 2203 1391 honestum
2236 1321 2532 1409 negotium:

466 1439 493 1478 2
528 1414 700 1499 quod
736 1436 922 1501 spero
958 1416 1128 1494 fore3
1163 1416 1353 1483 video
1388 1417 1457 1481 id
1493 1439 1685 1483 curae
1731 1440 1871 1484 esse
1907 1415 2200 1484 Caesari.
2275 1439 2371 1482 me
2400 1414 2534 1487 scit0,

528 1509 683 1576 dum
726 1522 799 1576 tu
844 1511 1047 1587 absis,
1102 1512 1287 1596 quasi
1340 1512 1741 1578 occasionem
1786 1512 2118 1597 quandam
2163 1523 2227 1578 et
2271 1509 2533 1577 licentiam

525 1615 787 1670 nactum
850 1605 1127 1672 scribere
1189 1606 1526 1684 audacius3
1590 1617 1654 1672 et
1715 1617 1930 1672 cetera
1980 1607 2246 1692 quidem
2296 1605 2533 1675 fortasse,

528 1720 695 1783 quae
729 1698 926 1766 etiam
955 1711 1028 1765 tu
1064 1700 1447 1767 concederes
1458 1725 1477 1778 3
1515 1700 1629 1766 sed
1663 1700 1954 1786 proxime
1991 1700 2223 1787 scripsi
2248 1698 2325 1764 de
2347 1696 2532 1783 optimo
2608 1723 2609 1735 ¹

526 1816 762 1880 genere
797 1794 1073 1872 dicendi,
1105 1796 1174 1860 in
1208 1816 1338 1879 quo
1374 1816 1567 1880 saepe
1602 1795 1964 1881 suspicatus
2000 1818 2152 1860 sum
2186 1806 2248 1859 te
2282 1817 2320 1858 a
2349 1788 2531 1856 iudicio

525 1900 775 1967 nostro,
820 1890 913 1955 sic
948 1889 1217 1966 scilicet,
1263 1900 1335 1954 ut
1373 1889 1632 1955 doctum
1666 1888 1992 1955 hominem
2030 1891 2118 1956 ab
2153 1911 2279 1954 non
2309 1885 2528 1956 indoct0,
2608 1913 2609 1920 ι

526 1984 790 2069 paulum
826 1983 1163 2053 dissidere:
1200 1984 1353 2049 huie
1388 1995 1459 2049 tu
1492 1984 1657 2050 libro
1691 1985 1970 2050 maxime
2005 1985 2205 2051 velim
2238 2005 2314 2050 ex
2345 1978 2525 2049 animo,

526 2079 581 2142 si
617 2078 858 2154 minus,
902 2078 1149 2163 gratiae
1186 2099 1382 2144 causa
1417 2078 1790 2164 suffragere.
1879 2078 2095 2144 dicam
2131 2077 2273 2155 tuis,
2306 2085 2372 2141 ut
2400 2092 2522 2143 eum,

526 2171 579 2235 si
615 2172 839 2248 velint,
878 2172 1242 2238 describant
1273 2173 1362 2237 ad
1397 2184 1589 2257 teque
1623 2173 1906 2250 mittant3
1952 2185 2114 2259 puto
2162 2171 2350 2247 enim,
2383 2165 2525 2232 etiam

524 2265 579 2330 si
605 2287 742 2330 rem
766 2265 978 2330 minus
1012 2267 1337 2351 probabis,
1375 2277 1592 2333 tamen
1625 2268 1694 2333 in
1727 2268 1852 2334 ista
1878 2268 2243 2344 solitudine,
2280 2255 2524 2349 quicquid
2606 2317 2607 2330 ,

465 2382 491 2422 ³
526 2383 566 2424 a
591 2381 695 2425 me
722 2360 1084 2445 profectum
1113 2363 1214 2439 sit,
1249 2361 1603 2427 iucundum
1631 2363 1747 2429 tibi
1772 2363 1930 2429 fore.
1983 2363 2163 2448 quod
2194 2359 2339 2426 mihi
2363 2351 2527 2422 existi-

524 2455 869 2523 mationem
904 2466 1083 2521 tuam
1120 2456 1630 2543 dignitatemque
1665 2459 2079 2524 commendas
2092 2506 2111 2536 ,
2147 2456 2300 2521 facis
2332 2463 2394 2516 tu
2421 2444 2526 2531 qui·

522 2549 670 2616 dem
713 2550 999 2617 omnium
1046 2573 1254 2630 more,
1309 2553 1425 2618 sed
1481 2554 1674 2619 velim
1728 2554 1822 2619 sic
1875 2553 2228 2628 existimes,
2277 2569 2370 2612 me
2414 2561 2522 2607 cum

522 2646 743 2724 amori,
774 2667 967 2731 quem
994 2646 1161 2714 inter
1186 2652 1314 2713 nos'
1332 2658 1628 2714 mutuum
1648 2671 1790 2714 esse
1816 2649 2208 2734 intellegam,
2235 2640 2522 2747 plurimun
2610 2625 2611 2706 Ῑ

522 2741 819 2819 tribuere,
855 2753 993 2807 tum
1029 2742 1109 2808 de
1146 2764 1400 2808 summo
1425 2742 1684 2828 ingenio
1713 2754 1777 2809 et
1803 2744 1883 2809 de
1909 2743 2139 2808 studiis
2174 2739 2296 2805 tuis
2320 2743 2521 2820 opizums

524 2846 584 2900 et
620 2835 699 2900 de
735 2857 848 2920 spe
885 2836 1312 2924 amplissimae
1343 2837 1668 2923 dignitatis
1696 2837 1788 2903 ita
1820 2837 2126 2915 iudicare,
2163 2846 2234 2900 ut
2258 2828 2521 2897 neminem

520 2928 635 2992 fibi
672 2940 1076 3015 anteponam,
1114 2953 1478 3017 comparem
1516 2952 1776 3018 paucos.

1363 3131 1366 3134 Α
1435 3080 1655 3138 XVIII.

1034 3183 1152 3241 Ser.
1170 3181 1389 3249 Romae
1410 3185 1512 3240 sub
1533 3182 1704 3240 finem
1724 3202 1775 3240 a.
1795 3203 1851 3241 u.
1876 3202 1924 3240 c.
1947 3185 2066 3240 708.

836 3285 1112 3344 CICERO
1152 3287 1207 3344 S.
1246 3288 1321 3343 D.
1362 3286 1806 3374 CORNIFICIO
1828 3284 2252 3345 COLLEGAE.

646 3398 843 3483 Quod
869 3413 1226 3468 extremum
1252 3403 1379 3467 fuit
1405 3402 1473 3466 in
1501 3424 1580 3468 ea
1599 3402 1886 3489 epistola,
1906 3422 2101 3486 quam
2130 3424 2169 3464 a
2195 3409 2254 3463 te
2277 3387 2509 3493 proxime
2610 3487 2611 3490 Ἴ

520 3495 755 3580 accepi,
793 3495 877 3560 ad
910 3495 979 3560 id
1012 3497 1290 3582 primum
1324 3496 1757 3584 respondeb03
1803 3497 2088 3562 animum
2122 3486 2347 3558 advorti
2375 3497 2506 3546 emm
2609 3495 2611 3530 ³

516 3588 637 3654 hoo
673 3611 789 3655 vos
823 3612 1092 3676 magnos
1128 3601 1414 3656 oratores
1458 3591 1672 3658 faeere
1706 3610 2210 3675 nonnumquam:
2261 3572 2503 3679 epistolas
2609 3648 2611 3676 1

513 3683 782 3766 requiris
816 3706 993 3751 meas
1005 3708 1023 3762 3
1060 3706 1183 3771 ego
1210 3697 1430 3752 autem
1455 3707 1834 3770 numquam,
1873 3707 2019 3752 cum
2048 3681 2198 3749 mihi
2231 3677 2502 3779 denqnna-

516 3792 650 3842 tum
685 3797 853 3844 esset
887 3801 927 3844 a
962 3778 1090 3844 tuis
1124 3779 1216 3845 ire
1246 3781 1545 3864 aliquem,
1581 3802 1714 3846 non
1741 3779 1906 3847 dedi.
1964 3778 2132 3863 quod
2165 3769 2305 3839 mihi
2326 3760 2500 3830 vldeffl'
2608 3828 2611 3855 ἶ

516 3894 593 3933 ex
640 3872 764 3937 tuis
799 3873 1025 3940 litteris
1068 3874 1442 3962 intellegere
1476 3887 1540 3943 te
1575 3875 1734 3942 nihil
1771 3876 2242 3942 commissurum
2272 3880 2396 3964 esse
2421 3864 2495 3960 fe·
2608 3876 2611 3901 ’

516 3983 683 4027 mere
710 3987 829 4031 nec
855 3978 1023 4045 ante,
1060 3990 1257 4052 quam
1284 3969 1534 4048 scisses,
1571 3992 1699 4055 quo
1725 3969 1849 4036 iste
1872 3969 2086 4036 nescio
2113 3964 2215 4050 qui
2233 3947 2490 4065 cafmhus

512 4052 753 4120 Bassus
790 4074 1176 4148 erumperet,
1214 4063 1752 4153 quicquam-‘certi
1791 4066 2285 4133 constituturum,
2316 4045 2371 4112 ld
2397 4053 2490 4121 043⁰
