2675 4559
1958 1 1965 4 .
1984 1 2008 4 ..
2021 1 2168 57 ἔξιτε
2471 6 2517 49 ..'‘
2534 6 2555 9 Α.

2068 69 2080 74 -
2163 2 2464 108 [W.
2327 78 2362 118 ᾖ

555 199 686 266 220
1165 208 1245 264 Μ.
1283 207 1559 268 TULLII
1592 205 1995 268 CICERONIS

550 336 750 403 movit
791 355 1128 418 umquam,
1172 355 1255 398 ne
1303 354 1479 398 nune
1524 355 1771 399 senem:
1826 333 2121 400 convivio
2164 333 2481 413 delector3
2522 335 2607 398 ibi

551 435 809 516 loquor,
861 428 1038 514 quod
1069 429 1138 494 in
1173 427 1379 494 solum
1394 475 1415 506 ,
1466 439 1539 492 ut
1576 427 1835 506 dieitur,
1887 439 1952 494 et
1984 428 2298 514 gemitum
2344 429 2420 494 in
2454 429 2605 495 risus

488 545 516 587 s
551 525 865 592 maximos
899 522 1236 589 transfero.
1326 545 1411 588 an
1444 531 1519 586 tu
1550 521 1621 587 id
1654 522 1913 600 melius,
1956 522 2070 607 qui
2102 521 2298 588 etiam
2331 523 2606 610 philoso-

548 619 752 706 phum
785 617 1109 684 inriseris?
1143 639 1292 682 eum
1326 617 1455 694 ille,
1490 616 1545 681 si
1578 617 1725 701 quis
1751 617 1910 701 quid
1934 628 2291 702 quaereret,
2326 617 2605 696 dixisset,

549 737 775 782 cenam
810 725 874 780 te
907 734 1217 798 quaerere
1260 735 1302 778 a
1344 734 1533 779 mane
1578 711 1856 778 dixeris?
1906 711 2017 778 ille
2048 712 2207 778 baro
2242 723 2308 778 te
2346 713 2605 799 putabat

545 809 1009 895 quaesiturum,
1043 829 1248 872 unum
1281 807 1535 873 eaelum
1570 818 1738 874 esset
1774 830 1857 872 an
1892 806 2412 873 innumerabilia.
2467 807 2604 892 quid

545 907 618 970 id
649 903 733 970 ad
768 903 872 969 te?
907 913 975 968 at
1006 903 1264 970 hercule
1291 925 1455 968 oena
1487 901 1803 986 numquid
1836 902 1922 967 ad
1954 913 2040 980 te,
2072 901 2166 967 ibi
2198 903 2603 988 praesertim?

486 1018 514 1056 4
549 999 642 1064 sie
691 998 892 1085 igitur
940 997 1204 1064 vivitur:
1261 996 1495 1064 cotidie
1546 997 1789 1082 aliquid
1846 998 2086 1084 legitur
2126 1009 2240 1064 aut
2282 998 2600 1074 scribitur;

549 1092 718 1170 dein,
753 1115 836 1158 ne
872 1092 1093 1159 amieis
1127 1092 1286 1158 nihil
1320 1093 1699 1171 tribuamus,
1734 1093 2074 1179 epulamur
2098 1116 2232 1160 una
2256 1115 2399 1160 non
2429 1093 2599 1158 modo

545 1211 678 1254 non
713 1198 935 1253 eontra
966 1188 1207 1271 legem,
1259 1187 1315 1251 si
1350 1188 1484 1254 ulla
1516 1209 1690 1252 nuno
1733 1187 1841 1254 lex
1876 1199 2001 1266 est,
2056 1187 2171 1254 sed
2206 1188 2411 1254 etiam
2453 1188 2600 1252 intra

547 1283 759 1368 legem
801 1292 867 1346 et
911 1281 1170 1365 quidem
1215 1281 1562 1366 aliquanto.
1650 1303 1782 1367 qua
1815 1305 1886 1350 re
1918 1283 2078 1348 nihil
2114 1295 2240 1360 est,
2284 1285 2471 1368 quod
2503 1284 2597 1348 ad-

547 1386 810 1442 ventum
844 1386 1134 1440 nostrum
1169 1376 1577 1443 extimescas:
1614 1399 1746 1444 non
1779 1377 1967 1443 multi
1992 1378 2121 1446 cibi
2154 1377 2482 1465 hospitem
2506 1400 2597 1442 ae-
2636 1457 2638 1468 Ι

547 1469 764 1555 cipies,
801 1473 908 1537 sed
940 1471 1126 1537 multi
1159 1470 1304 1536 ioci.
2635 1469 2638 1510 ⁵
