2675 4559
445 249 532 315 48
1057 256 1136 310 Μ.
1173 253 1448 311 TULLII
1484 250 1885 309 CICERONIS

769 472 886 530 Scr-
905 470 1192 526 Brundisii
1208 486 1400 525 mense
1421 372 1571 523 Μῐῗιίο
1591 474 1827 524 exeunte
1847 486 1901 525 a.
1919 486 1974 523 u.
1995 485 2044 525 c.
2067 470 2186 526 703.

888 568 967 621 Μ.
1005 561 1280 622 CICERO
1318 561 1375 619 S.
1411 563 1487 617 D.
1522 562 1643 618 ΑΡ.
1679 560 2063 620 PULOHBO.

385 701 405 737 1
569 678 653 741 A.
691 674 754 739 d.
790 697 873 737 11.
901 672 1233 737 Kalendas
1268 669 1491 735 Iunias
1528 668 1946 734 Brundisium
1981 691 2129 735 cum
2165 670 2510 750 venissem,

449 773 533 853 Q.
573 770 815 837 Fabius
860 765 1299 853 Vergilianus,
1352 765 1605 849 legatus
1649 774 1829 840 tuus,
1880 764 2038 832 mihi
2080 776 2343 851 praesto
2389 767 2513 832 fuit

449 887 650 949 eaque
684 887 789 930 me
825 886 905 929 ex
951 862 1078 926 tuis
1122 859 1441 925 mandatis
1484 858 1759 936 monuit,
1813 879 1980 943 quae
2014 882 2147 925 non
2180 860 2374 938 mihi,
2430 862 2513 927 ad

449 985 639 1045 quem
671 956 1094 1044 pertinebant,
1131 954 1244 1019 sed
1279 954 1579 1019 universo
1608 953 1856 1019 senatui
1892 965 2198 1021 venerant
2234 954 2303 1019 in
2330 979 2511 1022 men-

449 1069 605 1131 tem,
659 1051 978 1139 praesidio
1016 1049 1292 1115 firmiore
1328 1071 1492 1134 opus
1537 1070 1676 1113 esse
1722 1047 1806 1112 ad
1847 1049 2039 1114 istam
2081 1050 2511 1135 provinciam3

449 1148 792 1213 censebant
837 1146 1005 1211 enim
1052 1167 1271 1209 omnes
1316 1144 1481 1221 fere,
1534 1154 1609 1209 ut
1651 1142 1720 1207 in
1753 1143 1943 1208 Italia
1989 1141 2513 1231 supplementum

447 1245 605 1309 meis-
638 1252 702 1307 et
736 1240 958 1305 Bibuli
989 1238 1352 1325 legionibus
1389 1237 1797 1329 scriberetur.
1887 1237 1954 1302 id
1992 1260 2139 1303 cum
2177 1237 2511 1326 Sulpicius

449 1336 668 1401 consul
711 1356 1051 1421 passurum
1095 1355 1164 1397 se
1215 1343 1513 1418 negaret,
1566 1333 1770 1398 multa
1820 1354 1936 1397 nos
1982 1333 2244 1417 quidem
2297 1336 2514 1420 questi
2613 1416 2614 1419 Ἴ

449 1452 689 1507 sumus,
725 1427 840 1493 sed
875 1438 1092 1492 tantus
1129 1449 1476 1493 consensus
1514 1437 1771 1492 senatus
1808 1426 1931 1491 fuit
1967 1438 2039 1492 ut
2073 1439 2321 1495 mature
2359 1452 2513 1516 pro·
2632 1429 2634 1434 ’

447 1525 900 1601 ficisceremur,
936 1521 1291 1607 parendum
1329 1532 1404 1586 ut
1438 1521 1658 1598 fuerit3
1696 1521 1915 1604 itaque
1949 1520 2240 1588 fecimus.
2312 1546 2513 1601 nunc,

449 1617 621 1701 quud
665 1640 704 1681 a
744 1627 809 1681 te
863 1615 1017 1702 petii
1058 1615 1284 1681 litteris
1329 1615 1438 1692 iis,
1494 1637 1652 1700 quas
1698 1614 1942 1681 Romae
1988 1615 2335 1682 tabellariis
2381 1619 2512 1683 tuis
2634 1643 2637 1659 ·

449 1713 613 1785 dedi,
650 1711 843 1777 velim
887 1710 1005 1774 tibi
1039 1732 1230 1777 curae
1267 1710 1351 1776 sit
1383 1721 1483 1786 ut,
1531 1731 1697 1793 quae
1733 1711 2085 1776 successori
2120 1711 2513 1777 coniunctis-
2634 1718 2637 1754 ³

449 1809 605 1873 simu
643 1818 707 1871 et
743 1804 1128 1871 amicissimo
1165 1805 1571 1870 commodare
1607 1814 1816 1889 potest
1850 1804 1927 1882 is,
1962 1804 2077 1888 qui
2110 1806 2513 1891 provinciam
2635 1813 2636 1817 ’

449 1901 658 1978 tradit,
693 1911 768 1965 ut
804 1923 880 1965 ea
913 1921 1030 1985 pro
1065 1909 1284 1964 nostra
1319 1898 1859 1964 consociatissima
1884 1899 2214 1965 voluntate
2250 1922 2409 1967 cura
2433 1924 2513 1966 ac
2595 1934 2599 1938 ·
2632 1910 2636 1913 “

449 1993 778 2081 diligentia
822 2002 935 2057 tua
978 1992 1409 2077 conplectare:
1455 2003 1531 2057 ut
1565 2014 1787 2058 omnes
1828 1993 2204 2079 intellegant
2247 2015 2374 2059 nec
2405 2016 2512 2059 me
2595 2003 2603 2051 .’

449 2085 944 2153 benevolentiori
973 2086 1273 2168 cuiquam
1302 2085 1645 2151 succedere
1673 2108 1793 2151 nec
1819 2098 1883 2152 te
1909 2086 2194 2152 amiciori
2220 2089 2513 2173 potuisse

389 2205 413 2241 s
447 2180 842 2265 provinciam
875 2179 1143 2245 tradere.
1208 2201 1289 2244 ex
1321 2180 1403 2244 iis
1438 2180 1683 2257 litteris,
1720 2201 1995 2264 quarum
2030 2181 2114 2246 ad
2148 2203 2253 2246 me
2291 2204 2511 2249 exem-

447 2277 625 2361 plum
670 2273 927 2351 misisti,
981 2296 1142 2357 quas
1187 2275 1255 2339 in
1300 2286 1528 2341 senatu
1564 2274 1818 2340 recitari
1850 2275 2136 2353 voluisti,
2191 2275 2287 2341 sic
2323 2277 2511 2343 intel·
2609 2290 2641 2320 ·'

449 2373 757 2446 lexeram,
801 2370 1151 2455 permultos
1187 2392 1228 2434 a
1263 2380 1326 2435 te
1372 2370 1604 2436 milites
1641 2392 1781 2435 esse
1818 2369 2142 2448 dimissos3
2187 2371 2307 2436 sed
2349 2372 2510 2436 mihi

445 2465 690 2529 Fabius
735 2464 906 2529 idem
950 2464 1438 2542 demonstravit,
1493 2476 1556 2530 te
1596 2464 1666 2527 id
1712 2464 2026 2550 cogitasse
2069 2463 2318 2543 facere,
2372 2467 2507 2544 sed,

449 2581 593 2625 eum
645 2558 784 2645 ipse
829 2582 868 2624 a
912 2569 974 2634 te
1022 2557 1405 2636 discederet,
1459 2558 1782 2645 integrum
1835 2558 2111 2624 militum
2164 2582 2508 2627 numerum

445 2657 672 2721 fuisse:
718 2652 787 2720 id
820 2654 876 2718 si
910 2654 1001 2719 ita
1036 2664 1160 2729 est,
1194 2664 1568 2740 pergratum
1602 2652 1761 2717 mihi
1796 2652 2053 2731 feceris,
2090 2653 2145 2717 si
2178 2654 2337 2720 istas
2375 2655 2508 2721 exi-

445 2773 533 2837 gu
541 2773 609 2813 as
665 2749 908 2834 copias,
961 2769 1122 2832 quas
1174 2746 1487 2824 habuisti,
1541 2769 1736 2832 quam
1788 2747 2049 2812 minime
2100 2747 2477 2815 inminueris
2489 2774 2505 2825 3

445 2865 575 2928 qua
609 2842 689 2907 de
723 2864 794 2909 re
829 2854 1088 2906 senatus
1126 2842 1436 2919 consulta,
1474 2841 1847 2926 quaefacta
1883 2852 2050 2918 sunt,
2089 2841 2172 2905 ad
2209 2853 2272 2907 te
2308 2843 2507 2908 missa

445 2928 585 3001 esse
621 2935 909 3000 arbitror.
983 2934 1282 3017 equidem
1317 2957 1437 3019 pro
1473 2956 1577 3013 ec,
1614 2935 1838 3019 quanti
1872 2945 1936 3000 te
1971 2935 2159 3012 facio,
2196 2936 2505 3021 quicquid

445 3029 704 3105 feceris,
759 3026 1160 3114 adprobabo,
1213 3028 1328 3095 sed
1365 3040 1427 3094 te
1464 3050 1722 3113 quoque
1760 3028 2011 3095 confido
2048 3052 2125 3095 ea
2159 3029 2501 3107 facturum,

445 3145 609 3205 quae
644 3122 802 3187 mihi
835 3121 1166 3208 intelleges
1201 3122 1479 3189 maxime
1516 3147 1655 3189 esse
1691 3124 2186 3189 accommodata.
2262 3147 2385 3211 ego
2425 3122 2500 3190 C.

445 3217 860 3301 Pumptinum
894 3217 1182 3303 legatum
1216 3222 1433 3283 meum
1470 3217 1797 3283 Brundisii
1834 3218 2285 3303 exspectabam
2324 3242 2504 3285 eum-

449 3333 573 3397 que
625 3322 767 3378 ante
802 3312 1134 3377 Kalendas
1169 3312 1391 3378 Iunia's
1430 3309 1908 3399 [Brundisium]
1948 3322 2291 3378 venturum
2335 3313 2504 3377 arbi-

441 3405 686 3485 trabam
740 3407 852 3490 qui
900 3428 1048 3472 cum
1083 3408 1359 3484 venerit,
1415 3429 1581 3491 quae
1617 3407 1897 3491 primum
1929 3406 2283 3493 navigandi
2315 3406 2500 3473 nobis

441 3501 713 3565 facultas
749 3500 900 3564 data
935 3501 1071 3576 erit,
1107 3510 1380 3567 utemur.

1418 3668 1520 3723 IV.

882 3766 999 3823 Scr.
1016 3767 1302 3822 Brundisii
1320 3769 1499 3826 Nonis
1518 3770 1699 3825 Iuniis
1718 3789 1769 3827 a.
1791 3789 1844 3826 u.
1866 3789 1916 3827 c.
1938 3772 2057 3826 703.

883 3864 962 3919 Μ.
1005 3864 1279 3919 CICERO
1315 3867 1374 3919 S.
1411 3867 1485 3921 D.
1521 3867 1636 3921 ΑΡ.
1675 3867 2054 3924 PULCHRO.

373 3985 401 4025 ι
567 3969 784 4034 Pridie
827 3969 1050 4036 Nonas
1092 3968 1347 4047 Iunias,
1400 3992 1549 4036 cum
1594 3995 1799 4039 essem
1841 3970 2203 4049 Brundisii,
2255 3972 2494 4037 litteras

437 4069 581 4121 tuas
621 4063 854 4146 accepi,
891 4064 1124 4147 quibus
1161 4076 1297 4131 erat
1336 4064 1644 4151 scriptum
1680 4078 1743 4134 te
1770 4067 1851 4133 L.
1874 4064 2105 4133 Clodio
2141 4066 2498 4141 mandasse,
