2675 4559
752 288 1308 348 EPIssTUfflUM
1340 292 1412 344 x.
1452 293 1537 349 34.
1556 293 1641 349 35.
2100 282 2230 351 257

169 437 405 503 magno
442 436 637 500 opere
671 425 850 500 peto,
888 414 943 478 si
978 437 1188 480 meam
1223 414 1449 494 vitam,
1489 415 1791 495 studium,
1831 418 2227 505 dilioentiam

169 509 608 597 superioribus
633 507 1071 595 temporibus
1052 532 1121 573 m
1138 531 1208 575 re
1235 509 1495 595 publica
1512 511 2012 579 administranda
2032 511 2229 601 [quae

165 603 424 691 Lepido
460 602 658 689 digna
693 598 871 689 sunt]
899 613 1234 692 perspecta
1268 603 1489 682 habes,
1524 616 1598 671 ut
1631 606 1812 692 paria
1845 619 1957 674 aut
1991 629 2068 674 eo
2096 632 2231 674 am-

163 699 370 785 pliora.
405 696 655 780 reliquo
700 707 985 783 tempore
1022 708 1352 783 exspectes
1391 709 1454 764 et
1497 699 1766 784 proinde
1810 712 1922 766 tua
1957 703 2231 768 auctori-

160 807 294 860 tate
345 816 457 862 me
508 792 820 858 tuendum
863 792 1216 870 existimes,
1270 814 1401 877 quo
1455 793 1570 861 tibi
1620 795 1806 881 plura
1849 807 1960 862 tuo
2003 797 2229 863 merito

163 889 391 955 debeo·
450 886 612 952 vale.
660 886 720 950 d.
758 911 841 955 11.
869 887 1201 952 Kalendas
1236 887 1478 965 Iunias,
1515 910 1596 953 ex
1632 890 1875 968 castris,
1913 914 1995 957 ex
2019 892 2228 957 Ponte

161 984 521 1071 Argenteo.
1229 1056 1233 1058 ,

1071 1131 1317 1187 XXXV.

389 1235 550 1290 Data
569 1240 655 1290 est
674 1251 709 1289 a
726 1234 911 1290 Ponte
927 1234 1217 1306 Argenteo
1234 1235 1342 1289 111.
1361 1234 1494 1291 Kal.
1515 1237 1638 1290 lun.
1661 1253 1712 1292 a.
1731 1254 1786 1291 u.
1807 1254 1857 1292 c.
1875 1238 1992 1293 711.

159 1350 237 1404 Μ.
266 1343 615 1401 LEPmUS
640 1343 797 1400 IMP.
826 1344 1029 1403 ITER.
1060 1343 1461 1403 PONTIFEX
1486 1347 1676 1404 MAx.
1708 1345 1765 1404 s.
1783 1349 1858 1404 D.
1890 1335 2229 1407 SENATUI

614 1429 926 1488 Porum
960 1430 1353 1498 PLEBIQUE
1387 1432 1784 1492 ROMANAE.

290 1545 365 1614 S.
406 1568 469 1611 v.
505 1545 816 1630 liberique
851 1547 1047 1611 vestri
1079 1569 1142 1611 v·
1179 1547 1243 1613 b.
1280 1571 1335 1613 e.
1375 1571 1430 1613 e.
1468 1570 1530 1632 q.
1567 1573 1629 1613 v.
1711 1548 1863 1616 deos
1908 1550 2228 1617 homines·
2263 1579 2288 1616 ι

157 1664 285 1727 que
332 1651 567 1718 testor,
619 1649 833 1725 patres
877 1640 1247 1727 conscripti,
1301 1663 1432 1726 qua
1473 1655 1688 1709 mente
1733 1655 1797 1709 et
1840 1665 1968 1728 quo
2013 1645 2226 1710 animo

155 1758 418 1822 semper
451 1734 523 1801 in
557 1757 693 1800 rem
734 1735 1060 1820 publicam
1104 1735 1336 1801 fuerim
1373 1746 1434 1802 et
1472 1759 1668 1821 quam
1701 1737 1858 1803 nihil
1904 1739 2226 1824 antiquius

156 1828 493 1896 communi
528 1828 733 1893 salute
770 1850 845 1893 ac
878 1827 1170 1894 libertate
1204 1829 1568 1908 iudicarim3
1617 1831 1790 1914 quod
1827 1833 2010 1898 vobis
2046 1833 2229 1899 brevi

152 1924 569 2011 probassem,
614 1922 737 1991 nisi
780 1923 937 1988 mihi
981 1923 1240 1989 fortuna
1280 1925 1612 2011 proprium
1645 1926 1986 2009 consilium
2016 1939 2224 1994 extor-

154 2021 376 2085 sisset:
441 2041 600 2085 nam
650 2017 961 2086 exercitus
1016 2030 1282 2085 cunctus
1335 2020 1865 2087 consuetudinem
1919 2045 2102 2088 suam
2155 2022 2222 2087 in

153 2114 413 2179 civibus
458 2111 911 2178 conservandis
956 2114 1406 2198 communique
1449 2137 1640 2201 pace,
1685 2116 1995 2183 seditione
2030 2117 2222 2194 facta,

152 2207 425 2274 retinuit
474 2227 707 2291 meque
755 2217 973 2296 tantae
1024 2208 1459 2276 multitudinis·
1504 2209 1742 2276 civium
1785 2209 2224 2278 Romanorum

154 2302 386 2368 salutis
424 2312 620 2385 atque
652 2300 1105 2367 incolumitatis
1142 2323 1404 2368 causam
1427 2304 1788 2390 suscipere,
1836 2315 1910 2375 ut
1943 2327 2093 2372 vere
2129 2306 2225 2371 di-

152 2419 334 2474 cam,
381 2396 614 2482 coegit.
702 2395 769 2460 in
811 2418 945 2481 qua
984 2417 1055 2462 re
1090 2418 1216 2481 ego
1248 2417 1395 2476 vos,
1447 2408 1663 2485 pstres
1697 2400 2068 2487 conscripti,
2113 2422 2227 2466 oro
2257 2422 2283 2461 ε

150 2502 356 2575 atque
392 2490 690 2568 obsecro,
734 2506 809 2555 ut
851 2489 1114 2582 privstis
1150 2489 1612 2559 offensionibus
1648 2494 1900 2561 omissis
1934 2514 2223 2563 summae

150 2584 249 2650 rei
280 2583 587 2671 publicae
625 2583 969 2650 consulatis
1002 2606 1167 2650 neve
1193 2585 1693 2656 misericordiam
1729 2599 2012 2656 nostram
2041 2611 2223 2654 exer-

149 2679 455 2763 citusque
487 2677 692 2743 nostri
732 2677 801 2744 in
835 2677 1005 2743 civili
1041 2679 1434 2747 dissensione
1470 2681 1724 2747 sceleris
1770 2681 1912 2746 loco
1945 2683 2218 2766 ponatis.

150 2772 337 2859 quod
370 2770 429 2837 si
463 2770 688 2838 salutis
713 2772 1001 2838 omnium
1035 2795 1113 2838 ac
1140 2773 1470 2860 dignitatis
1503 2774 1815 2841 rationem
1849 2774 2220 2853 habueritis,

149 2866 386 2933 melius
440 2877 506 2932 et
549 2866 732 2932 vobis
776 2878 841 2932 et
883 2866 976 2932 rei
1017 2867 1317 2953 publicae
1364 2868 1730 2936 consuletis.
1828 2867 1892 2932 d.
1933 2882 2028 2936 111.
2064 2869 2217 2934 Kal.

152 2963 299 3027 Iun.
340 2985 381 3028 a
414 2959 643 3026 Ponte·
663 2961 1015 3047 Argenteo.

262 4193 483 4241 &aaronis
501 4199 581 4242 vol.
602 4196 673 4242 IX.
1816 4197 1884 4254 17
