2675 4559
423 208 551 277 106
1040 221 1117 274 Μ.
1155 220 1430 277 TULLII
1466 218 1868 277 CICERONIS

418 345 725 411 adversae
762 321 1176 420 adiuvantur,
1226 350 1570 426 tecumque
1608 353 1671 407 et
1706 364 1816 407 ero
1852 352 2132 421 tantum,
2169 355 2499 427 quantum

417 439 694 526 patietur
738 438 1071 521 utriusque
1107 447 1282 503 aetas
1321 448 1384 501 et
1420 436 1749 512 valetudO,
1786 446 1880 513 et,
1926 435 1983 501 si
2016 440 2157 503 esse
2194 460 2329 503 una
2364 439 2504 502 mi·-

419 556 539 599 nus
573 533 924 619 poterimus
962 554 1158 617 quam
1194 532 1513 606 volemUS,
1562 530 1923 595 animorum
1959 541 2178 602 tamen
2211 532 2498 613 coniun-

419 627 628 693 ctione
671 627 1001 712 isdemque
1047 626 1274 691 studiis
1326 625 1419 690 ita
1468 624 1789 701 fruemur,
1843 635 1918 690 ut
1960 647 2315 711 numquam
2358 647 2499 690 non

418 744 550 785 una
583 743 723 786 esse
760 721 1112 786 videamur.

1368 954 1528 1010 XIV.

903 1058 1019 1114 Ser.
1037 1058 1252 1112 Romae
1269 1069 1460 1113 mense
1483 1057 1645 1111 Iunio
1666 1074 1717 1111 a.
1736 1074 1792 1111 u.
1814 1074 1861 1111 c.
1886 1058 2001 1113 709.

669 1163 737 1216 L.
774 1158 1154 1218 LUOOEIUS
1193 1160 1260 1224 Q.
1297 1160 1365 1214 F.
1404 1159 1460 1215 S.
1497 1160 1571 1213 D.
1608 1159 1684 1213 M.
1724 1158 2017 1217 TULLIO
2053 1160 2132 1215 M.
2167 1162 2236 1215 F.

363 1313 387 1353 ι
555 1285 623 1353 S..
677 1286 760 1350 V.
807 1286 886 1348 B.
935 1283 1016 1348 Ε.
1062 1284 1178 1360 V„
1232 1284 1397 1348 sicut
1451 1284 1645 1361 selec,
1697 1284 1961 1369 paululo
2014 1294 2234 1349 tamen
2288 1288 2485 1351 etiam

423 1381 701 1445 deterius
733 1399 927 1461 quam
965 1378 1158 1442 soleo·
1246 1388 1311 1443 te
1354 1376 1661 1461 requisivi
1706 1377 1992 1462 saepius,
2046 1389 2119 1443 ut
2164 1376 2490 1445 viderem:

419 1473 666 1537 Romae
712 1472 864 1555 quia
907 1481 1130 1557 postea
1174 1493 1305 1536 non
1339 1471 1519 1536 fuisti
1554 1492 1750 1555 quam
1788 1472 2178 1549 decesserat,
2212 1474 2490 1541 miratus

423 1589 591 1645 susm
630 1566 803 1650 quod
836 1562 1009 1632 idem
1044 1589 1217 1632 nunc
1251 1567 1467 1631 miror.
1521 1588 1651 1631 non
1687 1566 1894 1632 habeo
1922 1578 2187 1645 certum,
2225 1589 2402 1651 quae
2430 1582 2490 1635 te

419 1685 519 1725 res
559 1661 704 1726 hinc
749 1662 1030 1725 maxime
1074 1660 1377 1727 retrahat.
1466 1660 1519 1724 si
1556 1660 1897 1725 solitudine
1936 1659 2283 1738 delectare,
2340 1685 2489 1727 cum

423 1757 660 1821 scribas
697 1767 762 1822 et
795 1755 1039 1839 aliquid
1075 1777 1234 1841 agas
1261 1777 1503 1832 eorum,
1542 1775 1814 1838 quorum
1849 1754 2188 1832 consuesti,
2224 1756 2489 1841 gaudeo

423 1873 628 1935 neque
663 1850 1061 1936 reprehendo
1096 1861 1282 1915 tuum
1317 1850 1683 1927 consilium3
1732 1872 1881 1915 nam
1917 1850 2076 1915 nihil
2108 1850 2232 1914 isto
2266 1862 2491 1936 potest

423 1969 559 2009 esee
607 1945 945 2009 iucundius
989 1965 1119 2008 non
1166 1945 1358 2009 modo
1402 1944 1652 2008 miseris
1696 1944 1794 2007 his
1843 1944 2237 2030 temporibus
2274 1956 2348 2010 et
2393 1948 2491 2010 lu·-

423 2041 684 2114 ctuusis,
739 2039 851 2102 sed
898 2039 1088 2103 etiam
1131 2038 1488 2121 tranquillis
1535 2049 1599 2102 et
1643 2038 1907 2123 optatis,
1958 2039 2339 2123 praesertim
2390 2041 2486 2105 vel

419 2133 631 2197 anime
668 2131 1016 2215 defetigato
1052 2142 1193 2208 tuo,
1241 2133 1353 2215 qui
1387 2154 1559 2197 nunc
1593 2133 1879 2216 requiem
1927 2145 2192 2216 quaerat
2228 2156 2311 2197 ex
2353 2158 2490 2198 ma-

419 2229 559 2313 gnis
599 2224 1154 2309 occupationibus,
1201 2224 1306 2290 vel
1343 2226 1624 2303 erudite,
1672 2227 1783 2309 qui
1829 2249 2081 2312 semper
2115 2226 2371 2311 aliquid
2410 2252 2487 2293 ex

419 2345 484 2385 se
523 2331 798 2405 premat,
843 2321 1018 2403 quod
1061 2321 1220 2386 alios
1258 2322 1565 2398 delectet,
1614 2334 1667 2385 te
1710 2322 1923 2407 ipsum
1967 2321 2265 2385 laudibus
2312 2323 2485 2388 inlu-

355 2441 379 2477 s
417 2425 591 2477 stret.
695 2413 793 2477 sin
847 2425 1061 2479 autem
1078 2462 1097 2491 ‚
1165 2414 1328 2479 sicut
1390 2413 1539 2479 hinc
1592 2414 2007 2493 discesseras,
2069 2414 2358 2481 lacrimis
2413 2439 2486 2480 ac

415 2509 705 2573 tristitiae
742 2518 805 2573 te
839 2509 1187 2586 tradidisti,
1241 2509 1427 2574 doleo
1438 2555 1457 2586 ,
1513 2509 1666 2593 quia
1702 2508 1879 2575 doles
1916 2520 1981 2573 et
2027 2531 2291 2595 angere3
2355 2533 2486 2575 non

418 2625 679 2689 possum
714 2612 777 2668 te
812 2624 974 2680 non,
1029 2603 1084 2668 si
1120 2602 1450 2679 concedis,
1504 2603 1681 2686 quod
1716 2603 2053 2681 sentimus,
2108 2614 2181 2668 ut
2213 2603 2484 2670 liberius

419 2697 733 2773 dieamus,
779 2719 1109 2763 accusare:
1165 2696 1321 2781 quid
1358 2698 1567 2763 enim?
1612 2709 1683 2762 tu
1730 2698 1901 2763 solus
1948 2708 2170 2784 aperta
2214 2720 2353 2764 non
2392 2700 2485 2764 vi-

419 2793 615 2869 debis,
651 2790 763 2874 qui
797 2802 1058 2876 propter
1093 2813 1367 2856 acumen
1404 2790 1833 2855 occultissima
1866 2792 2212 2877 perspicis?
2245 2802 2321 2856 tu
2354 2815 2484 2858 non

415 2885 746 2967 intelleges
793 2895 857 2948 te
905 2884 1179 2966 querelis
1229 2883 1563 2948 cotidianis
1607 2884 1765 2949 nihil
1807 2884 2152 2969 proficere?
2202 2906 2339 2951 non
2387 2888 2484 2952 in-

415 2977 680 3061 telleges
716 2976 1027 3061 duplicari
1063 2977 1519 3043 sollicitudines
1537 3024 1554 3053 ‚
1591 2997 1753 3061 quas
1792 2978 2042 3044 elevare
2076 2989 2189 3043 tua
2223 2990 2288 3044 te
2324 2999 2483 3066 pru-

355 3097 383 3137 s
419 3071 632 3137 dentis,
674 3071 994 3156 postulat?
1050 3071 1224 3155 quod
1258 3072 1313 3136 si
1359 3095 1488 3137 non
1523 3073 1842 3158 possimus
1879 3072 2121 3157 aliquid
2167 3073 2482 3158 proficere

419 3189 491 3229 su
499 3165 766 3242 afflando,
801 3165 1012 3252 gratia
1048 3167 1492 3233 contendimus
1528 3178 1593 3233 et
1626 3167 1936 3252 rogando,
1975 3168 2031 3233 si
2066 3166 2223 3252 quid
2257 3180 2482 3234 nostra

419 3281 611 3325 causa
645 3262 772 3339 vis,
806 3272 881 3327 ut
911 3261 1050 3327 istis
1086 3272 1149 3328 te
1184 3262 1494 3330 molestiis
1527 3263 1705 3328 laxes
1742 3274 1805 3329 et
1840 3262 1924 3329 ad
1960 3263 2326 3329 convictum
2366 3288 2479 3330 no-

419 3369 623 3421 strum
663 3357 889 3422 redeas
936 3403 1112 3421 .....
1161 3358 1243 3421 ad
1281 3356 1807 3424 consuetudinem
1843 3358 1947 3423 vel
1981 3368 2266 3422 nostram
2303 3379 2479 3424 com-

419 3471 674 3517 munem
692 3450 796 3515 vel
822 3462 1002 3516 tuam
1031 3452 1225 3517 solius
1255 3471 1332 3516 ac
1364 3451 1706 3539 propriam.
1762 3452 1950 3537 cupio
1970 3474 2099 3518 non
2120 3452 2479 3519 obtundere

417 3557 479 3609 te
491 3589 511 3621 ,
567 3545 619 3605 si
661 3565 793 3608 non
835 3543 1149 3610 delectare
1192 3554 1410 3609 nostro
1455 3544 1698 3623 studi03
1753 3546 1942 3633 cupio
1988 3546 2339 3625 deterrere,
2393 3568 2477 3611 ne

418 3660 792 3725 permaneas
835 3638 905 3702 in
937 3638 1214 3724 incepto.
1302 3661 1477 3705 nunc
1530 3640 1695 3705 duae
1750 3663 1854 3706 res
1906 3642 2067 3706 istae
2120 3640 2476 3707 contrariae

416 3757 519 3797 mre
567 3731 973 3815 conturbant,
1026 3755 1109 3797 ex
1153 3732 1387 3817 quibus
1432 3742 1546 3797 aut
1585 3732 1654 3797 in
1700 3734 1899 3800 altera
1941 3734 2100 3799 mihi
2142 3735 2366 3813 velim,
2424 3733 2474 3798 si

415 3841 619 3913 putes,
653 3828 1054 3914 obtemperes
1092 3838 1202 3892 aut
1237 3828 1303 3891 in
1344 3829 1544 3892 altera
1576 3849 1707 3904 non
1745 3828 2056 3896 offendas.
2146 3830 2307 3895 vale.

2636 3264 2639 3286 --
2636 3202 2639 3207 .
2637 3168 2639 3179 -
2626 2952 2639 3134 -ssss
