2675 4559
782 186 1339 248 EPISTOLARUM
1371 189 1738 249 xn.14.15.
2160 187 2292 254 295

218 335 341 401 per
375 323 443 378 te
481 332 858 396 consequar,
894 310 1110 389 velim,
1146 322 1219 376 ut
1252 313 1435 391 solet,
1472 314 1590 379 tibi
1625 336 1818 382 curae
1853 319 1954 383 sit.
2025 343 2148 408 ego
2184 347 2287 390 me
2324 343 2352 382 c

218 411 303 476 de
338 431 413 476 re
450 406 709 494 publica
742 416 903 492 puto
929 428 1070 471 esse
1096 406 1417 485 meritum,
1453 419 1680 475 utnon
1705 413 2073 496 provinciae
2105 418 2289 483 istius

216 503 613 571 beneficium
661 510 1031 586 exspectare
1086 501 1390 579 debeam,
1454 504 1570 569 sed
1632 515 1914 584 tantum,
1975 523 2287 594 quantum

219 596 497 665 Cassius
526 607 590 662 et
616 594 827 672 Bruti,
863 616 993 660 nou
1022 595 1231 660 solum
1260 595 1434 662 illius
1467 597 1622 663 facti
1656 600 2054 686 periculique
2088 607 2290 672 socie-

216 703 375 769 tate,
412 691 532 758 sed
566 689 763 756 ctiam
794 688 989 754 huius
1022 689 1327 774 temporis
1363 691 1576 757 studio
1623 703 1689 758 et
1722 693 1977 762 virtute.
2043 699 2287 784 primus

220 787 399 853 enim
434 807 559 872 ego
593 784 771 870 leges
806 783 1127 850 Antonias
1172 783 1371 872 fregi,
1416 786 1660 871 primus
1697 789 2051 872 equitatum
2085 792 2289 860 Dola-

216 881 433 948 bellae
478 879 565 947 ad
608 903 746 946 rem
792 878 1120 964 publicam
1156 879 1414 946 traduxi
1451 878 1808 967 Cassioque
1842 886 2105 966 tradidi,
2158 889 2288 974 pri-

216 997 371 1042 mus
398 974 669 1040 dilectus
704 972 905 1039 habui
938 995 1056 1059 pro
1092 974 1298 1041 salute
1328 976 1613 1042 omnium
1651 989 1872 1044 contra
1908 982 2288 1048 coniuratio-

217 1093 377 1137 nem
412 1069 989 1145 sceleratissimam,
1026 1068 1202 1134 solus
1221 1065 1451 1135 Cassio
1479 1081 1545 1136 et
1577 1072 1671 1138 rei
1705 1073 2000 1158 publicae
2029 1073 2286 1161 Syriam

222 1163 704 1249 exercitusque,
740 1163 855 1247 qui
888 1162 983 1228 ibi
1018 1175 1225 1240 erant,
1262 1165 1595 1244 coniunxi3
1641 1189 1794 1234 nam
1829 1169 1951 1234 nisi
1986 1193 2109 1256 ego
2145 1183 2287 1236 tan-

218 1269 358 1324 tam
390 1258 731 1346 pecuniam
767 1269 1075 1342 tantaque
1108 1259 1428 1344 praesidia
1463 1271 1530 1326 et
1563 1272 1696 1326 tam
1731 1262 2021 1330 celeriter
2057 1262 2284 1332 Cassio

221 1353 565 1430 dedissem,
600 1375 685 1420 ne
721 1375 916 1420 ausus
953 1352 1215 1436 quidem
1252 1365 1422 1420 esset
1455 1355 1548 1421 ire
1581 1355 1650 1421 in
1687 1354 1975 1442 Syriam,
2013 1371 2078 1426 et
2111 1384 2284 1428 nunc

216 1471 355 1515 non
398 1449 648 1514 minora
691 1447 979 1533 pericula
1020 1448 1115 1512 rei
1160 1449 1460 1534 publicae
1505 1472 1544 1514 a
1585 1449 1932 1518 Dolabella
1975 1455 2285 1521 instarent

219 1565 421 1628 quam
458 1543 543 1608 ab
575 1541 883 1608 Antonio.
956 1553 1149 1626 atque
1182 1542 1346 1608 haec
1380 1543 1596 1606 omnia
1629 1543 1684 1608 is
1720 1544 1864 1624 feci,
1901 1549 2013 1632 qui
2050 1550 2282 1614 sodalis
2317 1562 2340 1600 ⁷

220 1649 289 1704 et
322 1636 853 1702 familiarissimus
887 1635 1269 1702 Dolabellae
1304 1659 1510 1714 eram,
1547 1638 2104 1708 coniunctissimus
2141 1666 2286 1708 san-

218 1734 421 1820 guine
455 1733 777 1810 Antoniis,
813 1732 1210 1818 provinciam
1244 1752 1501 1816 quoque
1534 1731 1790 1797 illorum
1823 1734 2136 1800 beneficio
2171 1735 2286 1801 ha-

218 1829 488 1905 bebam,
544 1827 659 1894 sed
701 1825 997 1912 πατρίδα
1042 1823 1201 1912 &pcipe
1244 1827 1494 1908 μᾶλλον
1533 1827 1747 1912 φιλῶν
1783 1828 2080 1894 omnibus
2125 1832 2284 1897 meis

218 1923 465 1990 bellum
500 1921 743 2007 primus
776 1921 1000 1986 indixi.
1057 1921 1219 1986 haec
1254 1921 1376 1986 etsi
1412 1919 1622 1991 adhuc
1656 1943 1788 1986 non
1822 1944 2058 2008 magno
2089 1946 2280 2010 opere

218 2017 380 2082 mihi
430 2017 653 2084 tulisse
704 2016 988 2080 fructum
1042 2016 1510 2091 animadverto,
1565 2025 1779 2082 tamen
1831 2039 1961 2082 non
2014 2018 2282 2104 despero

218 2134 344 2177 nec
371 2110 772 2197 defetigabor
804 2129 1179 2195 permanere
1214 2133 1346 2176 non
1373 2111 1581 2176 solum
1615 2111 1683 2176 in
1710 2111 1920 2177 studio
1954 2112 2283 2190 libert-atie,

220 2205 339 2272 sed
372 2206 567 2271 etiam
598 2206 667 2270 in
700 2205 919 2270 labore
956 2216 1020 2270 et
1054 2203 1374 2290 periculis.
1429 2205 1714 2272 attamen
1747 2207 1803 2272 si
1839 2207 2031 2273 etiam
2069 2208 2284 2292 aliqua

216 2300 427 2387 gloria
470 2300 641 2366 iusta
684 2310 747 2365 et
798 2298 1029 2364 merita
1080 2298 1578 2385 provocabimur
1633 2314 1891 2367 senatus
1946 2315 2010 2368 et
2062 2303 2284 2389 optimi

218 2395 535 2479 cuiusque
582 2393 841 2470 officiis,
894 2393 1133 2459 maiore
1186 2414 1333 2458 cum
1387 2395 1766 2460 auctoritate
1818 2397 1991 2482 apud
2044 2407 2284 2463 ceteros

218 2489 459 2555 erimus
489 2499 553 2554 et
579 2511 655 2554 eo
684 2489 831 2575 plus
865 2488 1169 2574 prodesse
1195 2486 1291 2556 rei
1295 2488 1624 2597 'publicae
1656 2490 2027 2576 poterimus.
2081 2491 2284 2555 filium
2320 2506 2345 2543 8

216 2597 435 2662 tuum,
498 2583 585 2648 ad
633 2583 913 2648 Brutum
966 2604 1115 2648 cum
1168 2583 1348 2660 veni,
1412 2583 1630 2649 videre
1683 2606 1813 2649 non
1864 2584 2074 2670 potui,
2138 2586 2284 2650 ideo

216 2677 450 2762 quod
431 2701 561 2742 iam
595 2677 663 2742 in
695 2677 969 2743 hiberna
1014 2698 1161 2742 cum
1207 2677 1530 2761 equitibus
1577 2689 1713 2744 erat
1757 2678 2114 2764 profectus,
2170 2679 2282 2742 sed

213 2772 471 2838 medius
512 2771 703 2837 fidius
752 2793 831 2837 ea
875 2793 1016 2836 esse
1059 2793 1209 2837 eum
1254 2770 1554 2856 opinione
1599 2782 1663 2839 et
1707 2783 1820 2836 tua
1864 2782 1928 2836 et
1970 2771 2173 2857 ipsius
2221 2784 2283 2836 et

212 2867 285 2931 in
330 2865 553 2952 primis
599 2887 743 2931 mea
779 2887 973 2930 causa
1008 2865 1291 2952 gaude03
1338 2865 1554 2930 fratris
1591 2865 1762 2931 enim
1793 2866 1936 2932 loco
1971 2865 2129 2930 mihi
2165 2877 2280 2942 est,

215 2961 333 3046 qui
366 2984 449 3027 ex
484 2969 549 3026 te
584 2971 773 3026 natus
808 2971 1001 3044 teque
1036 2959 1270 3046 dignus
1308 2972 1424 3026 est.
1478 2959 1641 3027 vale.
1697 2961 1758 3026 d.
1787 2959 2096 3028 m1.Non
2135 2961 2279 3026 Iun.

214 3057 494 3143 Pergae.

1190 3289 1320 3347 XV.

612 3392 727 3450 Ser.
748 3393 968 3466 Pergae
987 3393 1122 3448 1111.
1144 3393 1338 3451 Nonas
1359 3392 1550 3448 Iunias
1571 3409 1620 3446 a.
1639 3409 1694 3447 ιι.
1717 3409 1763 3447 c.
1787 3391 1903 3446 711.

214 3497 282 3552 Ρ.
322 3495 743 3554 LENTULUS
781 3497 846 3552 Ρ.
882 3497 949 3552 F.
986 3494 1211 3562 PROQ.
1248 3495 1524 3552 PROPR.
1564 3494 1621 3551 S.
1648 3495 1721 3550 D.
1760 3492 1960 3550 COSS.
1994 3494 2116 3550 PR.
2155 3495 2276 3549 ΤΒ.

385 3589 506 3646 PL.
547 3590 887 3650 SENATUI
926 3590 1238 3648 POPULO
1273 3589 1667 3656 PLEBIQUE
1703 3587 2096 3646 ROMANAE.

348 3712 421 3782 S.
459 3737 522 3780 v.
558 3716 602 3780 l.
638 3737 699 3780 v.
726 3738 789 3781 v.
818 3716 882 3780 b.
912 3739 969 3782 e.
998 3739 1060 3781 v.
1114 3715 1352 3782 scelere
1370 3715 1752 3781 Dolabellae
1788 3735 2092 3800 oppressa
2111 3712 2274 3776 Asia
2312 3733 2333 3769 1

214 3807 284 3874 in
326 3809 688 3895 proximam
740 3810 1135 3897 provinciam
1176 3808 1632 3875 Macedoniam
1683 3806 2128 3893 praesidiaque
2183 3807 2275 3872 rei

214 3903 537 3988 publicae,
574 3926 741 3989 quae
776 3905 875 3970 M.
910 3907 1154 3971 Brutus
1190 3927 1252 3970 v.
1290 3925 1346 3969 c.
1384 3905 1664 3981 tenebat,
1699 3925 1803 3968 me
1837 3901 2077 3968 contuli
2111 3912 2176 3967 et
2208 3902 2278 3966 id

217 3997 343 4084 egi,
380 4009 474 4077 ut,
510 4019 627 4084 per
662 4021 823 4084 quos
850 4000 1176 4068 celerrime
1209 4013 1493 4086 possent,
1527 3999 1692 4066 Asia
1725 3995 2056 4084 provincia
2082 3997 2280 4066 vecti-
