2675 4559
447 200 580 267 480
1073 212 1141 278 Q.
1179 210 1456 271 TULLII
1488 210 1891 270 CICERONIS

443 338 680 427 prurit?
765 336 922 423 quid
969 358 1092 425 ego
1137 358 1311 403 nuno
1356 335 1477 402 tibi
1520 334 1601 402 de
1636 336 1893 413 Africa,
1938 335 2097 420 quid
2130 335 2211 405 de
2248 338 2515 405 testium

447 432 630 499 dietis
665 431 982 497 scribam?
1065 450 1222 497 nota.
1255 442 1435 509 sunt,
1472 440 1539 496 et
1572 452 1651 497 ea
1684 442 1757 497 tu
1792 426 2048 517 saepius
2083 432 2323 519 legito..
2395 436 2515 500 sed

443 540 660 593 tamen
713 527 834 592 hoe
889 526 1049 591 mihi
1110 549 1242 593 non
1302 526 1938 613 praetermittendum
1988 526 2273 605 videtur,
2334 528 2517 612 quod

443 622 721 707 primum
776 644 858 687 ex
911 626 990 687 eo
1033 620 1272 687 iudicio
1325 632 1458 687 tam
1502 643 1701 707 egens
1742 620 2061 699 discessit,
2110 644 2311 707 quam
2366 622 2519 706 qui-

446 717 596 782 dam
645 716 892 783 iudices
947 718 1084 783 eius
1139 728 1288 783 ante
1339 716 1502 782 illud
1558 716 1869 782 iudicium
1918 716 2211 794 fuerunt,
2276 716 2515 785 deinde

445 824 578 877 tam
612 810 996 889 invidiosae,
1041 821 1115 878 ut
1149 811 1326 876 aliud
1360 811 1429 875 in
1466 832 1615 877 eum
1647 811 1958 877 'iudicium
1990 812 2225 877 cotidie
2258 812 2519 897 flagite-

443 917 570 973 tur.
655 904 764 973 hio
797 928 866 971 se
902 906 996 971 sio
1029 905 1253 982 habet,
1299 916 1374 971 ut
1410 905 1614 991 magis
1648 905 1897 982 timeat,
1932 905 2129 971 etiam
2162 906 2221 971 si
2250 904 2515 989 quierit,

369 1022 420 1061 11
445 1022 641 1085 quam
685 1011 760 1064 ut
805 1010 1198 1075 contemnat,
1243 999 1300 1063 si
1345 999 1503 1085 quid
1544 998 1979 1065 eommoverit.
2085 1009 2327 1085 quanto
2372 1022 2517 1065 me—

445 1097 566 1163 lior
609 1097 726 1163 tibi
767 1096 1029 1161 fortuna
1069 1094 1395 1181 petitionis
1440 1094 1593 1159 data
1636 1107 1735 1160 est
1774 1116 1975 1179 quam
2014 1116 2221 1180 nuper
2264 1093 2515 1159 homini

445 1214 616 1258 novo
651 1188 730 1257 C.
768 1188 1020 1257 Caeliol
1075 1190 1182 1255 ille
1227 1210 1379 1255 oum
1423 1188 1677 1255 duobus
1722 1188 2086 1255 hominibus
2118 1189 2211 1253 ita
2240 1188 2513 1254 nobilis-

447 1287 622 1353 simis
657 1284 948 1371 petebat,
997 1294 1070 1349 ut
1103 1295 1321 1349 tamen
1356 1284 1425 1349 in
1458 1284 1537 1349 iis
1577 1284 1793 1349 omnia
1824 1284 2029 1369 pluris
2064 1293 2277 1349 essent
2310 1304 2512 1367 quam

443 1378 586 1465 ipsa
619 1378 948 1456 nobilitas,
1003 1400 1258 1443 summa
1285 1378 1579 1464 ingenia,
1624 1400 1913 1443 sumus
1947 1377 2184 1464 pudor,
2228 1377 2517 1463 plurima

445 1470 790 1549 beneficia,
841 1494 1096 1537 summa
1137 1471 1302 1537 ratio
1335 1493 1417 1537 ao
1450 1470 1785 1558 diligentia
1824 1470 2113 1557 petendi:
2162 1492 2247 1536 -ae
2288 1482 2513 1535 tamen

445 1588 668 1635 eorum
703 1568 974 1635 alterum
1001 1564 1294 1644 Caelius,
1331 1588 1482 1636 oum
1514 1568 1717 1633 multo
1750 1566 2015 1633 inferior
2046 1576 2213 1633 esset
2246 1588 2513 1651 genere,

371 1682 424 1723 ιι
447 1662 742 1751 superior
773 1663 950 1729 nulla
983 1686 1054 1729 re
1098 1684 1324 1749 paene,
1361 1661 1705 1748 superavit.
1776 1683 1907 1746 qua
1938 1684 2011 1727 re
2044 1660 2179 1737 tibi,
2214 1661 2271 1726 si
2304 1660 2510 1725 facies

445 1780 553 1835 ea,
605 1780 772 1843 quae
806 1768 1036 1823 natura
1069 1768 1132 1823 et
1175 1756 1418 1833 studia,
1473 1756 1707 1842 quibus
1744 1778 1995 1843 semper
2032 1778 2189 1821 usus
2226 1778 2325 1832 es,
2380 1756 2513 1819 lar-

446 1852 739 1939 giuntur,
793 1874 960 1937 quae
1004 1852 1304 1938 temporis
1352 1851 1449 1915 tui
1494 1851 1655 1916 ratio
1693 1850 2039 1928 desiderat,
2092 1872 2265 1961 quae
2302 1860 2513 1935 potes,

447 1968 615 2032 quae
668 1946 893 2023 debes,
953 1968 1087 2012 non
1139 1946 1260 2011 erit
1321 1945 1583 2011 difficile
1638 1957 1961 2011 certamen
2014 1966 2163 2009 oum
2220 1942 2301 2009 iis
2356 1966 2515 2009 oon·

445 2041 822 2131 petitoribus
835 2088 853 2119 ‚
915 2041 1030 2125 qui
1080 2062 1493 2127 nequaquam
1546 2052 1695 2105 sunt
1746 2051 1879 2105 tam
1928 2060 2167 2125 genere
2218 2038 2511 2125 insignes

446 2158 644 2219 quam
695 2135 864 2203 vitiis
915 2136 1192 2202 nobiles.
1245 2134 1390 2221 quis
1432 2136 1605 2201 enim
1646 2134 1911 2221 repen’ri
1962 2143 2173 2219 potest
2224 2143 2359 2198 tam
2410 2134 2515 2197 in—

444 2230 688 2315 probus
723 2230 910 2304 civis,
953 2230 1066 2312 qui
1109 2230 1266 2295 velit
1307 2250 1439 2295 uno
1464 2228 1793 2355 Usuffragio
1822 2228 2037 2295 duas
2016 2250 2087 2294 ln
2120 2250 2258 2293 rem
2292 2227 2513 2313 publi-

448 2345 592 2387 oam
627 2322 792 2386 sioas
827 2322 1267 2407 destringere?

368 2413 419 2527 ὃ
576 2414 902 2499 Quoniam
947 2436 1115 2499 quae
1161 2402 1449 2482 subsidia
1491 2416 1791 2483 novitatis
1835 2417 2105 2483 habenes
2150 2428 2215 2483 et
2266 2416 2509 2485 habere

443 2532 668 2599 posses
713 2509 1012 2597 exposui,
1063 2530 1236 2575 nuno
1291 2511 1373 2576 de
1418 2512 1861 2598 magnitudine
1912 2509 2235 2597 petitionis
2286 2511 2510 2577 dicen·-

445 2608 603 2673 dum
654 2606 939 2675 videtur:
993 2605 1397 2671 consulatum
1450 2607 1643 2692 petis,
1696 2626 1826 2691 quo
1876 2606 2119 2671 honore
2168 2627 2361 2671 nemo
2408 2616 2509 2671 est

444 2702 600 2788 quin
653 2711 716 2766 te
769 2700 1039 2787 dignum
1093 2699 1464 2778 arbitretur,
1526 2701 1642 2767 sed
1702 2701 1916 2778 multi,
1977 2701 2091 2785 qui
2140 2700 2503 2778 invideant3

442 2796 608 2881 petis
645 2794 814 2861 enim
857 2796 1052 2860 homo
1093 2796 1176 2859 ex
1219 2795 1499 2879 equestri
1541 2795 1685 2859 looo
1720 2818 2043 2861 summum
2084 2794 2303 2861 Iocum
2348 2795 2509 2860 eivi-

441 2888 592 2952 tatis
627 2898 822 2973 atque
855 2889 947 2954 ita
981 2909 1303 2956 summum
1317 2936 1336 2967 ,
1386 2900 1463 2955 ut
1496 2889 1646 2955 forti
1680 2890 1951 2967 homini,
2006 2890 2275 2968 diserto,
2316 2890 2507 2956 inno-

438 2982 612 3047 centi
671 2984 874 3047 multo
937 2982 1108 3049 idem
1169 2983 1276 3049 ille
1337 2983 1539 3049 honos
1599 2986 1744 3071 plus
1802 2984 2241 3071 amplitudinis
2306 3004 2505 3069 quam

442 3076 670 3145 ceteris
707 3076 972 3144 adferat,
1061 3076 1195 3143 noli
1228 3077 1459 3163 putare
1491 3082 1624 3155 eos,
1660 3078 1773 3161 qui
1806 3088 1958 3143 sunt
1992 3100 2090 3145 eos
2104 3078 2347 3145 honore
2378 3080 2505 3157 usi,

436 3191 570 3235 non
621 3169 860 3248 videre,
907 3182 1013 3249 tu,
1065 3193 1214 3237 oum
1257 3171 1436 3237 ³idem
1489 3172 1577 3237 sis
1620 3172 1921 3259 adeptus,
1972 3172 2131 3256 quid
2174 3171 2503 3257 dignitatis

439 3264 775 3331 habiturus
829 3264 944 3342 sis;
997 3286 1109 3333 eos
1163 3274 1348 3345 vero,
1390 3266 1515 3351 qui
1566 3266 2010 3332 oonsularibus
2060 3266 2325 3331 familiis
2366 3266 2502 3331 nati

437 3356 654 3425 locum
701 3358 1016 3425 maiorum
1061 3360 1389 3427 oonseouti
1432 3381 1563 3425 non
1605 3371 1784 3438 suut,
1840 3360 2131 3446 suspioor
2174 3358 2327 3437 tibi,
2376 3360 2505 3426 nisi

439 3451 496 3516 si
539 3452 652 3536 qui
697 3453 1042 3519 admodum
1086 3465 1150 3520 te
1195 3466 1447 3532 amant,
1498 3453 1803 3521 invidere.
1892 3454 2087 3521 etiam
2126 3475 2331 3521 novos
2382 3453 2503 3520 ho-

437 3545 646 3612 mines
688 3548 1039 3631 praetorios
1083 3548 1407 3627 existimo,
1458 3548 1584 3614 nisi
1628 3549 1739 3633 qui
1784 3559 1896 3615 tuo
1942 3547 2255 3617 beneficio
2301 3549 2502 3615 vineti

362 3654 414 3695 14
439 3648 618 3715 sunt,
671 3640 842 3705 nolle
892 3641 1009 3705 abs
1056 3652 1117 3707 te
1171 3664 1240 3709 se
1291 3642 1533 3708 honore
1578 3642 1885 3728 superari.
1971 3641 2101 3709 iam
2142 3642 2215 3707 in
2255 3642 2501 3729 populo

437 3752 636 3815 quam
668 3732 855 3799 multi
887 3733 1090 3801 invidi
1124 3735 1279 3814 sint,
1314 3758 1514 3822 quam
1548 3735 1733 3801 multi
1768 3734 2231 3803 consuetudine
2262 3736 2503 3803 horum

435 3846 752 3894 annorum
809 3826 896 3892 ab
955 3826 1320 3896 hominibus
1384 3830 1572 3895 novis
1632 3828 1917 3908 alienati,
1980 3830 2199 3899 venire
2257 3830 2379 3895 tibi
2433 3832 2501 3895 in

433 3930 716 3985 mentem
769 3932 943 3987 oerto
981 3923 1160 4003 *0503
1233 3947 1373 3991 esse
1426 3924 1623 3991 etiam
1672 3946 1805 3991 non
1864 3925 2073 3991 nullos
2124 3923 2245 3989 tibi
2297 3925 2497 3991 iratos

427 4030 515 4071 ex
563 4010 642 4075 iis
685 4015 926 4092 causis,
977 4038 1140 4101 quas
1184 4019 1403 4104 egisti,
1432 4040 1719 4101 *neeesse
1772 4030 1891 4085 est·
1974 4019 2105 4085 iam
2148 4017 2313 4085 illud
2359 4031 2497 4105 tute
