2675 4559
742 257 1298 317 EPISTOLARUM
1330 260 1437 316 XI.
1473 244 1627 316 2-5.
2091 252 2221 320 261

191 385 501 450 honestum
555 405 721 460 esse,
775 405 1079 449 vocemus
1133 396 1198 448 te
1251 385 1335 449 ad
1388 386 1596 450 nullas
1650 385 2042 466 inimicitiae,
2106 389 2221 455 sed

190 492 379 543 tamen
419 477 620 563 pluris
662 487 944 543 nostram
986 477 1350 544 libertatem
1393 501 1590 564 quam
1640 490 1820 546 tuam
1872 483 2219 548 amicitiam

187 573 588 638 aestimemus.
675 584 747 636 tu
783 572 974 638 etiam
1011 583 1205 657 atque
1240 574 1436 639 etiam
1470 574 1618 641 vide
1633 622 1652 652 ,
1690 576 1848 660 quid
1883 577 2216 663 suscipias,

187 666 320 749 quid
366 666 675 733 sustinere
727 666 961 752 possis,
1015 687 1225 751 neque
1269 690 1466 752 quam
1514 667 1625 733 diu
1677 670 1907 737 vixerit
1953 668 2217 749 Caesar,

188 761 282 825 sed
310 782 498 844 quam
532 782 661 826 non
689 761 801 826 diu
827 763 1131 847 regnarit,
1166 761 1271 828 fac
1300 764 1564 849 cogites.
1621 764 1774 830 deos
1803 787 2214 851 quaesumus,

188 855 417 921 consilia
450 867 566 921 tua
607 856 700 921 rei
744 856 1043 942 publicae
1078 858 1385 922 salutaria
1421 859 1548 923 siut
1583 880 1658 923 ac
1694 859 1840 937 tibi,
1891 861 1947 925 si
1981 861 2213 938 minus,

186 959 244 1012 ut
285 951 452 1016 salva
504 962 701 1035 atque
743 951 1015 1016 honesta
1057 974 1127 1017 re
1171 953 1433 1038 publica
1479 952 1597 1018 tibi
1641 975 1837 1037 quam
1880 955 2220 1021 minimum

184 1057 441 1123 noceant,
477 1056 797 1132 optamus.
885 1046 1091 1131 pridie
1127 1047 1350 1113 Nonas
1389 1045 1569 1114 Sext.
2206 1061 2210 1065 “

1125 1283 1228 1338 IV.

266 1381 372 1437 Ser.
392 1382 451 1438 in
471 1382 672 1439 Gallia
690 1354 951 1440 citeriore
970 1392 1207 1441 exeunte
1225 1403 1420 1441 mense
1437 1386 1745 1444 Novembri
1765 1404 1816 1442 a.
1836 1405 1891 1441 u.
1912 1405 1963 1443 c.
1982 1388 2101 1443 710.

236 1484 297 1537 D.
337 1485 651 1544 BRUTUS
695 1487 852 1542 IMP.
903 1486 1059 1544 COS.
1104 1486 1363 1543 DESIG.
1411 1488 1467 1545 S.
1510 1489 1586 1544 D.
1632 1493 1712 1545 M.
1763 1489 2145 1547 CICERONI.

288 1607 354 1674 Si
385 1609 463 1675 de
499 1621 617 1675 tua
650 1611 717 1675 in
752 1633 855 1677 me
881 1611 1209 1676 voluntate
1238 1611 1621 1688 dubitarem,
1659 1613 1876 1680 multis
1907 1640 1943 1676 a
1979 1624 2043 1680 tc
2074 1636 2213 1680 ver·
2250 1635 2273 1670 1

184 1700 260 1764 bis
282 1714 576 1788 peterem,
616 1714 687 1769 ut
715 1704 1091 1791 dignitatem
1119 1729 1329 1770 meam
1359 1717 1627 1783 tuerere,
1661 1706 1775 1771 sed
1803 1708 2092 1793 profecto
2120 1721 2215 1772 cet

182 1794 274 1870 ita,
320 1809 387 1862 ut
434 1798 598 1863 mihi
649 1799 966 1884 persuasi,
1020 1808 1144 1865 me'
1171 1800 1290 1864 tibi
1345 1823 1485 1866 esse
1536 1823 1746 1866 curae.
1835 1824 2214 1887 progressus

67 1917 72 1955 z
172 1909 297 1971 *sum
328 1891 407 1954 ad
432 1892 766 1978 Inalpinos
803 1915 952 1959 cum
987 1892 1297 1972 exercitu,
1333 1916 1464 1959 non
1500 1905 1632 1960 tam
1667 1917 1899 1960 nomen
1939 1896 2214 1980 inspera-

69 1989 70 1993 ’
183 1983 377 2049 torium
424 1998 695 2074 captans
741 2009 937 2073 quam
982 1988 1245 2074 cupiens
1297 1989 1604 2054 militibus
1654 1989 1805 2055 satis
1850 1990 2063 2056 facere
2106 1990 2214 2054 fir-

185 2097 409 2163 mosque
433 2104 545 2147 eos
582 2083 667 2146 ad
702 2084 973 2149 tuendas
1003 2094 1250 2149 nostras
1278 2108 1382 2149 res
1418 2084 1700 2151 efficere:
1737 2085 1911 2170 quod
1936 2085 2092 2150 mihi
2118 2085 2213 2150 vi-
2247 2103 2272 2141 2

186 2169 309 2236 deor
330 2187 708 2242 consecutus
720 2200 739 2254 3
775 2201 925 2243 nam
956 2189 1017 2244 et
1053 2178 1498 2244 liberalitatem
1525 2190 1810 2245 nostram
1838 2191 1901 2246 et
1929 2179 2213 2244 animum

186 2277 304 2331 sunt
334 2273 595 2355 experti.
688 2295 835 2338 cum
871 2274 1157 2338 omnium
1193 2274 1693 2340 bellicosissimis
1730 2275 1971 2341 bellum
2005 2275 2179 2361 gessi
2189 2299 2207 2350 3

184 2361 349 2427 multa
390 2366 654 2432 castella
698 2367 869 2453 cepi,
924 2368 1129 2433 multa
1178 2368 1464 2433 vastavi:
1517 2391 1648 2434 non
1692 2368 1830 2435 sine
1877 2391 2073 2434 causa
2127 2368 2210 2433 ad

184 2466 433 2524 senatum
473 2460 722 2527 litteras
768 2461 931 2526 misi.
1030 2463 1266 2527 adiuva
1309 2484 1426 2528 nos
1475 2474 1587 2528 tua
1642 2464 1981 2542 sententia3
2036 2462 2210 2548 quod

184 2568 303 2654 cum
339 2552 562 2633 facies,
620 2578 700 2620 ex
745 2578 982 2642 magna
1025 2568 1207 2642 parte
1261 2558 1586 2622 communi
1632 2557 1966 2624 commodo
2009 2558 2210 2622 inser-

184 2661 356 2712 v1er1s.

1142 2801 1217 2857 V.

454 2901 575 2957 Ser.
595 2901 812 2958 Romae
829 2904 1014 2959 medio
1031 2920 1223 2960 mense
1239 2903 1544 2959 Decembri
1564 2921 1617 2959 a.
1636 2920 1692 2958 u.
1718 2919 1766 2958 c.
1787 2904 1906 2960 710.

331 3003 401 3056 Μ.
438 3002 718 3061 CICERO
756 3002 812 3060 S.
850 3004 925 3089 D.
960 3005 1035 3061 D.
1071 3004 1337 3063 BRUTO
1374 3006 1530 3062 IMP.
1569 3005 1727 3064 COS.
1763 3005 2018 3064 DESIG.

287 3113 503 3204 Lupus
559 3119 890 3185 familiaris
945 3130 1162 3186 noster
1213 3143 1362 3186 cum
1408 3145 1447 3186 a
1490 3133 1554 3186 te
1602 3120 1880 3187 venisset
1933 3142 2207 3206 cumque
2247 3139 2270 3176 1

186 3203 392 3276 Romae
444 3214 759 3296 quosdam
810 3214 947 3279 dies
1002 3225 1530 3292 commoraretur,
1597 3236 1720 3301 ego
1773 3237 1951 3279 eram
2013 3214 2080 3283 in
2132 3215 2208 3278 iis

185 3296 336 3381 locis,
378 3305 443 3372 in
478 3308 715 3391 quibus
750 3308 1028 3389 maxime
1063 3319 1203 3375 tuto
1238 3331 1344 3376 me
1379 3332 1519 3375 esse
1567 3308 1951 3373 arbitrabar:
1999 3332 2076 3372 ct]
2112 3307 2209 3372 fa-

186 3404 332 3462 etum
363 3412 481 3481 est,
530 3413 603 3467 ut
639 3403 721 3468 ad
756 3414 821 3469 te
858 3403 1087 3490 Lupus
1124 3406 1261 3470 sine
1297 3404 1457 3470 meis
1491 3403 1717 3469 litteris
1750 3403 2015 3480 rediret,
2064 3428 2210 3468 cum

187 3499 367 3558 tamen
400 3510 686 3562 curasset
720 3510 865 3564 tuas
903 3499 985 3563 ad
1022 3521 1125 3565 me
1158 3498 1593 3585 perferendas.
1683 3498 1955 3564 Romam
1995 3512 2209 3562 autem

189 3585 309 3647 veni
348 3611 402 3652 a.
438 3591 499 3654 d.
537 3613 598 3654 v.
637 3591 796 3657 Idus
831 3591 1018 3670 Dec„
1064 3616 1185 3659 nec
1230 3594 1432 3660 habui
1477 3594 1820 3678 quicquam
1865 3596 2209 3676 mitiquius,

190 3694 351 3756 quam
392 3695 464 3750 ut
506 3686 791 3752 Pansam
836 3689 1051 3753 statim
1096 3689 1534 3767 convenirem3
1591 3712 1672 3755 ex
1718 3709 1846 3773 quo
1893 3711 1967 3754 ea
2015 3691 2092 3752 dc
2148 3700 2209 3752 te

189 3777 457 3854 <³0gnovi,
513 3801 677 3864 quae
722 3783 999 3847 maxime
1036 3783 1361 3868 optabam.
1451 3806 1582 3868 qua
1625 3806 1695 3849 re
1739 3782 2094 3848 hortatione
2137 3793 2210 3848 tu

190 3864 415 3941 quidem
446 3894 575 3937 non
602 3895 779 3960 eges,
811 3875 865 3939 si
900 3897 983 3941 ne
1010 3876 1076 3941 in
1106 3877 1215 3941 illa
1241 3877 1503 3962 quidem
1536 3900 1626 3954 re,
1664 3898 1828 3961 quae
1855 3900 1893 3941 a
1928 3887 1992 3942 te
2027 3886 2212 3963 gesta

193 3968 270 4019 est
306 3975 443 4044 post
486 3967 813 4034 hominum
852 3971 1223 4037 memoriam
1267 3973 1576 4049 maxima,
1623 3972 2009 4038 hortatorem
2045 3970 2210 4037 desi-

195 4048 413 4123 derasti.
498 4063 655 4129 illud
689 4074 900 4133 tamen
938 4067 1218 4133 breviter
1251 4067 1742 4154 significandum
1777 4067 2060 4146 videtur,
2095 4089 2210 4154 po·
2244 4083 2270 4121 2
