2675 4559
520 207 649 274 306
1140 213 1217 267 Μ.
1254 211 1530 272 TULLII
1565 210 1974 272 CICERONIS

521 342 761 412 vitutis.
862 357 983 426 ego
996 385 1015 415 ,
1067 347 1325 404 tuorum
1379 335 1793 406 consiliorum
1845 346 2081 404 auctor
2135 333 2542 422 dignitatisque

523 440 763 514 fautor,
798 435 998 501 iratus
1033 431 1428 517 temporibus
1461 432 1529 500 in
1549 429 1895 502 Graeciam
1927 431 2273 518 desperata
2295 431 2544 500 libertate

522 531 847 618 rapiebar,
894 550 1044 597 cum
1078 549 1182 596 me
1217 526 1456 596 etesiae
1477 526 1678 611 ,quasi
1719 526 1873 594 boni
1907 527 2092 595 cives
2123 526 2546 610 relinquentem

522 649 659 695 rem
712 624 1038 712 publicam
1088 621 1392 708 prosequi
1442 621 1812 696 uoluerunt,
1873 632 2232 704 austerque
2283 620 2544 690 adversus

522 720 805 788 maximo
839 717 995 786 flatu
1032 739 1136 784 me
1172 713 1257 784 ad
1291 713 1544 784 tribulis
1579 726 1724 786 tuos
1760 711 2052 800 Regium
2088 715 2359 791 rettulit,
2391 723 2544 798 atque

520 815 671 882 inde
706 811 915 882 ventis
959 811 1151 880 remis
1195 810 1263 875 in
1307 809 1582 896 patriam
1629 807 1834 896 [omni
1867 805 2316 895 festinatione]
2357 829 2542 894 prope·

522 908 682 976 ravi
711 905 1145 994 postridieque
1194 903 1263 972 in
1316 925 1570 974 summa
1619 904 2020 989 reliquorum
2073 904 2376 974 servitute
2419 901 2543 966 liber

522 1025 693 1073 uuus
743 1003 859 1070 fui.
946 999 1039 1068 sic
1094 1021 1239 1068 sum
1287 999 1358 1068 iu
1399 999 1758 1068 Antonium
1809 999 2144 1077 invectae,
2198 1010 2272 1066 ut
2311 998 2407 1066 ille
2443 1019 2542 1062 non

524 1099 717 1166 ferret
753 1117 1137 1180 omnemque
1172 1118 1364 1162 suum
1389 1095 1789 1163 vinulentum
1823 1095 2118 1162 furorem
2149 1095 2220 1162 in
2251 1115 2352 1162 me
2383 1113 2542 1160 unum

525 1193 882 1260 effunderet
927 1211 1159 1275 meque
1201 1200 1340 1256 tum
1392 1190 1620 1258 elicere
1671 1189 1865 1258 vellet
1913 1191 2005 1256 ad
2049 1188 2268 1257 caedis
2310 1207 2538 1258 causam,

522 1300 660 1354 tum
695 1295 1035 1372 temptaret
1068 1282 1313 1348 insidiis
1324 1307 1346 1360 ;
1390 1306 1582 1368 quem
1619 1306 1744 1372 ego
1776 1295 2146 1352 ructantem
2181 1295 2245 1350 et
2277 1299 2540 1350 nausean-

516 1393 654 1462 tem
708 1380 951 1446 conieci
1002 1378 1101 1444 in·
1124 1374 1424 1444 Caesaris
1478 1375 1826 1446 Octaviani
1877 1381 2114 1467 pla-gas
2127 1405 2146 1458 ;
2210 1400 2362 1466 puer
2407 1375 2534 1442 enim

523 1475 823 1561 egregius
868 1472 1260 1561 praesidium
1292 1472 1416 1538 sibi
1461 1473 1740 1559 primum
1775 1485 1839 1541 et
1880 1475 2104 1552 nobis,
2151 1473 2372 1542 deinde
2403 1491 2536 1534 sum-

521 1593 667 1637 mae
710 1570 806 1636 rei
856 1569 1153 1656 publicae
1198 1568 1623 1658 comparavit;
1663 1571 1792 1654 -qui
1835 1569 1962 1636 nisi
2009 1570 2267 1647 fuisset,
2315 1561 2534 1632 Antonii

476 1744 480 1748 ι
522 1665 765 1732 reditus
802 1687 841 1730 a
876 1663 1221 1730 Brundisio
1255 1663 1454 1750 pestis
1487 1664 1732 1750 patriae
1767 1663 2020 1731 fuisset.
2087 1685 2254 1749 quae
2287 1660 2533 1742 deinceps

524 1772 669 1828 acta
702 1761 861 1838 sint,
896 1759 1057 1828 scire
1090 1769 1155 1826 te
1190 1757 1480 1826 arbitror.
1535 1757 1651 1824 sed
1683 1759 2027 1826 redeamus
2062 1759 2238 1835 illuc,
2273 1755 2424 1822 unde
2453 1751 2533 1814 de-

522 1855 860 1922 vertimus:
882 1853 1125 1939 accipio
1146 1852 1622 1920 excusationem
1640 1862 1828 1919 tuam·
1838 1853 1920 1920 de
1943 1850 2352 1940 Semproni03
2369 1865 2529 1928 neque

525 1949 697 2016 enim
730 1949 951 2016 statuti
984 1949 1143 2034 quid
1174 1949 1245 2015 in
1278 1959 1460 2016 tanta
1493 1947 1976 2033 perturbatione
1994 1949 2236 2020 habere
2259 1938 2496 2032 potuisti-

610 2067 783 2112 nunc
810 2044 915 2110 hic
935 2043 1073 2111 dies
1090 2043 1285 2110 aliam
1314 2043 1514 2110 vitam
1540 2043 1770 2121 adfert,
1795 2043 1958 2110 alios
1985 2064 2200 2113 mores
2223 2037 2484 2128 postulat,

523 2150 597 2204 ut
630 2139 721 2204 ait
753 2139 1113 2206 Terentius.
1200 2160 1398 2222 quam
1431 2139 1517 2204 ob
1560 2161 1728 2216 rem,
1771 2139 1866 2204 mi
1895 2138 2182 2222 Quinte,
2235 2125 2524 2202 conscende

476 2236 484 2244 '
520 2231 887 2308 nobiscum,
922 2241 987 2298 et
1020 2232 1283 2315 quidem
1316 2233 1404 2298 ad
1437 2232 1736 2320 puppim:
1783 2255 1914 2300 una
1947 2233 2140 2302 navis
2177 2241 2274 2298 est
2301 2228 2414 2294 iam
2440 2221 2523 2285 bo·
2609 2249 2611 2256 ·

520 2347 749 2392 norum
784 2324 1100 2402 omnium,
1134 2347 1331 2410 quam
1365 2325 1627 2410 quidem
1660 2349 1782 2393 nos
1815 2327 2050 2395 damus
2086 2345 2338 2414 operam
2367 2328 2427 2384 nt
2451 2335 2523 2378 re-
2606 2265 2612 2550 ι

520 2431 692 2486 ctam
726 2429 1077 2486 teneamus.
1148 2421 1396 2486 utinam
1429 2443 1740 2508 prospero
1773 2423 2000 2489 cursui
2047 2421 2164 2492 sed
2195 2418 2521 2504 quicumque

520 2514 695 2580 venti
728 2525 937 2591 erunt,
976 2537 1077 2580 ars
1112 2527 1331 2582 nostra
1357 2527 1528 2582 certe
1563 2537 1694 2582 non
1721 2517 1956 2584 aberit:
1995 2516 2165 2604 quid,
2189 2512 2349 2581 enim
2379 2523 2521 2593 prae·
2607 2551 2609 2580 1

522 2619 689 2674 stare
725 2607 902 2676 aliud
936 2609 1139 2675 virtus
1180 2611 1432 2696 potest?
1483 2622 1555 2678 tu
1598 2610 1706 2677 fac
1749 2623 1824 2676 ut
1865 2633 2107 2700 magno
2143 2608 2345 2677 animo
2375 2599 2447 2666 sis
2474 2605 2518 2658 et

520 2705 775 2771 excelso
810 2705 1185 2791 cogitesque
1219 2728 1478 2774 omnem
1519 2707 1900 2794 dignitatem
1944 2718 2128 2776 tuam
2163 2726 2306 2772 oum
2344 2717 2403 2763 ΓΘ
2430 2711 2518 2778 Pu·
2604 2757 2606 2760 >

518 2799 689 2866 blica
724 2799 1131 2866 coniunctam
1164 2823 1305 2868 esse
1343 2802 1610 2869 debere·
2159 2813 2170 2822 “
2604 2831 2607 2876 3

495 2967 500 2971 ,
646 2891 727 2957 Ρ.
764 2892 1121 2962 Lucceium
1154 2894 1313 2960 mihi
1344 2919 1562 2963 meum
1597 2896 2028 2975 commendas,
2064 2917 2272 2982 quem,
2305 2881 2515 2973 quibus·

516 3006 796 3069 cumque
821 2987 1014 3054 rebus
1042 3000 1288 3074 potero,
1325 2990 1666 3078 diligenter
1699 2991 1946 3058 tuebor.
2001 2991 2284 3058 Hirtium
2306 2975 2510 3076 quiden
2605 2999 2608 3127 ἱ

518 3091 583 3145 et
624 3081 937 3161 Pansam,
990 3085 1271 3172 collegas
1314 3099 1597 3166 nostros,
1648 3088 1940 3156 homines
1981 3089 2052 3154 in
2097 3081 2403 3154 consulatu
2444 3085 2509 3132 1⁸¹

514 3175 813 3259 publicae
848 3178 1162 3257 salutaris,
1198 3181 1408 3247 alieno
1443 3205 1598 3248 sane
1634 3192 1920 3269 tempore
1955 3183 2304 3252 amisimus,
2335 3191 2394 3236 τθ
2419 3182 2504 3250 Pu·

514 3268 685 3335 blica
719 3271 1093 3338 Antoniano
1129 3274 1390 3360 quidem
1425 3276 1758 3342 latrocinio
1791 3277 2091 3357 liberata,
2137 3272 2248 3341 sed
2278 3259 2504 3333 nondum

516 3365 776 3432 omnino
810 3367 1156 3453 explicata3
1192 3390 1389 3454 quam
1422 3392 1561 3448 nos,
1598 3373 1652 3437 si
1685 3371 1931 3450 licebit,
1967 3393 2143 3439 more
2175 3373 2372 3433 nostro
2401 3364 2501 3416 tue·

517 3456 758 3536 bimur,
807 3480 1197 3544 quamquam
1232 3464 1582 3531 admodum
1617 3488 1838 3532 sumus
1881 3467 2012 3532 iam
2043 3451 2378 3546 defetigat13
2420 3435 2503 3508 Sed

514 3551 694 3618 nulla
724 3552 1035 3620 lassitudo
1066 3557 1358 3643 inpedire
1393 3559 1678 3626 officium
1712 3572 1778 3627 et
1820 3561 2014 3628 fidem
2049 3560 2248 3628 debet.
2327 3555 2497 3612 verum

513 3645 673 3712 haec
708 3646 1037 3716 hactenus.
1128 3651 1213 3718 ab
1246 3651 1388 3719 aliis
1423 3664 1487 3722 te
1522 3655 1604 3721 de
1639 3677 1743 3723 me
1777 3677 1975 3742 quam
2010 3681 2049 3723 a
2082 3676 2182 3722 me
2214 3650 2340 3736 ipso
2369 3630 2496 3702 ¹1²²¹⁰

512 3759 928 3826 cognoscere3
964 3743 1049 3811 de
1072 3756 1139 3812 te
1164 3746 1587 3816 audiebamus
1613 3773 1710 3829 ea,
1740 3772 1907 3836 quae
1933 3751 2202 3818 maxime
2229 3736 2491 3824 waima&

513 3832 593 3898 de
614 3829 737 3900 Cn.
754 3835 1069 3918 Minucio,
1099 3861 1292 3925 quem
1318 3853 1390 3908 tu
1407 3845 1793 3928 quibusdam
1809 3845 2035 3912 litteris
2053 3843 2133 3912 ad
2149 3837 2369 3908 caeluni
2391 3823 2494 3922 ΙΨ

512 3924 701 3992 dibus
727 3932 1029 4011 extulisti,
1064 3957 1354 4003 rumores
1381 3937 1668 4012 duriores
1697 3951 1906 4006 erant:
1942 3940 2012 4005 id
2040 3938 2218 4026 quale
2241 3929 2312 3995 sit
2334 3931 2490 3986 Offlffl'
2599 3951 2601 4008 ;

508 4039 743 4101 ¹²qu0,
780 4025 939 4138 quid
970 4029 1113 4097 istic
1149 4043 1399 4118 agatur,
1435 4034 1636 4103 facias
1670 4057 1776 4104 me
1810 4036 2006 4103 velim
2042 4032 2357 4103 certiorem·
