2675 4559
62 835 91 1049 ἱ

735 276 1291 335 EPISTOLARUM
1323 278 1401 333 11.
1440 278 1523 334 18.
1544 258 1627 333 13³.
2120 270 2207 336 45

171 417 510 495 spectarem
546 402 1020 491 significabant,
1066 424 1187 467 nec
1221 402 1297 479 is,
1334 402 1447 485 qui
1482 403 1807 481 attulerat,
1853 428 1892 469 a
1926 416 1991 471 te
2026 428 2208 472 aece-

165 512 362 589 perat,
413 511 490 564 ut
530 521 615 563 ex
657 519 734 563 eo
780 498 1038 572 scirem,
1094 517 1222 580 quo
1266 519 1351 562 ex
1390 498 1531 562 loco
1577 508 1689 561 aut
1742 519 1869 582 quo
1921 510 2205 587 tempore

165 605 363 662 essent
397 593 606 659 datae.
672 612 836 675 quae
873 614 1022 657 cum
1057 600 1269 656 essent
1301 591 1563 669 ineerta,
1600 592 1957 658 existimavi
1991 604 2204 662 tamen

163 687 526 755 faciundum
578 708 718 751 esse
761 696 834 750 ut
877 686 962 751 ad
1004 696 1068 751 te
1113 695 1379 750 statores
1430 707 1608 750 meos
1655 697 1719 751 et
1761 687 2013 754 lictores
2059 710 2206 754 cum

64 806 72 835 t
162 784 372 850 litteris
415 781 765 858 mitterem3
812 802 971 864 quas
1007 781 1061 845 si
1106 780 1259 845 satis
1303 780 1661 866 opportuno
1705 791 1990 869 tempore
2025 805 2206 849 acce-

164 877 327 964 pisti,
381 875 822 963 gratissimum
870 874 1029 939 mihi
1080 874 1337 951 feceris,
1394 875 1449 939 si
1501 878 1587 941 ad
1636 898 1739 941 me
1790 876 1857 941 in
1911 873 2205 943 Ciliciam

165 994 343 1056 quam
376 970 658 1058 primum
693 970 964 1034 veneris.
1029 992 1179 1035 nam
1214 969 1391 1052 quod
1426 969 1509 1033 ad
1544 992 1645 1034 me
1684 966 1941 1048 Curius,
1980 992 2205 1037 conso-

163 1067 368 1131 brinus
395 1079 569 1140 tuus,
607 1063 784 1140 mihi,
820 1074 893 1127 ut
921 1064 1067 1141 scis,
1103 1064 1380 1129 maxime
1406 1064 1825 1142 necessarius,
1853 1065 2028 1149 quod
2050 1066 2205 1131 item

165 1157 232 1224 C.
266 1158 617 1245 Vergiliae,
653 1158 1051 1243 propinquus
1086 1168 1255 1235 tuus,
1291 1157 1818 1224 familiarissimus
1853 1169 2088 1235 noster,
2125 1158 2205 1223 de

162 1267 217 1319 te
252 1252 728 1318 accuratissime
764 1252 1044 1339 scripsit,
1090 1253 1260 1318 valet
1292 1253 1363 1316 id
1397 1251 1658 1343 quidem
1695 1252 1868 1339 apud
1902 1276 2005 1318 me
2039 1252 2207 1318 mul-

162 1363 307 1425 tum,
343 1347 533 1413 sicuti
569 1346 760 1413 debet
793 1347 1124 1412 hominum
1159 1347 1686 1413 amicissimOrum
1723 1346 1994 1434 diligens
2031 1368 2205 1412 com-

161 1441 490 1517 mendatiO,
529 1440 645 1507 sed
680 1451 828 1507 tuae
861 1441 1110 1507 litterae
1139 1441 1220 1507 de
1255 1453 1369 1507 tua
1399 1442 1774 1529 praesertim
1804 1442 2113 1528 dignitate
2140 1452 2206 1507 et

161 1537 230 1601 de
272 1548 492 1601 nostra
535 1536 978 1603 coniunctione
1025 1536 1288 1601 maximi
1333 1547 1481 1601 sunt
1524 1537 1696 1622 apud
1740 1560 1845 1602 me
1880 1536 2201 1623 ponderis.

159 1631 302 1695 mihi
337 1641 639 1715 quaestor
674 1630 946 1715 optatior
981 1631 1312 1716 obtingere
1348 1651 1537 1696 nemo
1571 1630 1798 1715 potuit.
1887 1653 2083 1716 quam
2118 1631 2202 1696 ob

162 1748 281 1790 rem
323 1746 769 1810 quaecumque
816 1749 855 1791 a
895 1748 999 1791 me
1045 1734 1418 1790 ornamenta
1462 1725 1530 1790 in
1574 1736 1636 1789 te
1677 1726 1988 1811 proficisci
2032 1738 2206 1811 pote-

162 1834 316 1896 runt,
359 1820 872 1907 proficiscentur,
915 1832 989 1886 ut
1023 1843 1243 1887 omnes
1288 1819 1663 1906 intellegant
1697 1843 1737 1884 a
1770 1841 1874 1884 me
1917 1818 2204 1884 habitam

54 1978 69 2006 ί.
163 1938 286 1980 esse
319 1916 636 1981 rationem
680 1927 829 1981 tuae
863 1916 1305 2000 maiorumque
1352 1924 1609 1981 tuorum
1652 1913 2000 2001 dignitatis.
2090 1915 2204 1981 sed

162 2007 219 2071 id
250 2008 498 2074 facilius
535 2030 912 2094 consequar,
948 2011 1003 2075 si
1038 2010 1122 2075 ad
1156 2033 1260 2076 me
1293 2009 1364 2074 in
1394 2007 1691 2075 Ciliciam
1726 2009 1997 2087 veneris,
2031 2010 2207 2093 quod

163 2125 271 2258 {go
307 2117 370 2168 et
413 2127 559 2170 mea
603 2115 667 2169 et
709 2104 803 2170 rei
846 2103 1142 2190 publicae
1186 2115 1252 2171 et
1293 2104 1572 2169 maxime
1616 2115 1730 2169 tua
1763 2104 2069 2171 interesse
2105 2128 2209 2169 ar-

199 2209 362 2264 ltror.
