2675 4559
722 193 1278 253 EPISTOLARUM
1315 197 1387 253 V.
1426 197 1583 251 2—4.
1763 237 1768 242 .
2102 185 2187 251 93

81 300 122 350 ‘⁰
172 320 516 409 permanebo
562 316 869 403 citiusque
913 338 1128 383 amore
1172 317 1267 383 tui
1302 317 1565 385 fratrem
1610 331 1794 387 tuum
1830 322 2038 387 odisse
2075 322 2185 387 de-

172 418 341 481 sinam
373 436 565 499 quam
599 413 764 478 illius
800 413 946 478 odio
981 410 1328 497 quicquam
1362 414 1443 479 de
1487 426 1708 481 nostra
1741 415 2186 483 benevolentia

68 557 75 595 ‚
172 508 479 575 detraham.

68 628 77 723 ἱ
1101 657 1206 721 111.

68 740 72 812 ὲ
724 758 842 816 Ser.
862 759 928 831 in·
938 760 1221 831 Hispania
1238 779 1290 817 a.
1310 778 1367 816 ιι.
1389 777 1437 815 c.
1458 761 1577 816 698.
1931 841 1938 849 ι

376 865 441 931 Q.
478 861 896 921 METELLUS
933 862 1182 920 NEPOS
1220 863 1277 919 S.
1313 864 1386 919 D.
1425 864 1501 920 M.
1541 864 1922 922 CICERONI.

268 980 551 1046 Hominis
594 978 1119 1065 importunissimi
1163 979 1618 1070 contumeliae,
1673 981 1908 1065 quibus
1943 978 2183 1045 crebris

170 1074 526 1140 contionibus
563 1077 669 1139 me
703 1084 946 1149 onerat,
980 1072 1107 1137 tuis
1143 1094 1301 1159 erga
1334 1096 1440 1139 me
1476 1073 1705 1140 officiis
1742 1074 2065 1140 leniuntur
2099 1084 2183 1151 et,

169 1180 224 1234 ut
250 1179 378 1235 sunt
415 1168 594 1234 leves
635 1166 721 1232 ab
764 1166 903 1233 eius
945 1166 1119 1232 modi
1163 1167 1451 1247 homine,
1494 1192 1535 1234 a
1579 1191 1683 1233 me
1727 1168 2184 1254 despiciuntur,

168 1263 515 1347 libenterque
551 1272 948 1327 commutata
987 1282 1260 1346 persona
1302 1272 1368 1328 te
1410 1262 1568 1328 mihi
1610 1262 1825 1328 fratris
1869 1261 2011 1328 loco
2046 1282 2185 1328 esse

170 1356 316 1422 duco.
419 1357 499 1422 de
543 1356 659 1421 illo
719 1377 802 1421 ne
843 1356 1208 1422 meminisse
1253 1357 1517 1442 quidem
1556 1358 1736 1435 volo,
1788 1357 2043 1422 tametsi
2085 1357 2183 1422 bis

168 1473 284 1516 eum
309 1451 576 1517 invitum
616 1451 884 1517 servavi.
974 1451 1054 1516 de
1088 1451 1248 1517 meis
1281 1452 1508 1529 rebus,
1553 1475 1636 1518 ne
1680 1452 1863 1517 vobis
1897 1452 2188 1517 multitu-

167 1545 282 1611 dine
315 1546 670 1611 litterarum
715 1545 1038 1609 molestior
1084 1567 1319 1621 essem,
1367 1546 1454 1611 ad
1488 1544 1775 1611 Lollium
1819 1546 2183 1632 perscripsi,

169 1639 227 1703 de
253 1639 587 1705 rationibus
635 1638 1001 1724 provinciae
1036 1639 1193 1724 quid
1226 1639 1460 1704 vellem
1501 1638 1670 1715 fieri,
1716 1650 1790 1704 ut
1823 1640 1879 1703 is
1917 1661 2033 1706 vos
2070 1640 2187 1705 do-

168 1744 299 1799 ceret
343 1745 405 1799 et
454 1733 1055 1800 commonefaceret.
1162 1733 1218 1798 si
1266 1732 1538 1819 poteris,
1601 1731 1794 1798 velim
1846 1733 2185 1818 pristinam

167 1836 305 1893 tuam
335 1850 483 1914 erga
515 1849 630 1893 me
665 1827 1057 1896 voluntatem
1093 1848 1454 1893 conserves.

1096 1985 1198 2042 IV.

563 2088 688 2145 Ser.
708 2087 1049 2160 Dyrrhachii
1067 2088 1295 2144 ineunte
1316 2106 1463 2143 anno
1482 2106 1537 2142 ιι.
1559 2104 1607 2143 c.
1627 2087 1744 2155 6911.

490 2193 570 2248 Μ.
616 2190 890 2247 CICERO
927 2190 984 2247 S.
1021 2190 1095 2245 D.
1134 2189 1202 2256 Q.
1238 2189 1611 2247 METELLO
1649 2189 1805 2246 COS.

263 2297 531 2365 Litterae
561 2297 794 2380 Quinti
827 2297 1043 2362 fratris
1079 2308 1144 2363 et
1169 2297 1248 2361 T.
1268 2297 1634 2383 Pomponii,
1669 2296 2011 2363 necessarii
2036 2296 2185 2374 mei,

167 2399 370 2456 tantum
401 2393 536 2479 spei
576 2392 908 2469 dederant,
944 2402 1017 2456 ut
1050 2390 1119 2456 in
1154 2402 1218 2457 te
1242 2414 1376 2456 non
1402 2391 1613 2456 minus
1640 2391 1864 2456 auxilii
1898 2412 2093 2475 quam
2118 2391 2187 2455 in

166 2491 252 2547 tuo
279 2486 510 2573 collega
543 2485 708 2551 mihi
744 2486 1160 2552 constitutum
1194 2485 1417 2563 fuerit3
1464 2486 1681 2570 itaque
1717 2486 1802 2550 ad
1846 2497 1911 2553 te
1945 2486 2186 2553 litteras

167 2578 340 2644 statim
370 2582 545 2658 misi,
603 2601 720 2664 per
752 2601 946 2663 quas,
998 2591 1072 2646 ut
1105 2580 1367 2648 fortuna
1399 2579 1794 2691 postulabat,
1848 2592 1915 2644 et
1946 2581 2186 2665 gratias

167 2670 256 2736 tibi
283 2676 379 2760 egi
404 2686 467 2741 et
496 2676 582 2741 de
611 2676 858 2759 reliquo
885 2687 1172 2762 tempore
1211 2675 1523 2741 auxilium
1549 2675 1724 2760 petii.
1777 2685 2004 2760 postea
2029 2675 2187 2739 mihi

167 2786 268 2831 non
294 2778 415 2834 tam
448 2792 745 2836 meorum
779 2769 1025 2836 litterae
1054 2792 1252 2854 quam
1287 2790 1612 2835 sermones
1639 2790 1880 2846 eorum,
1916 2768 2029 2852 qui
2063 2768 2186 2833 hac

169 2858 258 2925 iter
299 2863 648 2941 faciebant,
701 2865 988 2930 animum
1031 2875 1215 2930 tuum
1266 2865 1654 2930 inmutatum
1707 2863 2185 2950 significabant;

169 2974 300 3035 quae
346 2981 445 3025 res
495 2958 655 3025 fecit
700 2970 773 3024 ut
822 2959 940 3024 tibi
974 2959 1200 3025 litteris
1245 2960 1616 3044 obstrepere
1667 2980 1797 3024 non
1850 2958 2183 3025 auderem:

91 3108 96 3115 .
168 3068 304 3115 nune
332 3052 483 3117 mihi
518 3051 806 3135 Quintus
849 3052 1047 3119 frater
1080 3044 1261 3119 me‘us
1292 3052 1700 3118 mitissimam
1736 3064 1915 3117 tuam
1950 3053 2183 3138 oratio-

60 3212 61 3217 *
167 3162 303 3220 nem,
332 3167 524 3230 quam
547 3148 618 3211 in
643 3156 872 3213 senatu
905 3147 1261 3225 habuisses,
1295 3147 1686 3233 perscripsit,
1720 3169 1851 3231 qua
1884 3148 2184 3214 inductus

60 3240 63 3256 ’
169 3236 234 3299 ad
268 3248 325 3303 te
364 3242 642 3307 scribere
685 3263 832 3306 sum
865 3253 1131 3308 conatus
1167 3253 1232 3308 et
1265 3241 1382 3307 abs
1417 3251 1511 3317 te,
1565 3250 1879 3325 quantum
1915 3252 2027 3306 tua
2059 3242 2185 3307 fert

60 3420 61 3423 Ἴ
169 3330 449 3413 voluntas,
491 3346 644 3422 peto
687 3356 1084 3421 quaesoque,
1129 3348 1200 3402 ut
1245 3347 1391 3401 tuos
1432 3355 1689 3401 mecum
1723 3356 1939 3401 serves
1970 3335 2182 3421 potius

170 3442 328 3505 quam
356 3441 616 3515 propter
649 3431 1064 3517 adrogantem
1091 3430 1532 3497 crudelitatem
1558 3440 1815 3495 tuorum
1847 3450 1953 3495 me
1980 3449 2185 3515 oppu-

171 3538 316 3600 gnes.
394 3534 496 3603 tu,
531 3535 676 3590 tuas
709 3525 1073 3591 inimicitias
1107 3537 1181 3591 ut
1215 3526 1310 3591 rei
1345 3524 1642 3611 publicae
1678 3524 2083 3602 condonares,
2120 3535 2185 3590 te
2263 3565 2269 3573 ·

171 3611 369 3694 vicisti,
409 3618 648 3685 alienas
682 3630 756 3685 ut
791 3631 1013 3686 contra
1045 3642 1182 3688 rem
1215 3620 1542 3705 publicam
1576 3619 1938 3696 confirmes,
1985 3618 2188 3685 addu-

174 3707 340 3775 ceris?
382 3714 553 3796 quod
585 3715 640 3780 si
672 3714 832 3779 mihi
867 3725 980 3781 tua
1013 3714 1351 3783 clementia
1385 3737 1577 3802 opem
1610 3715 1852 3793 tuleris,
1888 3711 2185 3779 omnibus

174 3797 226 3861 in
252 3803 427 3871 rebus
461 3829 566 3875 me
599 3808 789 3876 fore
770 3834 838 3875 ιιι
872 3821 987 3876 tua
1019 3820 1335 3897 potestate
1369 3809 1490 3875 tibi
1524 3811 1860 3885 confirm03
1896 3808 1996 3873 sin
2028 3806 2187 3873 mihi

176 3913 349 3979 neque
378 3901 786 3988 magistratus
829 3926 1038 3988 neque
1075 3916 1370 3971 senatum
1416 3924 1627 3987 neque
1660 3903 1970 3989 populum
2004 3902 2188 3967 auxi-

177 3984 292 4053 liari
327 4007 575 4083 propter
616 4022 759 4066 eam
812 4002 972 4079 vim,
1026 4023 1191 4086 quae
1235 4021 1339 4069 me
1385 4020 1533 4065 cum
1585 4020 1655 4065 re
1706 3998 1965 4084 publica
2015 3997 2187 4075 vicit,
