2675 4559
418 213 550 301 262
1039 222 1114 277 M.
1154 220 1430 278 TULLII
1465 218 1870 276 CICERONIS

412 351 639 440 pulum
672 349 1041 414 Romanum
1078 344 1293 410 omnia
1330 367 1370 410 a
1415 357 1478 410 te
1513 355 1884 430 exspectare
1919 353 2113 426 atque
2155 343 2229 408 in
2265 353 2334 408 te
2373 345 2484 409 ali·-

413 443 670 530 quando
704 439 1181 526 recuperandae
1218 438 1528 505 libertatis
1565 460 1824 504 omnem
1857 458 2038 522 spem
2071 458 2338 522 ponere.
2395 448 2486 514 tu,

328 578 373 597 x
412 540 467 606 si
512 537 647 604 dies
690 537 1028 620 noctisque
1074 533 1470 608 memineris,
1514 532 1689 616 quod
1735 545 1802 598 te
1847 531 2062 598 facere
2113 542 2292 598 certo
2331 532 2490 610 scio,

410 643 718 717 quantam
752 653 891 697 rem
924 629 1229 716 gesseris,
1274 651 1406 694 non
1441 627 1816 693 obliviscere
1851 625 2162 712 profecto,
2197 637 2486 710 quantae

410 727 529 792 tibi
572 727 768 792 etiam
811 747 985 790 nunc
1029 722 1350 810 gerendae
1396 722 1552 786 sint:
1599 721 1654 786 si
1699 721 1870 787 enim
1911 719 2034 788 iste
2077 721 2488 806 provinciam

410 833 637 886 nactus
690 819 841 897 erit,
904 819 1007 884 cui
1060 817 1323 902 quidem
1375 839 1498 902 ego
1555 837 1805 900 semper
1857 815 2103 880 amicus
2156 814 2255 880 fui
2311 827 2490 892 ante,

412 937 608 1002 quam
640 913 827 978 illum
860 912 1146 980 intellexi
1180 934 1311 976 non
1338 910 1532 976 modo
1557 926 1798 996 aperte,
1833 909 1950 975 sed
1977 909 2169 975 etiam
2205 908 2492 976 libenter

412 1031 561 1076 cum
612 1030 681 1073 re
736 1006 998 1094 publica
1044 1005 1285 1072 bellum
1326 1025 1580 1091 gerere,
1633 1026 1814 1089 spem
1867 1003 2182 1086 reliquam
2235 1004 2490 1068 nullam

350 1125 375 1165 ³
412 1102 601 1169 video
636 1101 881 1168 salutis.
972 1123 1166 1185 quam
1205 1100 1289 1164 ob
1336 1123 1474 1166 rem
1519 1110 1582 1164 te
1619 1099 1884 1164 obsecro
1918 1098 2123 1164 isdem
2157 1098 2490 1184 precibus,

409 1196 644 1280 quibus
690 1206 947 1282 senatus
992 1193 1400 1279 populusque
1443 1191 1806 1274 Romanus,
1857 1203 1932 1256 ut
1983 1193 2052 1256 in
2095 1204 2493 1278 perpetuum

409 1313 543 1355 rem
589 1289 913 1375 publicam
960 1286 1289 1352 dominatu
1324 1285 1506 1371 regio
1541 1284 1803 1364 liberes,
1849 1297 1922 1350 ut
1957 1285 2288 1372 principiis
2327 1309 2492 1354 con·

410 1383 683 1448 sentiant
718 1383 945 1447 exitus.
1036 1392 1220 1446 tuum
1256 1391 1355 1445 est
1387 1379 1510 1444 hoc
1555 1401 1822 1457 munus,
1865 1391 2012 1445 tuae
2049 1391 2294 1466 partes;
2347 1405 2390 1446 a
2423 1393 2492 1447 te

408 1478 529 1542 hoc
566 1475 788 1541 civitas
832 1477 935 1540 vel
980 1495 1202 1540 omnes
1246 1473 1463 1560 potius
1517 1485 1743 1560 gentes
1787 1495 1917 1538 non
1961 1485 2335 1560 exspectant
2383 1498 2496 1541 so-

406 1571 572 1648 lum,
628 1569 743 1636 sed
796 1569 990 1636 etiam
1035 1569 1395 1655 postulant:
1449 1589 1873 1653 quamquam,
1927 1589 2072 1634 cum
2119 1567 2492 1635 hortatione

408 1686 537 1730 non
574 1687 793 1752 egeas,
825 1676 898 1730 ut
932 1686 1131 1750 supra
1166 1663 1412 1750 scripsi,
1447 1685 1578 1728 non
1612 1674 1760 1728 utar
1795 1685 1873 1728 ea
1905 1662 2198 1749 pluribus
2233 1664 2490 1742 verbis3

408 1759 643 1825 faciam
678 1757 867 1836 illud,
915 1758 1091 1846 quod
1127 1780 1346 1824 meum
1383 1768 1508 1834 est,
1553 1768 1626 1822 ut
1661 1757 1780 1821 tibi
1815 1755 2030 1822 omnia
2061 1777 2208 1824 mea
2245 1757 2490 1835 officia,

410 1851 649 1931 studia,
696 1874 883 1918 curas
896 1899 916 1930 ,
962 1851 1379 1938 cogitationes
1427 1851 1756 1937 pollicear,
1803 1872 1970 1935 quae
2005 1850 2088 1916 ad
2130 1861 2312 1916 tuam
2348 1853 2495 1918 lau-

411 1945 557 2013 dem
595 1958 659 2013 et
692 1947 965 2033 gloriam
998 1947 1428 2032 pertinebunt.
1491 1967 1690 2030 quam
1725 1945 1808 2010 ob
1843 1967 1980 2012 rem
2013 1945 2206 2011 velim
2242 1946 2362 2012 tibi
2397 1947 2494 2012 ita

408 2041 797 2126 persuadeas
811 2087 833 2151 ⁹.
875 2063 981 2107 me
1024 2063 1172 2106 cum
1207 2040 1300 2108 rei
1346 2039 1643 2126 publicae
1681 2061 1903 2118 causa,
1949 2061 2114 2124 quae
2157 2039 2318 2106 mihi
2353 2041 2490 2106 vita

409 2158 554 2199 mea
584 2147 679 2198 est
706 2135 931 2211 carior,
968 2146 1106 2200 tum
1132 2135 1307 2219 quod
1344 2134 1517 2199 tibi
1498 2134 1623 2220 ipsi
1657 2133 1912 2200 faveam
1940 2147 2246 2219 tuamque
2277 2135 2490 2220 digni-

407 2240 605 2294 tatem
633 2227 1006 2316 amplificari
1031 2229 1245 2306 velim,
1271 2228 1397 2294 tuis
1441 2227 1698 2316 optimis
1727 2227 2026 2304 consiliis,
2055 2228 2490 2316 amplitudini,

410 2321 651 2408 gloriae
687 2322 861 2386 nullo
896 2323 1041 2388 loco
1076 2321 1468 2387 defuturum.

1389 2557 1490 2612 VI.

822 2659 942 2717 Ser.
962 2659 1174 2716 Romae
1192 2676 1384 2715 mense
1401 2658 1705 2716 Decembri
1727 2678 1777 2716 a.
1797 2677 1854 2714 u.
1873 2623 1931 2716 c..
1945 2659 2062 2715 710.

589 2763 667 2818 M.
704 2759 985 2820 CICERO
1020 2762 1077 2818 S.
1112 2761 1187 2817 D.
1226 2761 1300 2818 D.
1337 2761 1604 2822 BRUTO
1640 2763 1798 2818 [MP.
1837 2761 1995 2822 008.
2033 2763 2295 2821 DESIG.

349 2911 370 2950 1
538 2885 771 2970 Lupus
804 2897 1020 2952 noster
1055 2907 1202 2952 cum
1230 2886 1508 2953 Romam
1537 2897 1719 2952 sexto
1750 2886 1852 2952 die
1878 2885 2139 2952 Mutina
2175 2887 2480 2966 venisset,

406 2977 711 3064 postridie
755 3002 861 3046 me
904 3003 1092 3045 mane
1130 2981 1458 3059 convenit,
1505 2991 1618 3046 tua
1659 2979 1819 3046 mihi
1853 2981 2157 3047 mandata
2204 2981 2478 3068 diligen-

408 3072 648 3140 tissime
702 3075 997 3161 exposuit
1050 3086 1114 3141 et
1166 3076 1412 3144 litteras
1462 3075 1758 3142 reddidit.
1865 3076 2039 3161 quod
2087 3075 2250 3142 mihi
2297 3089 2476 3146 tuam

407 3166 785 3254 dignitatem
818 3170 1261 3248 commendas,
1299 3171 1526 3238 eodem
1561 3183 1848 3258 tempore
1886 3171 2180 3238 existimo
2216 3182 2281 3238 te
2319 3172 2473 3238 mihi

404 3284 615 3329 meam
665 3261 1101 3352 [dignitatem]
1151 3266 1598 3332 commendare
1611 3314 1629 3345 ,
1683 3285 1880 3350 quam
1927 3263 2294 3334 mehercule
2345 3289 2472 3334 non

404 3357 611 3424 habeo
646 3369 759 3424 tua
794 3360 1131 3426 cariorem:
1179 3381 1311 3444 qua
1355 3383 1425 3426 re
1459 3359 1614 3424 mihi
1659 3358 2098 3446 gratissimum
2133 3359 2371 3440 facies,
2421 3362 2472 3426 si

404 3451 809 3537 exploratum
852 3452 1119 3519 habebis
1167 3454 1293 3519 tuis
1338 3453 1638 3520 laudibus
1683 3454 1863 3521 nullo
1909 3455 2054 3521 loco
2099 3476 2222 3522 nec
2267 3457 2476 3522 consi-

342 3569 367 3610 2
402 3545 563 3610 lium
613 3569 733 3612 nec
788 3548 1072 3612 studium
1122 3570 1342 3614 meum
1394 3546 1785 3614 defuturum.
1883 3571 2034 3616 cum
2087 3549 2334 3617 tribuni
2385 3551 2471 3637 pl.

404 3639 772 3719 edixissent,
809 3653 1068 3708 senatus
1104 3641 1356 3709 adesset
1391 3665 1449 3708 a.
1489 3643 1550 3708 d.
1585 3666 1716 3708 xm.
1747 3643 1900 3708 Kal.
1929 3643 2092 3722 Ian„
2128 3642 2476 3712 haberent-

402 3757 528 3818 que
554 3735 622 3800 in
648 3735 860 3802 animo
888 3734 969 3802 de
996 3737 1313 3823 praesidio
1334 3737 1674 3804 consulum
1699 3737 2180 3824 designatorum
2205 3739 2473 3816 referre,

400 3851 792 3914 quamquam
848 3841 1199 3898 statueram
1260 3832 1329 3898 in
1385 3841 1677 3900 senatum
1731 3843 1880 3897 ante
1931 3831 2086 3896 Kal.
2139 3832 2282 3898 Ian.
2339 3855 2471 3898 non

400 3925 639 4001 venire,
675 3937 891 3992 tamen
930 3950 1075 3992 cum
1114 3951 1191 3994 eo
1221 3929 1323 3994 die
1359 3929 1501 4016 ipso
1531 3928 1810 3995 edictum
1847 3939 2031 3994 tuum
2065 3927 2468 4014 propositum

351 4045 353 4048 >
405 4032 601 4096 esset,
637 4021 818 4086 nefas
856 4045 997 4090 esse
1034 4022 1189 4090 duxi
1226 4037 1337 4091 aut
1374 4024 1463 4117 ita
1498 4024 1720 4090 haberi
1757 4035 2078 4102 senatum,
2115 4033 2188 4089 ut
2223 4025 2304 4090 de
2339 4022 2468 4088 tuis
