2675 4559
709 251 1265 312 EPISTOLARUM
1298 255 1464 312 xm.
1499 258 1730 314 40—44.
2129 245 2256 311 341

198 375 699 444 cumulatissime
743 388 807 443 et
848 377 1289 446 liberalissime
1330 381 1852 464 procuratoribus
1891 381 2025 446 suis
2069 382 2257 468 polli-

198 471 396 538 citum
444 493 619 538 esse:
673 493 821 539 cum
872 472 1075 538 oratio
1128 484 1241 538 tua
1282 483 1414 538 tam
1461 474 1520 540 ei
1563 485 1750 560 grata
1791 475 2014 554 fuerit,
2061 497 2256 561 quam

192 578 451 654 gratam
484 587 623 632 rem
666 566 874 652 ipsam
916 567 1243 632 existimas
1278 567 1416 636 sore
1429 616 1448 645 ,
1493 591 1671 646 cum,
1715 581 1792 634 ut
1827 591 2042 657 spero,
2087 591 2256 655 quae

194 661 516 748 pollicitus
550 683 649 738 ee,
686 660 948 726 feceris!
1002 661 1260 727 omnino
1295 663 1716 728 ostenderunt
1749 665 2080 730 Bulliones
2117 687 2256 731 sese

195 755 484 822 Lucceio
519 753 817 840 Pompeii
852 755 1163 822 arbitratu
1200 758 1352 828 satis
1387 757 1689 824 facturos.
1761 759 1878 824 sed
1913 759 2258 825 vehemen-
2289 783 2314 844 s

194 862 292 916 ter
328 871 493 936 opus
537 860 639 915 est
675 849 863 914 nobis
899 859 965 915 et
1008 851 1402 916 voluntatem
1438 863 1503 917 et
1547 853 1988 918 auctoritatem
2033 863 2098 919 et
2137 853 2258 922 im-

192 944 449 1030 perium
492 955 675 1008 tuum
718 943 1022 1011 accedere
1034 966 1052 1022 ;
1106 945 1281 1028 quod
1325 956 1400 1010 ut
1440 945 1670 1024 facias,
1723 957 1787 1012 te
1831 947 2024 1012 etiam
2065 957 2258 1032 atque

192 1039 394 1104 etiam
445 1058 623 1124 rog0.
728 1038 1013 1124 illudque
1065 1039 1221 1104 mihi
1271 1040 1708 1126 gratissimum
1761 1051 1884 1118 est,
1939 1041 2113 1124 quod
2167 1040 2258 1105 ita

190 1132 410 1198 sciunt
444 1130 713 1198 Lucceii
746 1144 1189 1218 procuratores
1226 1144 1290 1198 et
1321 1133 1414 1199 ita
1439 1134 1764 1200 Lucceius
1799 1135 1937 1220 ipse
1974 1157 2055 1200 ex
2089 1134 2257 1200 litte-

190 1227 281 1291 ris
322 1225 479 1303 tuiS,
524 1247 684 1310 quas
721 1226 805 1292 ad
842 1250 989 1292 eum
1023 1227 1278 1304 misisti,
1322 1228 1662 1306 intellexit,
1707 1228 1982 1294 hominis
2017 1229 2255 1293 nullius

192 1320 375 1406 apud
400 1329 465 1386 te
485 1320 928 1387 auctoritatem
956 1331 1067 1386 aut
1090 1323 1366 1407 gratiam
1391 1325 1604 1390 valere
1631 1323 1776 1409 plus
1795 1343 1999 1406 quam·
2017 1335 2256 1388 meam:

189 1415 259 1478 id
296 1424 375 1478 ut
406 1435 478 1480 re
512 1415 896 1501 experiatur,
928 1416 1161 1482 iterum
1200 1428 1263 1482 et
1298 1417 1552 1502 saepius
1589 1428 1653 1482 te
1688 1438 1864 1503 rogo.

1112 1567 1332 1622 XLHI.

868 1667 985 1725 Scr.
1004 1669 1220 1724 Romae
1240 1679 1291 1724 a'.
1312 1687 1367 1724 u.
1390 1686 1438 1724 c.
1459 1670 1578 1724 699.

805 1771 883 1826 M.
920 1771 1194 1828 CICERO
1232 1771 1299 1836 Q.
1338 1770 1652 1828 GALLIO.

321 1885 473 1950 Etsi
516 1886 805 1972 plurimis
851 1887 1043 1952 rebus
1090 1905 1275 1972 spero
1318 1886 1460 1952 fore
1504 1898 1577 1951 ut
1620 1882 2000 1972 perspiciam
2013 1933 2032 1963 ‚
2085 1884 2259 1968 quod
2295 1914 2318 1951 1

188 1992 413 2046 tamen
455 1980 586 2046 iam
630 1981 879 2067 pridem
921 1981 1269 2068 perspicit),
1322 2004 1428 2047 me
1463 1999 1503 2046 a
1537 1991 1602 2047 te
1645 1982 1877 2071 amari,
1931 1992 2147 2046 tamen
2183 2003 2262 2046 ea

188 2097 391 2140 causa
420 2074 547 2138 tibi
582 2075 791 2153 datur,
826 2072 893 2140 in
922 2097 1052 2160 qua
1077 2075 1267 2140 facile
1294 2075 1620 2141 declarare
1655 2075 1860 2161 possis
1898 2085 2076 2140 tuam
2105 2095 2260 2162 erga

188 2192 297 2234 me
344 2169 885 2236 benevolentiam=
929 2169 1013 2235 L.
1048 2167 1309 2256 Oppius
1345 2169 1444 2234 Μ.
1475 2169 1527 2234 f.
1564 2169 1931 2237 Philomelii
1971 2169 2262 2256 negotia-

188 2277 331 2342 tur,
384 2264 581 2330 homo
633 2263 792 2330 mihi
842 2265 1201 2343 familiar-im
1268 2289 1416 2332 eum
1470 2266 1589 2332 tibi
1641 2264 1829 2346 unice
1882 2264 2260 2330 commendo

186 2380 405 2444 eoque
441 2359 679 2445 magis,
716 2359 892 2443 quod
928 2381 1077 2434 cum
1110 2361 1325 2448 ipsum
1364 2359 1582 2448 diligo,
1620 2360 1968 2445 tumquod
2002 2358 2262 2445 negotia

187 2467 498 2542 procurat
542 2456 625 2520 L.
661 2456 923 2542 Egnatii
958 2455 1139 2534 Rufi,
1194 2479 1323 2542 quo
1373 2478 1494 2543 ego
1539 2477 1668 2524 uno
1713 2456 1929 2540 equite
1965 2455 2260 2522 Romano

187 2549 688 2617 familiarissime
742 2562 888 2616 utor
938 2563 1003 2616 et
1054 2551 1164 2636 qui
1220 2576 1354 2616 cum
1407 2551 1866 2618 consuetudine
1922 2549 2259 2625 cotidiana,

186 2656 335 2710 tum
386 2643 615 2710 officiis
676 2645 965 2729 plurimis
1016 2645 1442 2730 maximisque
1503 2647 1660 2711 mihi
1714 2645 2088 2712 coniunctus
2142 2653 2258 2708 est.

188 2738 493 2826 Oppium
509 2738 705 2825 igitur
731 2752 1130 2825 praesentem
1158 2751 1233 2805 ut
1252 2741 1511 2827 diligas,
1527 2740 1790 2826 Egnatii
1811 2739 2096 2805 absentis
2123 2760 2260 2810 rem
2296 2763 2320 2801 2

188 2847 263 2898 ut
318 2845 572 2911 tueare,
625 2854 831 2918 aeque
872 2857 913 2898 a
957 2845 1020 2902 te
1064 2845 1243 2921 pet0,
1298 2857 1376 2900 ac
1419 2836 1473 2900 si
1523 2857 1668 2900 mea
1714 2834 1975 2922 negotia
2027 2842 2258 2898 essent.

190 2928 391 2994 velim
428 2929 772 2994 memoriae
816 2939 966 2996 tuae
1003 2950 1198 2994 causa
1232 2928 1348 2995 des
1381 2929 1737 2994 litterarum
1773 2928 2046 3014 aliquid,
2095 2950 2260 3012 quae

192 3021 315 3087 tibi
349 3019 417 3087 in
460 3023 789 3108 provincia
820 3023 1203 3100 reddantur,
1260 3024 1376 3090 sed
1409 3023 1500 3089 ita
1536 3023 1930 3098 conscribaS,
1985 3033 2058 3087 ut
2101 3033 2259 3098 tum,

194 3140 347 3182 cum
384 3139 497 3184 eas
538 3120 745 3205 leges,
792 3119 981 3185 facile
1016 3118 1339 3185 recordari
1383 3119 1590 3205 possis
1635 3118 1826 3183 huius
1869 3139 2054 3183 meae
2090 3139 2262 3182 com·

194 3214 625 3280 mendationis
662 3215 1085 3302 diligentiam:
1133 3216 1255 3280 hoc
1291 3226 1356 3282 te
1391 3215 1804 3282 vehementer
1837 3213 2032 3280 etiam
2069 3222 2263 3296 atque

193 3309 394 3376 etiam
429 3331 611 3396 rog0.

1128 3461 1339 3517 XLIV.
1507 3542 1511 3546 .

882 3562 999 3619 Ser.
1019 3563 1232 3620 Romae
1253 3579 1305 3618 a.
1324 3579 1381 3617 u.
1401 3569 1448 3617 c.
1469 3562 1588 3616 699.

831 3665 1105 3722 CICERO
1140 3662 1438 3721 GALLIO
1477 3662 1642 3720 SAL.

329 3781 478 3849 Etsi
514 3804 597 3848 ex
632 3781 755 3847 tuis
784 3793 857 3848 et¹
877 3804 957 3848 ex
982 3782 1065 3847 L.
1087 3779 1309 3867 Oppii,
1348 3777 1824 3846 familiarissimi
1857 3781 2006 3855 mei,
2040 3776 2266 3842 litteris

202 3877 481 3964 cognovi
511 3887 581 3943 te
614 3895 965 3944 memorem
1000 3871 1572 3942 commendationis
1606 3895 1790 3940 meae
1833 3872 2034 3939 fuisse
2071 3870 2263 3956 idque
2369 3907 2374 3910 ·

202 3991 319 4057 pro
354 3983 471 4038 tua
512 3992 767 4037 summa
801 3993 956 4058 erga
988 3993 1093 4036 me
1136 3970 1584 4036 benevolentia
1623 3989 1868 4056 proque
1903 3978 2121 4034 nostra
2154 3989 2268 4033 ne-

204 4067 591 4134 cessitudine
635 4067 895 4134 mininie
940 4090 1083 4132 sum
1127 4065 1508 4146 admiratae,
1563 4076 1778 4132 tamen
1829 4064 2024 4132 etiam
2075 4073 2269 4148 atque
