2675 4559
697 275 1257 336 EPISTOLARUM
1291 278 1458 334 XIII.
1495 279 1700 335 9-11.
2105 268 2231 334 321

167 421 444 484 maeque
505 397 875 466 industriae.
980 408 1191 486 neque
1252 424 1377 490 ego
1437 401 1600 470 haec
1634 403 1945 490 'polliceri
2009 406 2233 482 debeo,
2270 426 2298 462 4

170 517 335 581 quae
372 492 493 560 tibi
525 493 683 580 ipsi,
731 517 879 561 cum
924 494 1088 562 bene
1135 496 1460 584 cognoris,
1505 496 1851 564 iudicanda
1897 514 2073 578 sunm
2121 502 2233 566 sed

168 601 388 655 tamen
419 586 492 653 in
526 587 824 653 omnibus
866 589 1051 655 novis
1085 588 1646 657 coniunctionibus
1679 590 1969 670 interest,
2025 594 2233 678 qualis

167 684 416 770 primus
453 681 664 747 aditus
701 682 781 746 sit
818 693 882 748 et
924 703 1054 767 qua
1090 685 1640 751 commendatione
1687 686 1873 770 quasi
1917 686 2233 754 amicitiae

166 778 340 843 fores
378 776 775 863 aperiantur3
812 777 989 861 quod
1023 799 1145 864 ego
1181 777 1278 842 his
1315 778 1544 844 litteris
1582 778 1836 846 efficere
1873 782 2073 858 volui,
2113 782 2230 846 etsi

166 871 235 937 id
267 871 414 957 ipsa
446 892 566 956 per
592 892 661 935 se
685 871 1089 937 necessitudo
1116 882 1498 956 quaesturae
1535 871 1824 939 effecisse
1862 874 2081 954 debet3
2117 878 2231 942 sed

167 978 387 1030 tamen
420 962 622 1029 nihilo
656 964 968 1030 infirmius
1010 965 1172 1033 illud
1212 967 1339 1032 hoc
1371 965 1612 1035 addito.
1704 988 1860 1032 cura
1901 969 2125 1054 igitur,
2181 970 2233 1030 si

166 1080 270 1125 me
306 1057 475 1124 tanti
518 1056 709 1135 facis,
751 1058 980 1142 quanti
1015 1070 1080 1126 et
1113 1058 1323 1126 Varro
1371 1060 1692 1137 existimat
1727 1072 1791 1126 et
1831 1060 1969 1146 ipse
2009 1062 2229 1138 sentio,

163 1167 237 1220 ut
284 1174 487 1237 quam
528 1153 807 1239 primum
850 1153 1223 1242 intellegam
1270 1156 1437 1221 hanc
1480 1178 1694 1222 meam
1738 1158 2233 1222 commendatio-

164 1271 316 1315 nem
352 1257 604 1313 tantum
648 1245 741 1311 illi
784 1246 1073 1313 utilitatis
1112 1249 1434 1328 attulisse,
1469 1258 1783 1334 quantum
1820 1262 1881 1316 et
1917 1250 2053 1334 ipse
2089 1274 2233 1338 spe-

165 1340 319 1406 rarit
353 1362 480 1409 nec
516 1361 640 1426 ego
676 1340 1041 1406 dubitarim.

1150 1489 1257 1546 XI.

842 1593 961 1652 Scr.
982 1594 1197 1649 Romae
1218 1610 1268 1648 a.
1287 1610 1344 1648 u.
1365 1611 1412 1650 c.
1435 1593 1558 1649 708.

806 1694 1082 1753 CICERO
1117 1694 1383 1754 BRUTO
1421 1695 1588 1785 SAL.

292 1809 478 1892 Quia
512 1831 765 1898 semper
799 1810 1219 1876 animadverti
1255 1809 1537 1896 studiose
1573 1821 1637 1875 te
1664 1831 1925 1898 operam
1957 1810 2013 1874 d
2001 1834 2125 1886 ,1-,1113
2161 1825 2225 1874 ut
2270 1838 2290 1874 1

159 1928 239 1970 ne
278 1904 442 1990 quid
469 1926 757 1981 meorum
785 1905 902 1970 tibi
933 1916 1100 1970 esset
1131 1887 1447 1990 ignotum,
1484 1891 1822 1991 propterea
1849 1926 1977 1968 non
2009 1906 2229 1970 dubito

160 1999 319 2083 quin
369 1999 564 2076 scias,
619 2020 749 2064 non
797 1999 1005 2065 solum
1051 1997 1233 2063 cuius
1278 1999 1608 2090 municipii
1655 1999 1805 2076 sim,
1859 2002 1973 2062 εει-1
2021 2000 2101 2062 eti
2109 2022 2229 2074 am,

160 2115 362 2176 quam
399 2091 739 2178 diligenter
773 2090 1011 2158 soleam
1040 2113 1217 2157 meos
1244 2093 1599 2179 municipes
1623 2090 2009 2179 [Arpinatis]
2038 2094 2225 2158 tueri:

160 2207 440 2271 quorum
493 2185 753 2276 quidem
806 2185 1020 2251 omnia
1073 2186 1411 2274 commoda
1466 2202 1818 2270 omnesque
1869 2186 2089 2250 fae-ult·
2077 2202 2229 2262 sites,

160 2280 401 2364 quibus
438 2286 503 2344 et
538 2302 719 2345 sacra
754 2280 1064 2346 conficere
1102 2292 1165 2346 et
1202 2270 1376 2346 sarta
1414 2291 1584 2346 tecta
1613 2280 1864 2346 aedium
1905 2306 2045 2346 sam
2049 2306 2229 2342 ¹uum

156 2375 580 2458 locorumque
627 2374 1059 2439 communium
1104 2375 1269 2440 tueri
1313 2374 1593 2461 possint,
1640 2375 1997 2442 consistunt
2037 2374 2105 2438 in
2153 2378 2229 2438 iis

157 2469 618 2556 vectigalibus,
671 2491 839 2553 quae
892 2469 1131 2536 habent
1184 2471 1251 2534 in
1301 2471 1635 2556 provincia
1689 2468 1929 2537 Gallia.
2017 2470 2101 2534 ad
2157 2494 2233 2534 aa

157 2563 435 2628 visenda
469 2563 923 2648 pecuniasque,
960 2584 1125 2647 quae
1161 2587 1201 2628 a
1236 2563 1478 2629 colonis
1508 2564 1843 2640 debentur,
1881 2566 2229 2650 exigendas

157 2669 495 2742 totamque
529 2680 665 2736 rem
703 2669 767 2723 et
802 2657 1314 2744 cognoscendam
1352 2668 1416 2723 et
1451 2658 2021 2723 administrandam
2053 2658 2233 2742 lega-

156 2766 261 2818 tos
322 2752 571 2836 equites
615 2752 941 2817 Romanos
1000 2752 1321 2830 misimus,
1379 2751 1463 2834 Q.
1499 2751 1830 2817 Fufidium
1877 2750 1961 2834 Q.
2001 2750 2077 2826 fl,
2129 2750 2229 2814 M.

157 2846 486 2912 Faucium
518 2846 617 2911 M.
654 2846 723 2924 f.,
762 2844 847 2929 Q.
884 2844 1289 2913 Mamercum
1326 2845 1411 2930 Q.
1448 2845 1495 2910 f.
1568 2852 1719 2932 peto
1755 2869 1795 2910 a
1827 2855 1889 2910 te
1926 2846 1993 2910 in
2029 2846 2229 2910 11111ἱο-
2265 2870 2290 2906 2

158 2964 302 3007 rem
336 2941 602 3005 modum
636 2962 753 3026 pro
780 2953 1000 3007 nostra
1026 2941 1517 3018 necessitudine,
1554 2951 1626 3004 ut
1660 2939 1779 3005 tibi
1806 2961 1881 3006 ea
1909 2962 2009 3006 res
2041 2962 2229 3006 curae

162 3037 247 3101 sit
284 3056 675 3121 operamque
710 3035 855 3113 des,
899 3047 972 3100 ut
1005 3059 1123 3122 per
1156 3046 1219 3101 te
1257 3056 1452 3119 quam
1488 3033 1997 3100 commodissime
2034 3058 2233 3118 nego-

162 3131 332 3196 tium
364 3128 697 3216 municipii
743 3124 1220 3195 administretur
1263 3150 1462 3212 quam
1495 3128 1901 3215 primumque
1937 3130 2233 3194 conficia-

161 3235 294 3300 tur,
329 3224 662 3309 ipsosque,
699 3245 972 3308 quorum
1006 3223 1268 3289 nomina
1304 3223 1557 3308 scripsi,
1593 3232 1666 3285 ut
1700 3243 1895 3305 quam
1929 3222 2233 3286 honorifi-

159 3317 531 3384 centissime
572 3339 689 3404 pro
721 3329 838 3383 tua
876 3327 1109 3385 natura
1144 3329 1209 3384 et
1252 3339 1449 3402 quam
1491 3315 1929 3383 liberalissime
1973 3326 2229 3378 tractes.

162 3412 374 3478 bonos
410 3413 581 3479 viros
627 3413 713 3483 ad
754 3424 934 3479 tuam
973 3414 1517 3481 necessitudinem
1562 3410 1929 3481 adiunxeris
1961 3410 2229 3474 munici—
2265 3434 2290 3474 3

164 3508 478 3593 piumque
512 3508 951 3595 gratissimum
985 3508 1297 3576 beneficio
1332 3519 1457 3574 tuo,
1474 3507 1859 3583 devinxeris,
1893 3506 2049 3570 mihi
2077 3526 2229 3570 veru

167 3602 365 3668 etiam
400 3604 645 3689 gratius
680 3603 941 3682 fecer-is,
987 3602 1161 3689 quod
1198 3625 1349 3669 cum
1384 3623 1637 3689 semper
1671 3600 1836 3666 tueri
1878 3598 2231 3682 municipes

168 3719 349 3765 meos
386 3699 713 3775 consuevi,
748 3710 887 3764 tum
920 3697 1027 3764 hic
1051 3719 1257 3764 annus
1290 3696 1639 3782 praecipue
1667 3694 1752 3761 ad
1776 3716 1985 3760 meam
2013 3714 2233 3758 euram

172 3793 591 3879 officiumque
632 3793 941 3880 pertinet:
981 3816 1145 3859 nam
1191 3790 1620 3857 constituendi
1663 3789 1993 3874 municipii
2041 3810 2233 3852 eausa

171 3888 297 3954 hoc
327 3911 503 3954 anno
538 3889 812 3955 aedilem
846 3887 1051 3954 filium
1084 3894 1301 3952 meum
1323 3885 1466 3952 fieri
1485 3885 1666 3950 volui
1699 3895 1764 3951 et
1791 3882 2005 3950 fratris
2033 3882 2233 3946 filium

170 3995 242 4049 et
267 3984 372 4051 M.
409 3981 754 4063 Caesium,
799 3983 1127 4058 hominem
1159 3979 1319 4049 mihi
1351 3978 1641 4046 maxime
1671 3978 2133 4054 necessarium3
2177 3974 2233 4042 is

161 4077 350 4145 enim
399 4078 815 4164 magistratus
869 4077 937 4142 in
988 4088 1206 4143 nostro
1268 4073 1614 4162 municipio
1667 4093 1789 4140 nec
1843 4074 2005 4138 alius
2065 4070 2237 4134 ullus

284 4179 499 4226 ciceronio
518 4180 597 4224 vol.
616 4178 689 4225 tx.
1791 4171 1859 4227 21
