2675 4559
473 260 606 329 482
1035 280 1042 287 '
1097 268 1167 337 Q.
1201 268 1477 327 TULLII
1512 268 1911 329 CICERONIS
2320 362 2327 369 .

472 392 590 465 tibi
623 394 922 483 obligasti
935 442 954 472 ‚
1003 392 1102 459 Μ.
1137 392 1493 471 Fundanii3
1548 392 1632 475 Q.
1670 390 1867 460 Gallii
1878 440 1899 471 ,
1947 389 2027 459 C.
2064 390 2354 471 Cornelii,
2400 390 2469 458 O.

475 491 796 559 Orchivii=
851 490 1080 553 horum
1135 488 1203 553 in
1255 488 1467 553 causis
1518 488 1603 551 ad
1652 498 1717 553 te
1778 484 2139 554 deferendis
2190 487 2334 571 quid
2378 487 2474 551 tibi

473 608 695 653 eorum
727 582 978 653 sodales
1023 581 1377 667 receperint
1418 591 1483 646 et
1536 580 1969 647 confirmarint
2019 581 2176 659 sci03
2224 602 2358 645 nam
2394 580 2477 645 in-
2546 626 2553 631 -

423 758 434 767 ·
473 678 682 745 terfui.
767 697 899 761 qua
939 696 1010 741 re
1051 674 1176 740 hoc
1219 673 1335 739 tibi
1378 672 1745 741 faciendum
1778 685 1903 752 est,
1957 674 2083 741 hoc
2124 685 2386 759 tempore
2420 684 2479 736 ut

473 774 556 839 ab
586 772 668 837 iis
703 770 878 856 quod
921 768 1158 835 debent
1203 768 1427 853 exigas
1462 790 1655 855 saepe
1688 768 2181 849 commonendo,
2213 764 2480 855 rogando,

473 862 935 940 confirmando,
981 861 1260 929 curando
1296 870 1371 925 ut
1402 860 1777 946 intellegant
1818 862 2068 927 nullum
2115 884 2183 927 se
2214 880 2482 945 umquam

475 960 648 1026 aliud
693 968 948 1044 tempus
993 956 1322 1023 habituros
1358 955 1731 1023 referendae
1764 955 2041 1042 gratiae:
2091 955 2365 1041 profecto
2391 952 2484 1016 ho-

473 1055 675 1122 mines
729 1063 794 1118 et
833 1074 960 1137 ‚spe
1009 1050 1402 1139 reliquorum
1462 1060 1719 1115 tuorum
1767 1049 2133 1115 officiorum
2182 1060 2245 1116 et
2300 1068 2485 1113 recen-

396 1173 447 1212 20
473 1148 646 1213 tibus
688 1146 1012 1214 beneficiis
1047 1144 1130 1209 ad
1175 1143 1459 1211 studium
1499 1143 1871 1211 navandum
1904 1144 2359 1211 excitabuntur.
2434 1152 2485 1204 et

474 1241 764 1318 omnino,
811 1238 1115 1324 quoniam
1149 1260 1228 1304 eo
1261 1260 1497 1325 genere
1530 1238 1953 1315 amicitiarum
1988 1238 2209 1325 petitio
2242 1248 2347 1302 tua
2375 1256 2487 1298 ma-

472 1336 644 1403 xime
675 1334 924 1413 munita
969 1345 1093 1409 est,
1145 1332 1320 1418 quod
1356 1356 1438 1401 ex
1474 1354 1813 1399 causarum
1847 1332 2319 1400 defensionibus
2361 1328 2484 1393 ade-

472 1440 626 1515 ptus·
655 1450 754 1503 ea,
797 1426 903 1491 fac
939 1436 1008 1492 ut
1042 1425 1234 1512 plane
1267 1426 1347 1491 iis
1383 1428 1709 1506 omnibus,
1754 1448 1915 1511 quos
1952 1428 2274 1495 devinctos
2314 1435 2481 1497 tenes,

473 1520 846 1607 discriptum
901 1542 977 1586 ac
1031 1520 1411 1607 dispositum
1472 1544 1663 1587 suum
1718 1522 1949 1607 cuique
2003 1543 2233 1587 munus
2282 1518 2357 1583 sit
2364 1542 2381 1594 3
2434 1526 2484 1580 et

473 1638 667 1702 quem
717 1615 800 1680 ad
851 1615 1112 1683 modum
1172 1616 1412 1681 nemini
1471 1615 1726 1682 illorum
1784 1616 2095 1682 molestus
2146 1614 2273 1680 ulla
2326 1612 2386 1676 in
2426 1631 2482 1673 re

361 1798 367 1803 ἢ
472 1732 782 1796 umquam
817 1710 1024 1788 fuisti,
1081 1711 1173 1776 sic
1207 1731 1391 1788 cura,
1445 1722 1519 1775 ut
1550 1710 1927 1803 intellegant
1962 1710 2178 1777 omnia
2210 1722 2298 1787 te,
2344 1724 2481 1789 quae

475 1807 558 1872 ab
601 1806 728 1871 illis
769 1804 890 1871 tibi
937 1804 1154 1871 deberi
1205 1804 1479 1889 putaris,
1532 1804 1616 1869 ad
1668 1804 1791 1869 hoo
1841 1816 2098 1891 tempus
2147 1819 2481 1869 reservasse.

397 1886 589 1995 ²fised
629 1900 944 1986 -quoniam
998 1900 1200 1964 tribus
1258 1898 1452 1965 rebus
1503 1899 1792 1966 homines
1855 1902 2139 1966 maxime
2187 1898 2267 1963 ad
2321 1896 2482 1961 bene·

475 1994 821 2061 volentiam
867 2004 1061 2079 atque
1103 1993 1264 2061 haec
1308 1992 1705 2079 suffragandi
1758 1994 1973 2059 studia
2018 1996 2348 2066 ducuntur,
2392 1987 2480 2049 be·

474 2088 729 2166 neficio,
785 2110 931 2174 spe,
985 2086 1391 2157 adiunctione
1446 2088 1640 2153 animi
1692 2108 1769 2153 ac
1821 2089 2180 2165 voluntate,
2238 2077 2481 2149 animad-

474 2182 850 2270 vertendum
895 2192 1021 2259 est,
1076 2203 1268 2268 quem
1311 2182 1396 2247 ad
1446 2182 1707 2248 modum
1752 2182 1985 2266 cuique
2028 2183 2251 2247 horum
2294 2170 2478 2263 generi

474 2276 556 2339 sit
611 2275 1109 2341 inserviendum.
1231 2274 1511 2343 minimis
1580 2276 1904 2341 benefieiis
1971 2275 2257 2342 homines
2310 2265 2478 2334 addu-

473 2377 730 2442 cuntur,
782 2377 856 2430 ιιι
905 2367 1062 2431 satis
1108 2388 1343 2433 causae
1386 2380 1614 2454 putent
1658 2392 1796 2436 esse
1840 2369 1926 2435 ad
1967 2368 2247 2435 studium
2286 2360 2474 2429 suffm·

470 2459 772 2547 gationi8‚
823 2459 1064 2525 nedum
1105 2458 1182 2537 ii,
1235 2461 1470 2544 quibus
1516 2463 1705 2530 saluti
1750 2462 1955 2541 fuisti,
2012 2484 2173 2549 quos
2215 2471 2282 2524 tu
2312 2452 2473 2520 habes

423 2564 428 2567 '
470 2554 805 2643 plurimos,
857 2575 989 2620 non
1023 2552 1427 2640 intellegant,
1478 2558 1533 2621 si
1579 2557 1702 2623 hoc
1744 2568 1855 2623 tuo
1900 2568 2191 2645 tempore
2222 2549 2335 2618 tibi
2370 2566 2472 2611 non

381 2706 387 2711 .
472 2650 626 2715 satis
669 2648 964 2726 fecerint,
1010 2670 1097 2724 se.
1122 2649 1427 2735 probatos
1470 2650 1709 2717 nemini
1754 2672 2064 2735 umquam
2106 2651 2256 2716 fore.
2334 2634 2473 2726 quod

473 2764 620 2809 cum
669 2744 762 2809 ita
813 2743 924 2821 sit,
977 2755 1194 2810 tamen
1239 2736 1517 2831 'rogandi
1564 2755 1711 2811 sunt
1756 2755 1949 2829 atque
1992 2748 2187 2811 etiam
2234 2742 2295 2806 in
2340 2737 2472 2800 hanc

471 2838 832 2922 opinionem
867 2836 1258 2916 adducendi,
1303 2848 1406 2916 nt,
1452 2838 1563 2921 qui
1608 2837 1819 2904 adhuc
1852 2839 2038 2905 nobis
2077 2831 2325 2922 obligati
2358 2828 2471 2931 fue:

393 2951 445 2990 ει
463 2932 594 2997 xint
611 2976 631 3006 ‚
696 2931 774 2994 iis
831 2930 1114 2997 vicissim
1172 2954 1291 2997 nos
1354 2932 1624 3018 obligari
1687 2954 1874 3020 posse
1938 2934 2280 3003 videamur·
2384 2940 2469 3003 <1¹¹1

307 3028 310 3031 ’
471 3033 686 3090 autem
721 3046 834 3109 spe
875 3034 1170 3093 tenentur
1183 3074 1203 3104 ,
1245 3026 1424 3110 quod
1467 3048 1673 3112 genus
1716 3027 2049 3093 hominum
2095 3025 2283 3111 multo
2314 3015 2469 3085 etiam

471 3128 568 3183 est
619 3117 984 3204 diligentius
1037 3130 1234 3203 atque
1286 3120 1660 3199 officiosius,
1712 3121 1790 3187 iis
1841 3122 1948 3188 fac
1998 3134 2073 3187 nt
2124 3112 2465 3210 propositum

470 3232 548 3275 ac
575 3214 890 3297 'paratum
941 3212 1252 3278 auxilium
1303 3226 1487 3279 tuum
1541 3236 1681 3281 esse
1732 3215 2052 3294 videatur,
2120 3212 2369 3294 denique
2410 3208 2469 3263 ut

387 3384 392 3389 g
472 3316 890 3391 spectatorem
933 3318 998 3373 te
1047 3304 1370 3395 [suorum]
1418 3308 1774 3376 officiorum
1818 3334 1959 3377 esse
2000 3311 2353 3393 intellegant
2392 3293 2466 3359 di·

469 3399 795 3484 ligentem,
831 3412 903 3465 ut
937 3401 1156 3468 videre
1191 3414 1256 3467 te
1289 3404 1481 3489 plane
1516 3415 1707 3488 atque
1742 3405 2268 3477 animadvertere,
2300 3411 2462 3481 quan’

391 3510 442 3549 23
471 3502 606 3557 tum
660 3516 701 3557 a
759 3513 1016 3578 quoque
1051 3496 1541 3581 proficiscatur,
1606 3498 1928 3584 adpareat.
2035 3498 2283 3564 tertium
2338 3478 2461 3591 illud

469 3608 674 3672 genus
720 3598 817 3653 est
861 3588 1216 3655 studiorum
1261 3592 1719 3669 voluntarium,
1766 3594 1941 3677 quod
1975 3591 2233 3681 agendis
2263 3577 2461 3672 grath&

470 3680 1042 3747 accommodandis.
1095 3686 1495 3751 sermonibus
1558 3686 1641 3749 ad
1710 3708 1817 3752 eas
1878 3688 2184 3765 rationes,
2248 3681 2465 3767 propter

467 3793 628 3856 quas
675 3774 947 3858 quisque
993 3777 1314 3844 studiosus
1356 3780 1455 3845 tui
1500 3802 1638 3845 esse
1692 3780 2041 3859 videbitur,
2094 3760 2459 3867 significanda

467 3888 620 3951 erga
669 3868 811 3953 illos
863 3870 1002 3954 pari
1053 3872 1409 3951 voluntate,
1462 3874 1839 3941 adducenda
1890 3876 2165 3941 amicitia
2210 3872 2272 3937 in
2314 3875 2460 3947 „pem

466 3958 934 4027 familiaritatis·
963 3974 1026 4028 et
1069 3967 1544 4053 consuetudinis
1590 3969 1950 4035 confirmari
1994 3961 2311 4055 oportebit.
2383 3956 2495 4013 82‘*

467 4068 594 4131 que
651 4051 719 4114 in
777 4054 856 4117 iis
909 4056 1204 4122 omnibus
1263 4061 1605 4145 generibus
1664 4063 1945 4129 iudicato
1998 4075 2063 4131 et
2118 4044 2457 4149 perpendiffls
