2675 4559
680 247 1238 304 EPISTOLARUM
1271 249 1403 306 Vn.
1439 250 1630 305 8-11.
2045 239 2182 306 '153

136 385 297 442 tanta
338 371 553 438 insula
594 371 859 458 peritior
901 382 963 438 te
997 370 1245 436 fuisset.
1334 394 1558 438 verum
1604 385 1820 440 tamen
1856 411 1943 422 ·—-
1975 375 2186 440 ridea-

108 491 263 549 ,mus
310 467 463 533 licet
475 491 494 544 3
548 489 693 530 sum
746 465 917 530 enim
960 489 1001 530 a
1043 477 1107 532 te
1158 465 1465 532 invitatus
1498 503 1588 519 ·--
1621 468 2000 534 subinvideo
2044 470 2182 546 tibi,

136 565 285 628 ultro
329 575 386 628 te
431 562 625 627 etiam
670 561 1045 626 arcessitum
1098 561 1185 626 ab
1228 583 1336 639 eo,
1390 562 1476 627 ad
1529 583 1722 646 quem
1775 563 1998 641 ceteri,
2053 585 2184 630 ιιοιι

133 667 379 744 propter
422 655 794 742 superbiam
840 655 1007 732 eius,
1058 656 1173 721 sed
1207 665 1470 742 propter
1503 658 1982 743 occupationem
1996 706 2015 735 ,
2071 658 2184 724 ad·

134 753 357 837 spirare
400 769 537 816 non
588 762 878 836 possunt..
962 750 1080 818 sed
1120 761 1192 815 tu
1235 751 1303 815 in
1346 751 1472 816 ista
1517 751 1786 837 epistola
1825 752 1986 817 nihil
2029 752 2186 818 mihi

136 845 433 935 scripsisti
466 843 551 912 de
587 844 716 910 tuis.
745 843 961 921 rebus,
1000 864 1165 927 quae
1202 845 1565 910 mehercule
1599 845 1756 910 mihi
1791 867 1921 912 non
1953 846 2186 912 minori

137 962 307 1006 curae
352 949 513 1004 sunt
556 961 753 1023 quam
796 960 999 1004 meae.
1087 939 1275 1006 valde
1319 950 1538 1007 metuo
1579 963 1666 1006 ne
1705 941 1940 1026 frigeas
1983 941 2052 1006 in
2083 941 2184 1005 hi-

138 1034 357 1111 bernis3
410 1055 611 1117 quam
644 1033 727 1096 ob
760 1054 899 1097 rem
944 1032 1196 1110 camino
1238 1033 1564 1099 luculento
1609 1035 1919 1100 utendum
1957 1057 2184 1103 censeo

52 1196 54 1209 ,
138 1082 408 1194 —idein
443 1127 677 1192 Mucio
722 1137 790 1192 et
831 1126 1106 1192 Manilio
1153 1128 1450 1212 placebat
1491 1163 1607 1206 —-,
1650 1129 2028 1214 praesertim
2071 1130 2184 1213 qui

52 1234 55 1249 ²
140 1222 289 1306 sagis
338 1243 475 1286 non
528 1220 921 1288 abundares.
988 1242 1380 1305 quamquam
1433 1245 1548 1288 vos
1601 1245 1773 1290 nune
1831 1223 1976 1288 istic
2029 1224 2182 1288 satis

141 1316 324 1381 calere
356 1315 589 1392 audi03
634 1337 763 1400 quo
808 1315 1072 1398 quidem
1111 1317 1337 1386 nuntio
1375 1317 1562 1382 valde
1599 1317 1964 1384 mehercule
2002 1318 2081 1383 de
2117 1329 2180 1382 te

139 1410 477 1476 timueram.
566 1409 683 1476 sed
724 1420 797 1474 tu
838 1409 908 1474 in
950 1431 1021 1475 re
1054 1410 1313 1475 militari
1358 1413 1560 1478 multo
1595 1435 1668 1478 es
1705 1412 1952 1478 cautior
1983 1433 2182 1496 quam

139 1504 193 1567 in
222 1503 777 1580 advocationibus,
823 1505 937 1588 qui
969 1527 1181 1589 neque
1214 1507 1283 1570 in
1319 1504 1590 1571 Oceano
1625 1517 1846 1573 natare
1883 1508 2181 1584 volueris,

142 1599 623 1667 studiosissimus
666 1599 861 1664 homo
895 1599 1187 1678 natandi,
1232 1621 1446 1684 neque
1481 1612 1770 1686 spectare
1805 1602 2180 1679 essedarios,

142 1714 311 1776 quem
346 1701 541 1760 antea
582 1715 667 1759 ne
712 1693 1037 1760 andabata
1076 1693 1337 1778 quidem
1374 1694 1758 1759 defraudare
1791 1705 2181 1780 poteramus.

52 1770 55 1791 ’
142 1788 237 1852 sed
282 1787 414 1854 iam
468 1787 624 1854 satis
676 1788 870 1854 iocati
922 1811 1165 1853 sumus.
1264 1811 1388 1874 ego
1443 1789 1524 1855 de
1575 1800 1642 1854 te
1693 1789 1779 1855 ad
1833 1787 2182 1854 Caesarem

50 1904 54 1913 ·
142 1904 313 1965 quam
346 1883 690 1970 diligenter
724 1885 1083 1970 scripserim
1097 1931 1115 1961 ,
1161 1895 1301 1949 tute
1334 1885 1490 1961 scis3
1537 1905 1732 1968 quam
1765 1905 1990 1969 saepe,
2037 1906 2180 1969 eg0.

142 1978 238 2042 sed
267 1978 632 2044 mehercule
667 1978 799 2042 iam
830 1978 1318 2056 intermiseram,
1353 2001 1438 2044 ne
1471 1978 1724 2044 viderer
1755 1978 2183 2044 liberalissimi

143 2070 391 2138 hominis
424 2073 681 2157 meique
716 2073 1134 2138 amantissimi
1168 2073 1484 2140 voluntati
1529 2093 1685 2160 erga
1718 2095 1824 2139 me
1859 2073 2179 2150 diffidere3

145 2165 239 2230 sed
269 2177 481 2232 tamen
514 2167 595 2231 iis
627 2167 873 2242 litteris,
910 2187 1071 2250 quas
1104 2167 1395 2252 proxime
1431 2168 1600 2246 dedi,
1634 2167 1858 2253 putavi
1891 2191 2033 2234 esse
2065 2167 2182 2248 hoss

144 2258 353 2325 minem
386 2260 943 2326 commonendum.
1032 2261 1099 2325 id
1134 2260 1287 2327 feci:
1333 2261 1493 2346 quid
1525 2262 1907 2348 profecerim
1924 2309 1943 2340 ,
1979 2262 2178 2328 facias

146 2375 231 2417 me
259 2354 447 2420 velim
482 2355 817 2420 certiorem
862 2367 927 2420 et
960 2355 1161 2420 simul
1204 2355 1285 2420 de
1330 2367 1464 2421 toto
1511 2367 1684 2424 statu
1726 2369 1838 2423 tuo
1873 2357 2182 2423 consiliis-

149 2466 253 2527 que
282 2450 608 2526 omnibus3
660 2450 821 2515 scire
857 2449 1029 2514 enim
1064 2450 1253 2535 cupio
1264 2498 1284 2528 ,
1338 2450 1498 2534 quid
1533 2474 1718 2537 agas,
1764 2452 1920 2536 quid
1956 2474 2181 2537 exspe-

152 2551 287 2620 ctes,
328 2564 524 2627 quam
558 2544 827 2629 longum
872 2543 1068 2609 istum
1101 2555 1286 2609 tuum
1324 2545 1677 2612 discessum
1713 2568 1752 2610 a
1783 2546 1973 2612 nobis
2007 2543 2182 2611 futu-

151 2655 269 2700 rum
297 2648 504 2723 putes.
593 2637 685 2702 sic
721 2637 891 2703 enim
926 2639 1044 2703 tibi
1076 2640 1466 2725 persuadeas
1513 2640 1734 2716 velim,
1788 2663 1990 2704 unum
2023 2640 2180 2704 mihi
2301 2667 2306 2670 ⁴

154 2748 269 2794 esse
308 2731 643 2809 solacium,
698 2753 827 2815 qua
870 2754 941 2797 re
984 2731 1237 2798 facilius
1282 2734 1524 2819 possim
1568 2734 1703 2819 pati
1745 2744 1812 2799 te
1857 2755 1996 2799 esse
2043 2733 2180 2798 sine

156 2823 335 2901 nobis,
386 2826 442 2890 si
494 2826 612 2890 tibi
656 2849 795 2891 esse
839 2827 905 2892 id
951 2827 1379 2892 emolumento
1425 2827 1651 2906 sciam3
1704 2827 1805 2893 sin
1855 2837 2071 2894 autem
2113 2826 2183 2892 id

159 2935 261 2980 non
290 2929 410 2996 est,
444 2919 607 2984 nihil
641 2921 892 2986 duobus
928 2920 1115 2986 nobis
1151 2933 1247 2986 est
1284 2921 1571 2986 stultius:
1616 2945 1750 2999 me,
1794 2921 1908 3006 qui
1951 2933 2014 2988 te
2049 2943 2182 2988 ιιοιι

160 3007 395 3078 Romam
429 3014 777 3093 attraham,
814 3026 897 3092 te,
935 3016 1049 3099 qui
1083 3038 1215 3080 non
1247 3017 1377 3081 huc
1412 3017 1694 3082 advoles.
1765 3041 1896 3083 una
1929 3017 2182 3083 meher-

159 3104 276 3170 cule
318 3119 533 3174 nostra
576 3110 680 3174 vel
724 3133 949 3175 severa
991 3110 1095 3175 vel
1137 3111 1357 3176 iocosa
1399 3111 1766 3196 congressio
1812 3111 2014 3196 pluris
2059 3112 2178 3177 erit

161 3217 325 3278 quam
353 3224 481 3268 ιιοιι
515 3202 707 3268 modo
740 3203 987 3278 hostes,
1024 3204 1139 3269 sed
1174 3205 1367 3270 etiam
1402 3206 1632 3270 fratres
1665 3205 1862 3268 nostri
1897 3205 2177 3269 Haedui.

162 3309 267 3370 qua
294 3317 356 3360 re
386 3297 683 3366 omnibus
719 3297 801 3362 de
835 3298 1027 3364 rebus
1064 3299 1171 3363 fac
1204 3311 1277 3363 ut
1312 3321 1510 3383 quam
1543 3297 1826 3384 primum
1859 3297 2088 3362 sciam:

378 3402 487 3456 aut
523 3392 911 3457 consolando
946 3404 1059 3458 aut
1092 3393 1358 3458 consilio
1393 3403 1507 3458 aut
1539 3415 1610 3458 re
1643 3391 1884 3458 iuvere.

1099 3629 1204 3683 XI.

776 3731 895 3788 Ser.
920 3731 1137 3787 Romae
1164 3747 1216 3786 a.
1246 3693 1301 3786 ιι.
1331 3748 1379 3786 c.
1409 3731 1529 3787 701.-

783 3832 1058 3890 CICERO
1096 3833 1510 3891 TREBATIO.

268 3949 397 4018 Nisi
430 3967 576 4022 ante
611 3956 823 4022 Roma
854 3956 1179 4043 profectus
1225 3978 1428 4034 esses,
1473 3977 1648 4024 nunc
1691 3979 1836 4024 eam
1871 3967 2040 4024 certe
2075 3980 2235 4024 ιιι-ι

170 4035 463 4130 linqueres.
548 4049 695 4136 quis
730 4051 903 4118 enim
934 4061 1031 4118 tot
1062 4049 1444 4138 interregnis
1459 4053 1976 4120 iureconsultum
2012 4053 2178 4120 desi-
