<?xml version="1.0" encoding="UTF-8"?>
<!DOCTYPE html PUBLIC "-//W3C//DTD XHTML 1.0 Transitional//EN"
    "http://www.w3.org/TR/xhtml1/DTD/xhtml1-transitional.dtd">
<html xmlns="http://www.w3.org/1999/xhtml" xml:lang="en" lang="en">
 <head>
  <title>
</title>
<meta http-equiv="Content-Type" content="text/html;charset=utf-8" />
  <meta name='ocr-system' content='tesseract 3.04.00' />
  <meta name='ocr-capabilities' content='ocr_page ocr_carea ocr_par ocr_line ocrx_word'/>
</head>
<body>
  <div class='ocr_page' id='page_1' title='image "./mtulliiciceroni12unkngoog/mtulliiciceroni12unkngoog_0240.png"; bbox 0 0 2675 4559; ppageno 0'>
   <div class='ocr_carea' id='block_1_1' title="bbox 2056 6 2493 21">
    <p class='ocr_par' dir='ltr' id='par_1_1' title="bbox 2056 6 2493 21">
     <span class='ocr_line' id='line_1_1' title="bbox 2056 6 2493 21; baseline -0.002 -2"><span class='ocrx_word' id='word_1_1' title='bbox 2056 6 2119 19; x_wconf 70' lang='lat'><strong>.··.⁶</strong></span> <span class='ocrx_word' id='word_1_2' title='bbox 2164 7 2211 21; x_wconf 77' lang='lat' dir='ltr'><strong>.v,</strong></span> <span class='ocrx_word' id='word_1_3' title='bbox 2244 7 2247 11; x_wconf 90' lang='grc'><em>·</em></span> <span class='ocrx_word' id='word_1_4' title='bbox 2344 9 2349 11; x_wconf 91' lang='grc'>-</span> <span class='ocrx_word' id='word_1_5' title='bbox 2386 9 2397 13; x_wconf 33' lang='grc' dir='ltr'>ἡ</span> <span class='ocrx_word' id='word_1_6' title='bbox 2470 9 2493 11; x_wconf 91' lang='grc'><strong>--</strong></span> 
     </span>
    </p>
   </div>
   <div class='ocr_carea' id='block_1_2' title="bbox 501 252 1945 321">
    <p class='ocr_par' dir='ltr' id='par_1_2' title="bbox 501 252 1945 321">
     <span class='ocr_line' id='line_1_2' title="bbox 501 252 1945 321; baseline -0.002 -1"><span class='ocrx_word' id='word_1_7' title='bbox 501 252 629 321; x_wconf 77' lang='grc'><strong>’156</strong></span> <span class='ocrx_word' id='word_1_8' title='bbox 1121 265 1197 318; x_wconf 81' lang='grc' dir='ltr'><strong>Μ..</strong></span> <span class='ocrx_word' id='word_1_9' title='bbox 1235 262 1511 319; x_wconf 85' lang='lat' dir='ltr'>TULLII</span> <span class='ocrx_word' id='word_1_10' title='bbox 1544 260 1945 319; x_wconf 83' lang='lat' dir='ltr'>CICERONIS</span> 
     </span>
    </p>
   </div>
   <div class='ocr_carea' id='block_1_3' title="bbox 1149 430 1901 695">
    <p class='ocr_par' dir='ltr' id='par_1_3' title="bbox 1149 430 1901 695">
     <span class='ocr_line' id='line_1_3' title="bbox 1440 430 1601 489; baseline -0.012 -1"><span class='ocrx_word' id='word_1_11' title='bbox 1440 430 1601 489; x_wconf 87' lang='lat' dir='ltr'>XIV.</span> 
     </span>
     <span class='ocr_line' id='line_1_4' title="bbox 1149 534 1901 591; baseline -0.004 0"><span class='ocrx_word' id='word_1_12' title='bbox 1149 534 1267 591; x_wconf 87' lang='lat' dir='ltr'><strong>Scr.</strong></span> <span class='ocrx_word' id='word_1_13' title='bbox 1296 535 1513 591; x_wconf 84' lang='lat' dir='ltr'><strong>Romae</strong></span> <span class='ocrx_word' id='word_1_14' title='bbox 1541 551 1591 591; x_wconf 82' lang='lat' dir='ltr'><strong>a.</strong></span> <span class='ocrx_word' id='word_1_15' title='bbox 1622 553 1676 589; x_wconf 90' lang='lat' dir='ltr'><strong>u.</strong></span> <span class='ocrx_word' id='word_1_16' title='bbox 1705 551 1753 589; x_wconf 91' lang='lat' dir='ltr'><strong>c.</strong></span> <span class='ocrx_word' id='word_1_17' title='bbox 1784 536 1901 590; x_wconf 80' lang='lat'><strong>701.</strong></span> 
     </span>
     <span class='ocr_line' id='line_1_5' title="bbox 1165 636 1891 695; baseline -0.006 0"><span class='ocrx_word' id='word_1_18' title='bbox 1165 636 1442 695; x_wconf 82' lang='lat' dir='ltr'>CICERO</span> <span class='ocrx_word' id='word_1_19' title='bbox 1480 636 1891 693; x_wconf 85' lang='lat' dir='ltr'><strong>TREBATIO.</strong></span> 
     </span>
    </p>
   </div>
   <div class='ocr_carea' id='block_1_4' title="bbox 433 758 2539 1976">
    <p class='ocr_par' dir='ltr' id='par_1_4' title="bbox 437 758 2539 1507">
     <span class='ocr_line' id='line_1_6' title="bbox 437 758 2539 849; baseline -0.004 -19"><span class='ocrx_word' id='word_1_20' title='bbox 437 790 464 830; x_wconf 88' lang='lat'><strong>1</strong></span> <span class='ocrx_word' id='word_1_21' title='bbox 629 760 1033 849; x_wconf 74' lang='lat' dir='ltr'>Chrysippus</span> <span class='ocrx_word' id='word_1_22' title='bbox 1068 762 1355 837; x_wconf 87' lang='lat' dir='ltr'><strong>Vettius,</strong></span> <span class='ocrx_word' id='word_1_23' title='bbox 1394 758 1553 847; x_wconf 84' lang='lat' dir='ltr'><strong>Cyri</strong></span> <span class='ocrx_word' id='word_1_24' title='bbox 1586 760 1913 826; x_wconf 77' lang='lat' dir='ltr'><strong>architecti</strong></span> <span class='ocrx_word' id='word_1_25' title='bbox 1953 759 2223 825; x_wconf 87' lang='lat' dir='ltr'><strong>libertus</strong></span> <span class='ocrx_word' id='word_1_26' title='bbox 2236 805 2257 836; x_wconf 91' lang='lat'><strong>,</strong></span> <span class='ocrx_word' id='word_1_27' title='bbox 2302 758 2453 824; x_wconf 82' lang='lat' dir='ltr'><strong>fecit</strong></span> <span class='ocrx_word' id='word_1_28' title='bbox 2480 770 2539 821; x_wconf 87' lang='lat' dir='ltr'><strong>ut</strong></span> 
     </span>
     <span class='ocr_line' id='line_1_7' title="bbox 497 852 2537 941; baseline -0.004 -18"><span class='ocrx_word' id='word_1_29' title='bbox 497 867 562 923; x_wconf 86' lang='lat' dir='ltr'><strong>te</strong></span> <span class='ocrx_word' id='word_1_30' title='bbox 603 878 735 923; x_wconf 90' lang='lat' dir='ltr'><strong>non</strong></span> <span class='ocrx_word' id='word_1_31' title='bbox 777 858 1194 922; x_wconf 81' lang='lat' dir='ltr'><strong>inmemorem</strong></span> <span class='ocrx_word' id='word_1_32' title='bbox 1237 867 1533 941; x_wconf 84' lang='lat' dir='ltr'><strong>putarem</strong></span> <span class='ocrx_word' id='word_1_33' title='bbox 1584 854 1741 931; x_wconf 81' lang='lat' dir='ltr'><strong>mei3</strong></span> <span class='ocrx_word' id='word_1_34' title='bbox 1794 853 2065 920; x_wconf 81' lang='lat' dir='ltr'><strong>salutem</strong></span> <span class='ocrx_word' id='word_1_35' title='bbox 2116 852 2298 919; x_wconf 88' lang='lat' dir='ltr'><strong>enim</strong></span> <span class='ocrx_word' id='word_1_36' title='bbox 2349 852 2537 917; x_wconf 84' lang='lat' dir='ltr'><strong>verbis</strong></span> 
     </span>
     <span class='ocr_line' id='line_1_8' title="bbox 497 945 2537 1033; baseline -0.002 -18"><span class='ocrx_word' id='word_1_37' title='bbox 497 950 626 1017; x_wconf 84' lang='lat' dir='ltr'><strong>tuis</strong></span> <span class='ocrx_word' id='word_1_38' title='bbox 661 950 819 1015; x_wconf 88' lang='lat' dir='ltr'><strong>mihi</strong></span> <span class='ocrx_word' id='word_1_39' title='bbox 854 950 1203 1015; x_wconf 83' lang='lat' dir='ltr'><strong>nuntiarat:</strong></span> <span class='ocrx_word' id='word_1_40' title='bbox 1241 948 1430 1014; x_wconf 84' lang='lat' dir='ltr'><strong>valde</strong></span> <span class='ocrx_word' id='word_1_41' title='bbox 1464 949 1594 1013; x_wconf 87' lang='lat' dir='ltr'><strong>iam</strong></span> <span class='ocrx_word' id='word_1_42' title='bbox 1628 948 1841 1013; x_wconf 87' lang='lat' dir='ltr'><strong>lautus</strong></span> <span class='ocrx_word' id='word_1_43' title='bbox 1876 969 1967 1024; x_wconf 90' lang='lat' dir='ltr'><strong>es,</strong></span> <span class='ocrx_word' id='word_1_44' title='bbox 2003 948 2117 1031; x_wconf 88' lang='lat' dir='ltr'><strong>qui</strong></span> <span class='ocrx_word' id='word_1_45' title='bbox 2150 968 2421 1033; x_wconf 77' lang='lat' dir='ltr'>gravere</span> <span class='ocrx_word' id='word_1_46' title='bbox 2452 945 2537 1009; x_wconf 86' lang='lat' dir='ltr'><strong>lit-</strong></span> 
     </span>
     <span class='ocr_line' id='line_1_9' title="bbox 497 1039 2532 1128; baseline -0.005 -18"><span class='ocrx_word' id='word_1_47' title='bbox 497 1057 664 1111; x_wconf 81' lang='lat' dir='ltr'><strong>teras</strong></span> <span class='ocrx_word' id='word_1_48' title='bbox 711 1044 794 1109; x_wconf 85' lang='lat' dir='ltr'><strong>ad</strong></span> <span class='ocrx_word' id='word_1_49' title='bbox 839 1067 943 1110; x_wconf 91' lang='lat' dir='ltr'><strong>me</strong></span> <span class='ocrx_word' id='word_1_50' title='bbox 989 1044 1170 1120; x_wconf 78' lang='lat' dir='ltr'><strong>dare,</strong></span> <span class='ocrx_word' id='word_1_51' title='bbox 1225 1042 1467 1108; x_wconf 89' lang='lat' dir='ltr'><strong>homini</strong></span> <span class='ocrx_word' id='word_1_52' title='bbox 1512 1042 1883 1128; x_wconf 77' lang='lat' dir='ltr'><strong>praesertim</strong></span> <span class='ocrx_word' id='word_1_53' title='bbox 1938 1062 2139 1127; x_wconf 80' lang='lat' dir='ltr'>prope</span> <span class='ocrx_word' id='word_1_54' title='bbox 2187 1039 2532 1105; x_wconf 82' lang='lat' dir='ltr'><strong>domestico.</strong></span> 
     </span>
     <span class='ocr_line' id='line_1_10' title="bbox 498 1133 2533 1222; baseline -0.005 -19"><span class='ocrx_word' id='word_1_55' title='bbox 498 1138 670 1222; x_wconf 89' lang='lat' dir='ltr'><strong>quod</strong></span> <span class='ocrx_word' id='word_1_56' title='bbox 705 1138 760 1203; x_wconf 86' lang='lat' dir='ltr'><strong>si</strong></span> <span class='ocrx_word' id='word_1_57' title='bbox 795 1138 1070 1203; x_wconf 87' lang='lat' dir='ltr'><strong>scribere</strong></span> <span class='ocrx_word' id='word_1_58' title='bbox 1105 1136 1339 1203; x_wconf 87' lang='lat' dir='ltr'><strong>oblitus</strong></span> <span class='ocrx_word' id='word_1_59' title='bbox 1377 1159 1446 1202; x_wconf 88' lang='lat' dir='ltr'><strong>es</strong></span> <span class='ocrx_word' id='word_1_60' title='bbox 1459 1185 1477 1214; x_wconf 90' lang='lat'>,</span> <span class='ocrx_word' id='word_1_61' title='bbox 1513 1136 1725 1201; x_wconf 89' lang='lat' dir='ltr'><strong>minus</strong></span> <span class='ocrx_word' id='word_1_62' title='bbox 1760 1136 1945 1201; x_wconf 90' lang='lat' dir='ltr'><strong>multi</strong></span> <span class='ocrx_word' id='word_1_63' title='bbox 1976 1134 2108 1201; x_wconf 85' lang='lat' dir='ltr'><strong>iam</strong></span> <span class='ocrx_word' id='word_1_64' title='bbox 2143 1145 2212 1201; x_wconf 88' lang='lat' dir='ltr'><strong>te</strong></span> <span class='ocrx_word' id='word_1_65' title='bbox 2249 1133 2533 1199; x_wconf 83' lang='lat' dir='ltr'><strong>advocato</strong></span> 
     </span>
     <span class='ocr_line' id='line_1_11' title="bbox 497 1226 2534 1316; baseline -0.004 -19"><span class='ocrx_word' id='word_1_66' title='bbox 497 1250 693 1297; x_wconf 84' lang='lat' dir='ltr'><strong>causa</strong></span> <span class='ocrx_word' id='word_1_67' title='bbox 726 1232 986 1308; x_wconf 83' lang='lat' dir='ltr'><strong>cadent3</strong></span> <span class='ocrx_word' id='word_1_68' title='bbox 1022 1232 1078 1295; x_wconf 89' lang='lat' dir='ltr'><strong>si</strong></span> <span class='ocrx_word' id='word_1_69' title='bbox 1110 1230 1310 1295; x_wconf 84' lang='lat' dir='ltr'>nostri</span> <span class='ocrx_word' id='word_1_70' title='bbox 1346 1231 1580 1296; x_wconf 85' lang='lat' dir='ltr'><strong>oblitus</strong></span> <span class='ocrx_word' id='word_1_71' title='bbox 1617 1254 1685 1297; x_wconf 85' lang='lat' dir='ltr'><strong>es</strong></span> <span class='ocrx_word' id='word_1_72' title='bbox 1697 1278 1716 1309; x_wconf 91' lang='lat'><strong>,</strong></span> <span class='ocrx_word' id='word_1_73' title='bbox 1752 1230 1921 1296; x_wconf 82' lang='lat' dir='ltr'><strong>dabo</strong></span> <span class='ocrx_word' id='word_1_74' title='bbox 1956 1252 2253 1316; x_wconf 86' lang='lat' dir='ltr'><strong>operam,</strong></span> <span class='ocrx_word' id='word_1_75' title='bbox 2290 1238 2364 1292; x_wconf 88' lang='lat' dir='ltr'><strong>ut</strong></span> <span class='ocrx_word' id='word_1_76' title='bbox 2393 1226 2534 1290; x_wconf 81' lang='lat' dir='ltr'><strong>istuc</strong></span> 
     </span>
     <span class='ocr_line' id='line_1_12' title="bbox 495 1318 2530 1410; baseline -0.004 -20"><span class='ocrx_word' id='word_1_77' title='bbox 495 1327 750 1392; x_wconf 87' lang='lat' dir='ltr'><strong>veniam</strong></span> <span class='ocrx_word' id='word_1_78' title='bbox 779 1337 926 1390; x_wconf 90' lang='lat' dir='ltr'><strong>ante</strong></span> <span class='ocrx_word' id='word_1_79' title='bbox 952 1346 1147 1410; x_wconf 85' lang='lat' dir='ltr'><strong>quam</strong></span> <span class='ocrx_word' id='word_1_80' title='bbox 1183 1326 1373 1410; x_wconf 88' lang='lat' dir='ltr'><strong>plane</strong></span> <span class='ocrx_word' id='word_1_81' title='bbox 1410 1348 1491 1389; x_wconf 87' lang='lat' dir='ltr'><strong>ex</strong></span> <span class='ocrx_word' id='word_1_82' title='bbox 1518 1326 1731 1390; x_wconf 86' lang='lat' dir='ltr'><strong>animo</strong></span> <span class='ocrx_word' id='word_1_83' title='bbox 1760 1336 1871 1389; x_wconf 89' lang='lat' dir='ltr'><strong>tuo</strong></span> <span class='ocrx_word' id='word_1_84' title='bbox 1900 1324 2196 1401; x_wconf 83' lang='lat' dir='ltr'><strong>effluam3</strong></span> <span class='ocrx_word' id='word_1_85' title='bbox 2234 1323 2336 1387; x_wconf 87' lang='lat' dir='ltr'><strong>sin</strong></span> <span class='ocrx_word' id='word_1_86' title='bbox 2368 1318 2530 1385; x_wconf 87' lang='lat' dir='ltr'><strong>aesti-</strong></span> 
     </span>
     <span class='ocr_line' id='line_1_13' title="bbox 495 1411 2531 1507; baseline -0.004 -24"><span class='ocrx_word' id='word_1_87' title='bbox 495 1440 721 1483; x_wconf 86' lang='lat' dir='ltr'><strong>vorum</strong></span> <span class='ocrx_word' id='word_1_88' title='bbox 763 1418 954 1507; x_wconf 77' lang='lat' dir='ltr'><strong>timor</strong></span> <span class='ocrx_word' id='word_1_89' title='bbox 993 1430 1060 1483; x_wconf 90' lang='lat' dir='ltr'><strong>te</strong></span> <span class='ocrx_word' id='word_1_90' title='bbox 1095 1418 1415 1495; x_wconf 87' lang='lat' dir='ltr'><strong>debilitat,</strong></span> <span class='ocrx_word' id='word_1_91' title='bbox 1462 1418 1705 1503; x_wconf 86' lang='lat' dir='ltr'><strong>aliquid</strong></span> <span class='ocrx_word' id='word_1_92' title='bbox 1736 1417 2064 1503; x_wconf 86' lang='lat' dir='ltr'><strong>excogita,</strong></span> <span class='ocrx_word' id='word_1_93' title='bbox 2110 1428 2191 1482; x_wconf 91' lang='lat' dir='ltr'><strong>ut</strong></span> <span class='ocrx_word' id='word_1_94' title='bbox 2232 1414 2436 1481; x_wconf 87' lang='lat' dir='ltr'><strong>fecisti</strong></span> <span class='ocrx_word' id='word_1_95' title='bbox 2466 1411 2531 1475; x_wconf 87' lang='lat' dir='ltr'><strong>de</strong></span> 
     </span>
    </p>

    <p class='ocr_par' dir='ltr' id='par_1_5' title="bbox 433 1510 2531 1976">
     <span class='ocr_line' id='line_1_14' title="bbox 433 1510 2531 1600; baseline -0.004 -21"><span class='ocrx_word' id='word_1_96' title='bbox 433 1540 460 1579; x_wconf 82' lang='lat'><em>2</em></span> <span class='ocrx_word' id='word_1_97' title='bbox 493 1513 848 1577; x_wconf 77' lang='lat' dir='ltr'><strong>Britannia.</strong></span> <span class='ocrx_word' id='word_1_98' title='bbox 951 1513 1113 1580; x_wconf 84' lang='lat' dir='ltr'><strong>illud</strong></span> <span class='ocrx_word' id='word_1_99' title='bbox 1161 1512 1425 1598; x_wconf 87' lang='lat' dir='ltr'><strong>quidem</strong></span> <span class='ocrx_word' id='word_1_100' title='bbox 1486 1514 1871 1600; x_wconf 79' lang='lat' dir='ltr'><strong>perlibenter</strong></span> <span class='ocrx_word' id='word_1_101' title='bbox 1921 1513 2144 1579; x_wconf 84' lang='lat' dir='ltr'><strong>audivi</strong></span> <span class='ocrx_word' id='word_1_102' title='bbox 2196 1534 2283 1579; x_wconf 84' lang='lat' dir='ltr'><strong>ex</strong></span> <span class='ocrx_word' id='word_1_103' title='bbox 2332 1510 2531 1577; x_wconf 87' lang='lat' dir='ltr'><strong>eodem</strong></span> 
     </span>
     <span class='ocr_line' id='line_1_15' title="bbox 497 1601 2529 1692; baseline -0.003 -21"><span class='ocrx_word' id='word_1_104' title='bbox 497 1602 891 1692; x_wconf 84' lang='lat' dir='ltr'><strong>Chrysippo,</strong></span> <span class='ocrx_word' id='word_1_105' title='bbox 943 1618 1008 1673; x_wconf 90' lang='lat' dir='ltr'><strong>te</strong></span> <span class='ocrx_word' id='word_1_106' title='bbox 1051 1630 1192 1673; x_wconf 87' lang='lat' dir='ltr'><strong>esse</strong></span> <span class='ocrx_word' id='word_1_107' title='bbox 1237 1606 1505 1673; x_wconf 77' lang='lat' dir='ltr'><strong>Caesari</strong></span> <span class='ocrx_word' id='word_1_108' title='bbox 1558 1608 1966 1683; x_wconf 83' lang='lat' dir='ltr'><strong>familiarem3</strong></span> <span class='ocrx_word' id='word_1_109' title='bbox 2022 1606 2141 1673; x_wconf 82' lang='lat' dir='ltr'><strong>sed</strong></span> <span class='ocrx_word' id='word_1_110' title='bbox 2194 1601 2529 1671; x_wconf 78' lang='lat' dir='ltr'><strong>mehercule</strong></span> 
     </span>
     <span class='ocr_line' id='line_1_16' title="bbox 492 1696 2528 1785; baseline -0.003 -20"><span class='ocrx_word' id='word_1_111' title='bbox 492 1700 780 1779; x_wconf 84' lang='lat' dir='ltr'><strong>mallem,</strong></span> <span class='ocrx_word' id='word_1_112' title='bbox 823 1701 893 1766; x_wconf 87' lang='lat' dir='ltr'><strong>id</strong></span> <span class='ocrx_word' id='word_1_113' title='bbox 933 1702 1110 1785; x_wconf 82' lang='lat' dir='ltr'><strong>quod</strong></span> <span class='ocrx_word' id='word_1_114' title='bbox 1151 1713 1286 1767; x_wconf 85' lang='lat' dir='ltr'><strong>erat</strong></span> <span class='ocrx_word' id='word_1_115' title='bbox 1321 1702 1619 1785; x_wconf 88' lang='lat' dir='ltr'><strong>aequius,</strong></span> <span class='ocrx_word' id='word_1_116' title='bbox 1663 1700 1747 1766; x_wconf 86' lang='lat' dir='ltr'><strong>de</strong></span> <span class='ocrx_word' id='word_1_117' title='bbox 1780 1701 1909 1767; x_wconf 85' lang='lat' dir='ltr'><strong>tuis</strong></span> <span class='ocrx_word' id='word_1_118' title='bbox 1941 1700 2139 1767; x_wconf 85' lang='lat' dir='ltr'><strong>rebus</strong></span> <span class='ocrx_word' id='word_1_119' title='bbox 2176 1723 2261 1767; x_wconf 84' lang='lat' dir='ltr'><strong>ex</strong></span> <span class='ocrx_word' id='word_1_120' title='bbox 2294 1697 2415 1765; x_wconf 81' lang='lat' dir='ltr'><strong>tuis</strong></span> <span class='ocrx_word' id='word_1_121' title='bbox 2444 1696 2528 1759; x_wconf 87' lang='lat' dir='ltr'><strong>lit-</strong></span> 
     </span>
     <span class='ocr_line' id='line_1_17' title="bbox 494 1792 2525 1883; baseline -0.002 -24"><span class='ocrx_word' id='word_1_122' title='bbox 494 1796 647 1860; x_wconf 85' lang='lat' dir='ltr'><strong>teris</strong></span> <span class='ocrx_word' id='word_1_123' title='bbox 681 1817 878 1879; x_wconf 89' lang='lat' dir='ltr'><strong>quam</strong></span> <span class='ocrx_word' id='word_1_124' title='bbox 903 1797 1274 1883; x_wconf 77' lang='lat' dir='ltr'><strong>saepissime</strong></span> <span class='ocrx_word' id='word_1_125' title='bbox 1301 1818 1780 1882; x_wconf 73' lang='lat' dir='ltr'><strong>cognoscerem:</strong></span> <span class='ocrx_word' id='word_1_126' title='bbox 1818 1796 1992 1881; x_wconf 84' lang='lat' dir='ltr'><strong>quod</strong></span> <span class='ocrx_word' id='word_1_127' title='bbox 2020 1808 2199 1863; x_wconf 87' lang='lat' dir='ltr'><strong>certe</strong></span> <span class='ocrx_word' id='word_1_128' title='bbox 2232 1796 2323 1860; x_wconf 89' lang='lat' dir='ltr'><strong>ita</strong></span> <span class='ocrx_word' id='word_1_129' title='bbox 2355 1792 2525 1863; x_wconf 80' lang='lat' dir='ltr'><strong>fieret,</strong></span> 
     </span>
     <span class='ocr_line' id='line_1_18' title="bbox 493 1888 2523 1976; baseline -0.001 -23"><span class='ocrx_word' id='word_1_130' title='bbox 493 1889 550 1953; x_wconf 87' lang='lat' dir='ltr'><strong>si</strong></span> <span class='ocrx_word' id='word_1_131' title='bbox 584 1900 656 1956; x_wconf 88' lang='lat' dir='ltr'><strong>tu</strong></span> <span class='ocrx_word' id='word_1_132' title='bbox 681 1890 1014 1955; x_wconf 80' lang='lat' dir='ltr'><strong>maluisses</strong></span> <span class='ocrx_word' id='word_1_133' title='bbox 1041 1890 1521 1957; x_wconf 84' lang='lat' dir='ltr'><strong>benevolentiae</strong></span> <span class='ocrx_word' id='word_1_134' title='bbox 1546 1910 1743 1975; x_wconf 87' lang='lat' dir='ltr'><strong>quam</strong></span> <span class='ocrx_word' id='word_1_135' title='bbox 1768 1891 1975 1956; x_wconf 86' lang='lat' dir='ltr'><strong>litium</strong></span> <span class='ocrx_word' id='word_1_136' title='bbox 2001 1891 2147 1957; x_wconf 88' lang='lat' dir='ltr'><strong>iura</strong></span> <span class='ocrx_word' id='word_1_137' title='bbox 2173 1888 2523 1976; x_wconf 83' lang='lat' dir='ltr'><strong>perdiscere·</strong></span> 
     </span>
    </p>
   </div>
   <div class='ocr_carea' id='block_1_5' title="bbox 497 1979 2625 2179">
    <p class='ocr_par' dir='ltr' id='par_1_6' title="bbox 497 1979 2625 2179">
     <span class='ocr_line' id='line_1_19' title="bbox 497 1979 2625 2061; baseline 0.001 -15"><span class='ocrx_word' id='word_1_138' title='bbox 497 1982 611 2048; x_wconf 87' lang='lat' dir='ltr'><strong>sed</strong></span> <span class='ocrx_word' id='word_1_139' title='bbox 663 1982 822 2048; x_wconf 93' lang='lat' dir='ltr'><strong>haec</strong></span> <span class='ocrx_word' id='word_1_140' title='bbox 871 1983 1063 2047; x_wconf 89' lang='lat' dir='ltr'><strong>iocati</strong></span> <span class='ocrx_word' id='word_1_141' title='bbox 1113 2005 1334 2048; x_wconf 86' lang='lat' dir='ltr'><strong>sumus</strong></span> <span class='ocrx_word' id='word_1_142' title='bbox 1380 1996 1446 2049; x_wconf 86' lang='lat' dir='ltr'><strong>et</strong></span> <span class='ocrx_word' id='word_1_143' title='bbox 1496 1996 1611 2050; x_wconf 84' lang='lat' dir='ltr'><strong>tuo</strong></span> <span class='ocrx_word' id='word_1_144' title='bbox 1653 2005 1829 2050; x_wconf 85' lang='lat' dir='ltr'><strong>more</strong></span> <span class='ocrx_word' id='word_1_145' title='bbox 1872 1997 1939 2053; x_wconf 88' lang='lat' dir='ltr'><strong>et</strong></span> <span class='ocrx_word' id='word_1_146' title='bbox 1981 2005 2115 2051; x_wconf 89' lang='lat' dir='ltr'><strong>non</strong></span> <span class='ocrx_word' id='word_1_147' title='bbox 2160 1983 2319 2049; x_wconf 87' lang='lat' dir='ltr'><strong>nihil</strong></span> <span class='ocrx_word' id='word_1_148' title='bbox 2361 1979 2525 2047; x_wconf 73' lang='lat' dir='ltr'><strong>etiam</strong></span> <span class='ocrx_word' id='word_1_149' title='bbox 2622 2024 2625 2061; x_wconf 41' lang='grc' dir='ltr'>ᾗ</span> 
     </span>
     <span class='ocr_line' id='line_1_20' title="bbox 2612 2122 2621 2179; baseline 0 0"><span class='ocrx_word' id='word_1_150' title='bbox 2612 2122 2621 2179; x_wconf 72' lang='lat' dir='ltr'><strong>i</strong></span> 
     </span>
    </p>
   </div>
   <div class='ocr_carea' id='block_1_6' title="bbox 491 2072 2521 2247">
    <p class='ocr_par' dir='ltr' id='par_1_7' title="bbox 491 2072 2521 2247">
     <span class='ocr_line' id='line_1_21' title="bbox 493 2072 2521 2163; baseline -0 -24"><span class='ocrx_word' id='word_1_151' title='bbox 493 2088 730 2140; x_wconf 84' lang='lat' dir='ltr'><strong>nostre.</strong></span> <span class='ocrx_word' id='word_1_152' title='bbox 817 2087 882 2141; x_wconf 90' lang='lat' dir='ltr'><strong>te</strong></span> <span class='ocrx_word' id='word_1_153' title='bbox 917 2075 1106 2141; x_wconf 85' lang='lat' dir='ltr'><strong>valde</strong></span> <span class='ocrx_word' id='word_1_154' title='bbox 1149 2098 1439 2141; x_wconf 85' lang='lat' dir='ltr'><strong>amamus</strong></span> <span class='ocrx_word' id='word_1_155' title='bbox 1485 2100 1733 2163; x_wconf 85' lang='lat' dir='ltr'><strong>nosque</strong></span> <span class='ocrx_word' id='word_1_156' title='bbox 1766 2101 1807 2143; x_wconf 82' lang='lat' dir='ltr'><strong>a</strong></span> <span class='ocrx_word' id='word_1_157' title='bbox 1838 2090 1905 2144; x_wconf 89' lang='lat' dir='ltr'><strong>te</strong></span> <span class='ocrx_word' id='word_1_158' title='bbox 1940 2079 2145 2145; x_wconf 89' lang='lat' dir='ltr'><strong>amari</strong></span> <span class='ocrx_word' id='word_1_159' title='bbox 2183 2100 2331 2144; x_wconf 90' lang='lat' dir='ltr'><strong>cum</strong></span> <span class='ocrx_word' id='word_1_160' title='bbox 2370 2072 2521 2139; x_wconf 80' lang='lat' dir='ltr'><strong>volu-</strong></span> 
     </span>
     <span class='ocr_line' id='line_1_22' title="bbox 491 2169 1494 2247; baseline 0.002 -14"><span class='ocrx_word' id='word_1_161' title='bbox 491 2190 657 2247; x_wconf 88' lang='lat' dir='ltr'><strong>mus,</strong></span> <span class='ocrx_word' id='word_1_162' title='bbox 693 2180 832 2234; x_wconf 85' lang='lat' dir='ltr'><strong>tum</strong></span> <span class='ocrx_word' id='word_1_163' title='bbox 868 2169 1061 2235; x_wconf 81' lang='lat' dir='ltr'><strong>etiam</strong></span> <span class='ocrx_word' id='word_1_164' title='bbox 1095 2170 1494 2236; x_wconf 86' lang='lat' dir='ltr'><strong>confidimus.</strong></span> 
     </span>
    </p>
   </div>
   <div class='ocr_carea' id='block_1_7' title="bbox 1157 2356 1885 2514">
    <p class='ocr_par' dir='ltr' id='par_1_8' title="bbox 1157 2356 1885 2514">
     <span class='ocr_line' id='line_1_23' title="bbox 1447 2356 1579 2413; baseline -0.023 -1"><span class='ocrx_word' id='word_1_165' title='bbox 1447 2356 1579 2413; x_wconf 86' lang='lat' dir='ltr'><strong>XV.</strong></span> 
     </span>
     <span class='ocr_line' id='line_1_24' title="bbox 1157 2456 1885 2514; baseline 0 -1"><span class='ocrx_word' id='word_1_166' title='bbox 1157 2456 1433 2513; x_wconf 79' lang='lat' dir='ltr'>CICERO</span> <span class='ocrx_word' id='word_1_167' title='bbox 1471 2456 1885 2514; x_wconf 84' lang='lat' dir='ltr'><strong>TREBATIO.</strong></span> 
     </span>
    </p>
   </div>
   <div class='ocr_carea' id='block_1_8' title="bbox 431 2568 2609 2757">
    <p class='ocr_par' dir='ltr' id='par_1_9' title="bbox 431 2568 2609 2757">
     <span class='ocr_line' id='line_1_25' title="bbox 431 2568 2609 2663; baseline -0.005 -18"><span class='ocrx_word' id='word_1_168' title='bbox 431 2604 456 2642; x_wconf 82' lang='lat'><strong>1</strong></span> <span class='ocrx_word' id='word_1_169' title='bbox 621 2575 840 2659; x_wconf 82' lang='lat' dir='ltr'><strong>Quam</strong></span> <span class='ocrx_word' id='word_1_170' title='bbox 892 2578 1019 2643; x_wconf 84' lang='lat' dir='ltr'><strong>sint</strong></span> <span class='ocrx_word' id='word_1_171' title='bbox 1069 2579 1303 2644; x_wconf 86' lang='lat' dir='ltr'><strong>morosi</strong></span> <span class='ocrx_word' id='word_1_172' title='bbox 1357 2580 1469 2663; x_wconf 89' lang='lat' dir='ltr'><strong>qui</strong></span> <span class='ocrx_word' id='word_1_173' title='bbox 1514 2591 1759 2657; x_wconf 84' lang='lat' dir='ltr'><strong>amant,</strong></span> <span class='ocrx_word' id='word_1_174' title='bbox 1813 2581 1917 2645; x_wconf 89' lang='lat' dir='ltr'><strong>vel</strong></span> <span class='ocrx_word' id='word_1_175' title='bbox 1960 2602 2041 2644; x_wconf 81' lang='lat' dir='ltr'><strong>ex</strong></span> <span class='ocrx_word' id='word_1_176' title='bbox 2087 2580 2213 2645; x_wconf 86' lang='lat' dir='ltr'><strong>hoc</strong></span> <span class='ocrx_word' id='word_1_177' title='bbox 2264 2568 2514 2654; x_wconf 84' lang='lat' dir='ltr'><strong>intellegi</strong></span> <span class='ocrx_word' id='word_1_178' title='bbox 2604 2596 2609 2599; x_wconf 93' lang='lat'>·</span> 
     </span>
     <span class='ocr_line' id='line_1_26' title="bbox 487 2672 2609 2757; baseline -0.005 -20"><span class='ocrx_word' id='word_1_179' title='bbox 487 2681 729 2757; x_wconf 87' lang='lat' dir='ltr'><strong>potest.</strong></span> <span class='ocrx_word' id='word_1_180' title='bbox 767 2672 1033 2739; x_wconf 88' lang='lat' dir='ltr'><strong>moleste</strong></span> <span class='ocrx_word' id='word_1_181' title='bbox 1059 2672 1347 2739; x_wconf 80' lang='lat' dir='ltr'><strong>ferebam</strong></span> <span class='ocrx_word' id='word_1_182' title='bbox 1381 2685 1568 2740; x_wconf 84' lang='lat' dir='ltr'><strong>antea</strong></span> <span class='ocrx_word' id='word_1_183' title='bbox 1600 2684 1665 2739; x_wconf 88' lang='lat' dir='ltr'><strong>te</strong></span> <span class='ocrx_word' id='word_1_184' title='bbox 1698 2673 1972 2739; x_wconf 87' lang='lat' dir='ltr'><strong>invitum</strong></span> <span class='ocrx_word' id='word_1_185' title='bbox 2004 2672 2151 2739; x_wconf 92' lang='lat' dir='ltr'><strong>istic</strong></span> <span class='ocrx_word' id='word_1_186' title='bbox 2181 2693 2345 2747; x_wconf 83' lang='lat' dir='ltr'><strong>esse3</strong></span> <span class='ocrx_word' id='word_1_187' title='bbox 2377 2686 2514 2753; x_wconf 90' lang='lat' dir='ltr'><strong>pun·</strong></span> <span class='ocrx_word' id='word_1_188' title='bbox 2604 2736 2609 2741; x_wconf 24' lang='lat'>⁸</span> 
     </span>
    </p>
   </div>
   <div class='ocr_carea' id='block_1_9' title="bbox 489 2766 2512 2851">
    <p class='ocr_par' dir='ltr' id='par_1_10' title="bbox 489 2766 2512 2851">
     <span class='ocr_line' id='line_1_27' title="bbox 489 2766 2512 2851; baseline -0.005 -19"><span class='ocrx_word' id='word_1_189' title='bbox 489 2766 584 2851; x_wconf 86' lang='lat' dir='ltr'><strong>git</strong></span> <span class='ocrx_word' id='word_1_190' title='bbox 618 2788 724 2831; x_wconf 90' lang='lat' dir='ltr'><strong>me</strong></span> <span class='ocrx_word' id='word_1_191' title='bbox 758 2788 1008 2844; x_wconf 88' lang='lat' dir='ltr'><strong>rursus,</strong></span> <span class='ocrx_word' id='word_1_192' title='bbox 1051 2768 1226 2851; x_wconf 85' lang='lat' dir='ltr'><strong>quod</strong></span> <span class='ocrx_word' id='word_1_193' title='bbox 1269 2768 1493 2832; x_wconf 86' lang='lat' dir='ltr'><strong>scribis</strong></span> <span class='ocrx_word' id='word_1_194' title='bbox 1531 2790 1669 2833; x_wconf 85' lang='lat' dir='ltr'><strong>esse</strong></span> <span class='ocrx_word' id='word_1_195' title='bbox 1705 2778 1769 2840; x_wconf 85' lang='lat' dir='ltr'><strong>te</strong></span> <span class='ocrx_word' id='word_1_196' title='bbox 1811 2768 1957 2832; x_wconf 88' lang='lat' dir='ltr'><strong>istic</strong></span> <span class='ocrx_word' id='word_1_197' title='bbox 1984 2766 2293 2833; x_wconf 88' lang='lat' dir='ltr'><strong>libenter.</strong></span> <span class='ocrx_word' id='word_1_198' title='bbox 2334 2776 2512 2842; x_wconf 83' lang='lat' dir='ltr'><strong>neque</strong></span> 
     </span>
    </p>
   </div>
   <div class='ocr_carea' id='block_1_10' title="bbox 487 2854 2615 3133">
    <p class='ocr_par' dir='ltr' id='par_1_11' title="bbox 487 2854 2615 3133">
     <span class='ocr_line' id='line_1_28' title="bbox 489 2854 2607 2948; baseline -0.003 -24"><span class='ocrx_word' id='word_1_199' title='bbox 489 2860 660 2924; x_wconf 88' lang='lat' dir='ltr'><strong>enim</strong></span> <span class='ocrx_word' id='word_1_200' title='bbox 695 2883 839 2925; x_wconf 86' lang='lat' dir='ltr'><strong>mea</strong></span> <span class='ocrx_word' id='word_1_201' title='bbox 866 2863 1415 2928; x_wconf 80' lang='lat' dir='ltr'><strong>commendatione</strong></span> <span class='ocrx_word' id='word_1_202' title='bbox 1449 2874 1513 2928; x_wconf 88' lang='lat' dir='ltr'><strong>te</strong></span> <span class='ocrx_word' id='word_1_203' title='bbox 1538 2884 1671 2927; x_wconf 90' lang='lat' dir='ltr'><strong>non</strong></span> <span class='ocrx_word' id='word_1_204' title='bbox 1693 2861 1995 2929; x_wconf 87' lang='lat' dir='ltr'><strong>delectari</strong></span> <span class='ocrx_word' id='word_1_205' title='bbox 2030 2861 2222 2948; x_wconf 80' lang='lat' dir='ltr'><strong>facile</strong></span> <span class='ocrx_word' id='word_1_206' title='bbox 2257 2854 2510 2945; x_wconf 86' lang='lat' dir='ltr'><strong>patiebar</strong></span> <span class='ocrx_word' id='word_1_207' title='bbox 2602 2886 2607 2947; x_wconf 63' lang='lat' dir='ltr'>g</span> 
     </span>
     <span class='ocr_line' id='line_1_29' title="bbox 489 2950 2607 3040; baseline 0.001 -23"><span class='ocrx_word' id='word_1_208' title='bbox 489 2964 556 3017; x_wconf 92' lang='lat' dir='ltr'><strong>et</strong></span> <span class='ocrx_word' id='word_1_209' title='bbox 603 2974 776 3017; x_wconf 89' lang='lat' dir='ltr'><strong>nunc</strong></span> <span class='ocrx_word' id='word_1_210' title='bbox 821 2975 1026 3040; x_wconf 86' lang='lat' dir='ltr'><strong>angor</strong></span> <span class='ocrx_word' id='word_1_211' title='bbox 1075 2956 1422 3039; x_wconf 80' lang='lat' dir='ltr'><strong>quicquam</strong></span> <span class='ocrx_word' id='word_1_212' title='bbox 1464 2956 1584 3021; x_wconf 84' lang='lat' dir='ltr'><strong>tibi</strong></span> <span class='ocrx_word' id='word_1_213' title='bbox 1629 2957 1769 3021; x_wconf 88' lang='lat' dir='ltr'><strong>sine</strong></span> <span class='ocrx_word' id='word_1_214' title='bbox 1817 2978 1923 3021; x_wconf 88' lang='lat' dir='ltr'><strong>me</strong></span> <span class='ocrx_word' id='word_1_215' title='bbox 1978 2978 2122 3022; x_wconf 87' lang='lat' dir='ltr'><strong>esse</strong></span> <span class='ocrx_word' id='word_1_216' title='bbox 2172 2950 2508 3019; x_wconf 79' lang='lat' dir='ltr'><strong>iucundum·</strong></span> <span class='ocrx_word' id='word_1_217' title='bbox 2596 2956 2607 3019; x_wconf 78' lang='grc'>,-’·</span> 
     </span>
     <span class='ocr_line' id='line_1_30' title="bbox 487 3042 2615 3133; baseline -0.003 -24"><span class='ocrx_word' id='word_1_218' title='bbox 487 3044 602 3111; x_wconf 84' lang='lat' dir='ltr'><strong>sed</strong></span> <span class='ocrx_word' id='word_1_219' title='bbox 645 3044 768 3111; x_wconf 90' lang='lat' dir='ltr'><strong>hoc</strong></span> <span class='ocrx_word' id='word_1_220' title='bbox 809 3056 1025 3112; x_wconf 89' lang='lat' dir='ltr'><strong>tamen</strong></span> <span class='ocrx_word' id='word_1_221' title='bbox 1067 3048 1236 3113; x_wconf 85' lang='lat' dir='ltr'><strong>malo</strong></span> <span class='ocrx_word' id='word_1_222' title='bbox 1279 3048 1447 3115; x_wconf 84' lang='lat' dir='ltr'><strong>ferre</strong></span> <span class='ocrx_word' id='word_1_223' title='bbox 1490 3072 1608 3114; x_wconf 88' lang='lat' dir='ltr'><strong>nos</strong></span> <span class='ocrx_word' id='word_1_224' title='bbox 1644 3049 2031 3114; x_wconf 85' lang='lat' dir='ltr'><strong>desiderium</strong></span> <span class='ocrx_word' id='word_1_225' title='bbox 2062 3068 2261 3133; x_wconf 86' lang='lat' dir='ltr'><strong>quam</strong></span> <span class='ocrx_word' id='word_1_226' title='bbox 2303 3055 2362 3109; x_wconf 90' lang='lat' dir='ltr'><strong>te</strong></span> <span class='ocrx_word' id='word_1_227' title='bbox 2401 3058 2506 3104; x_wconf 87' lang='lat' dir='ltr'><strong>non</strong></span> <span class='ocrx_word' id='word_1_228' title='bbox 2598 3042 2615 3049; x_wconf 80' lang='grc'>”</span> 
     </span>
    </p>
   </div>
   <div class='ocr_carea' id='block_1_11' title="bbox 428 3138 2509 3603">
    <p class='ocr_par' dir='ltr' id='par_1_12' title="bbox 428 3138 2509 3603">
     <span class='ocr_line' id='line_1_31' title="bbox 428 3138 2509 3228; baseline -0.005 -23"><span class='ocrx_word' id='word_1_229' title='bbox 428 3164 455 3205; x_wconf 75' lang='lat'>2</span> <span class='ocrx_word' id='word_1_230' title='bbox 487 3161 593 3215; x_wconf 88' lang='lat' dir='ltr'><strong>ea,</strong></span> <span class='ocrx_word' id='word_1_231' title='bbox 638 3160 804 3223; x_wconf 87' lang='lat' dir='ltr'><strong>quae</strong></span> <span class='ocrx_word' id='word_1_232' title='bbox 850 3163 1064 3227; x_wconf 88' lang='lat' dir='ltr'><strong>spero,</strong></span> <span class='ocrx_word' id='word_1_233' title='bbox 1109 3143 1433 3227; x_wconf 88' lang='lat' dir='ltr'><strong>consequi.</strong></span> <span class='ocrx_word' id='word_1_234' title='bbox 1524 3142 1697 3228; x_wconf 85' lang='lat' dir='ltr'><strong>quod</strong></span> <span class='ocrx_word' id='word_1_235' title='bbox 1730 3162 1883 3208; x_wconf 85' lang='lat' dir='ltr'><strong>vero</strong></span> <span class='ocrx_word' id='word_1_236' title='bbox 1916 3143 1984 3207; x_wconf 88' lang='lat' dir='ltr'><strong>in</strong></span> <span class='ocrx_word' id='word_1_237' title='bbox 2022 3141 2103 3208; x_wconf 89' lang='lat' dir='ltr'><strong>C.</strong></span> <span class='ocrx_word' id='word_1_238' title='bbox 2142 3138 2355 3214; x_wconf 83' lang='lat' dir='ltr'><strong>Matii,</strong></span> <span class='ocrx_word' id='word_1_239' title='bbox 2388 3152 2509 3198; x_wconf 82' lang='lat' dir='ltr'><strong>sua-</strong></span> 
     </span>
     <span class='ocr_line' id='line_1_32' title="bbox 486 3232 2506 3321; baseline -0 -24"><span class='ocrx_word' id='word_1_240' title='bbox 486 3233 731 3299; x_wconf 85' lang='lat' dir='ltr'><strong>vissimi</strong></span> <span class='ocrx_word' id='word_1_241' title='bbox 756 3234 1230 3321; x_wconf 87' lang='lat' dir='ltr'><strong>doctissimique</strong></span> <span class='ocrx_word' id='word_1_242' title='bbox 1268 3237 1564 3313; x_wconf 86' lang='lat' dir='ltr'><strong>hominis,</strong></span> <span class='ocrx_word' id='word_1_243' title='bbox 1606 3236 2101 3303; x_wconf 84' lang='lat' dir='ltr'><strong>familiaritatem</strong></span> <span class='ocrx_word' id='word_1_244' title='bbox 2128 3232 2369 3308; x_wconf 84' lang='lat' dir='ltr'><strong>venisti,</strong></span> <span class='ocrx_word' id='word_1_245' title='bbox 2401 3244 2506 3291; x_wconf 76' lang='lat' dir='ltr'><strong>non</strong></span> 
     </span>
     <span class='ocr_line' id='line_1_33' title="bbox 487 3328 2504 3417; baseline -0 -24"><span class='ocrx_word' id='word_1_246' title='bbox 487 3328 612 3393; x_wconf 82' lang='lat' dir='ltr'><strong>dici</strong></span> <span class='ocrx_word' id='word_1_247' title='bbox 663 3340 875 3415; x_wconf 87' lang='lat' dir='ltr'><strong>potest</strong></span> <span class='ocrx_word' id='word_1_248' title='bbox 927 3352 1122 3414; x_wconf 83' lang='lat' dir='ltr'><strong>quam</strong></span> <span class='ocrx_word' id='word_1_249' title='bbox 1166 3331 1353 3397; x_wconf 78' lang='lat' dir='ltr'><strong>valde</strong></span> <span class='ocrx_word' id='word_1_250' title='bbox 1403 3331 1753 3417; x_wconf 82' lang='lat' dir='ltr'><strong>gaudeam3</strong></span> <span class='ocrx_word' id='word_1_251' title='bbox 1815 3331 1927 3414; x_wconf 88' lang='lat' dir='ltr'><strong>qui</strong></span> <span class='ocrx_word' id='word_1_252' title='bbox 1978 3330 2083 3396; x_wconf 86' lang='lat' dir='ltr'><strong>fac</strong></span> <span class='ocrx_word' id='word_1_253' title='bbox 2128 3342 2199 3396; x_wconf 90' lang='lat' dir='ltr'><strong>ut</strong></span> <span class='ocrx_word' id='word_1_254' title='bbox 2242 3339 2302 3392; x_wconf 85' lang='lat' dir='ltr'><strong>te</strong></span> <span class='ocrx_word' id='word_1_255' title='bbox 2343 3336 2504 3407; x_wconf 73' lang='lat' dir='ltr'><strong>quam</strong></span> 
     </span>
     <span class='ocr_line' id='line_1_34' title="bbox 485 3419 2501 3509; baseline -0 -24"><span class='ocrx_word' id='word_1_256' title='bbox 485 3422 763 3487; x_wconf 86' lang='lat' dir='ltr'><strong>maxime</strong></span> <span class='ocrx_word' id='word_1_257' title='bbox 793 3419 1062 3509; x_wconf 56' lang='lat' dir='ltr'><strong>diligati</strong></span> <span class='ocrx_word' id='word_1_258' title='bbox 1081 3424 1238 3489; x_wconf 87' lang='lat' dir='ltr'><strong>mihi</strong></span> <span class='ocrx_word' id='word_1_259' title='bbox 1265 3425 1475 3501; x_wconf 87' lang='lat' dir='ltr'><strong>crede,</strong></span> <span class='ocrx_word' id='word_1_260' title='bbox 1509 3424 1667 3488; x_wconf 87' lang='lat' dir='ltr'><strong>nihil</strong></span> <span class='ocrx_word' id='word_1_261' title='bbox 1706 3447 1787 3490; x_wconf 86' lang='lat' dir='ltr'><strong>ex</strong></span> <span class='ocrx_word' id='word_1_262' title='bbox 1821 3425 1946 3489; x_wconf 82' lang='lat' dir='ltr'><strong>ista</strong></span> <span class='ocrx_word' id='word_1_263' title='bbox 1977 3422 2303 3509; x_wconf 86' lang='lat' dir='ltr'><strong>provincia</strong></span> <span class='ocrx_word' id='word_1_264' title='bbox 2333 3423 2501 3503; x_wconf 63' lang='lat' dir='ltr'><strong>potes,</strong></span> 
     </span>
     <span class='ocr_line' id='line_1_35' title="bbox 487 3517 2178 3603; baseline 0.002 -24"><span class='ocrx_word' id='word_1_265' title='bbox 487 3517 660 3599; x_wconf 88' lang='lat' dir='ltr'><strong>quod</strong></span> <span class='ocrx_word' id='word_1_266' title='bbox 692 3517 1031 3583; x_wconf 86' lang='lat' dir='ltr'><strong>iucundius</strong></span> <span class='ocrx_word' id='word_1_267' title='bbox 1067 3519 1168 3595; x_wconf 89' lang='lat' dir='ltr'><strong>sit,</strong></span> <span class='ocrx_word' id='word_1_268' title='bbox 1206 3518 1559 3603; x_wconf 83' lang='lat' dir='ltr'><strong>deportare.</strong></span> <span class='ocrx_word' id='word_1_269' title='bbox 1650 3540 1805 3584; x_wconf 87' lang='lat' dir='ltr'><strong>cura</strong></span> <span class='ocrx_word' id='word_1_270' title='bbox 1841 3530 1911 3583; x_wconf 90' lang='lat' dir='ltr'><strong>ut</strong></span> <span class='ocrx_word' id='word_1_271' title='bbox 1943 3519 2178 3583; x_wconf 83' lang='lat' dir='ltr'><strong>valeas.</strong></span> 
     </span>
    </p>
   </div>
   <div class='ocr_carea' id='block_1_12' title="bbox 955 3726 2063 3895">
    <p class='ocr_par' dir='ltr' id='par_1_13' title="bbox 955 3726 2045 3895">
     <span class='ocr_line' id='line_1_36' title="bbox 1433 3726 1593 3784; baseline -0.025 0"><span class='ocrx_word' id='word_1_272' title='bbox 1433 3726 1593 3784; x_wconf 74' lang='lat' dir='ltr'><strong>xw.</strong></span> 
     </span>
     <span class='ocr_line' id='line_1_37' title="bbox 955 3826 2063 3895; baseline 0.005 -14"><span class='ocrx_word' id='word_1_273' title='bbox 955 3826 1088 3895; x_wconf 65' lang='grc' dir='ltr'>[ιι]</span> <span class='ocrx_word' id='word_1_274' title='bbox 1126 3826 1403 3885; x_wconf 72' lang='lat' dir='ltr'><strong>ctcssso</strong></span> <span class='ocrx_word' id='word_1_275' title='bbox 1440 3828 1499 3885; x_wconf 75' lang='lat' dir='ltr'><strong>s,</strong></span> <span class='ocrx_word' id='word_1_276' title='bbox 1535 3829 1609 3883; x_wconf 87' lang='lat' dir='ltr'>D</span> <span class='ocrx_word' id='word_1_277' title='bbox 1649 3828 2063 3886; x_wconf 80' lang='lat' dir='ltr'><strong>TREBATIO.</strong></span> 
     </span>
    </p>
   </div>
   <div class='ocr_carea' id='block_1_13' title="bbox 426 3928 2494 4133">
    <p class='ocr_par' dir='ltr' id='par_1_14' title="bbox 426 3928 2494 4133">
     <span class='ocr_line' id='line_1_38' title="bbox 426 3928 2494 4031; baseline -0.007 -18"><span class='ocrx_word' id='word_1_278' title='bbox 426 3966 452 4005; x_wconf 79' lang='grc' dir='ltr'>ι</span> <span class='ocrx_word' id='word_1_279' title='bbox 611 3947 690 4012; x_wconf 83' lang='lat' dir='ltr'><strong>In</strong></span> <span class='ocrx_word' id='word_1_280' title='bbox 726 3946 916 4031; x_wconf 83' lang='lat' dir='ltr'><strong>Equo</strong></span> <span class='ocrx_word' id='word_1_281' title='bbox 951 3948 1232 4016; x_wconf 86' lang='lat' dir='ltr'><strong>Troiano</strong></span> <span class='ocrx_word' id='word_1_282' title='bbox 1266 3952 1390 4017; x_wconf 86' lang='lat' dir='ltr'><strong>scis</strong></span> <span class='ocrx_word' id='word_1_283' title='bbox 1426 3972 1565 4016; x_wconf 87' lang='lat' dir='ltr'><strong>esse</strong></span> <span class='ocrx_word' id='word_1_284' title='bbox 1598 3951 1668 4017; x_wconf 89' lang='lat' dir='ltr'><strong>in</strong></span> <span class='ocrx_word' id='word_1_285' title='bbox 1694 3962 1980 4017; x_wconf 83' lang='lat' dir='ltr'><strong>extremo</strong></span> <span class='ocrx_word' id='word_1_286' title='bbox 2016 3958 2185 4017; x_wconf 86' lang='lat' dir='ltr'><strong>‘sero</strong></span> <span class='ocrx_word' id='word_1_287' title='bbox 2218 3928 2494 4028; x_wconf 76' lang='lat' dir='ltr'><strong>sapiunt’2</strong></span> 
     </span>
     <span class='ocr_line' id='line_1_39' title="bbox 483 4024 2491 4133; baseline -0.005 -30"><span class='ocrx_word' id='word_1_288' title='bbox 483 4048 555 4105; x_wconf 83' lang='lat' dir='ltr'><strong>tu</strong></span> <span class='ocrx_word' id='word_1_289' title='bbox 589 4050 822 4119; x_wconf 83' lang='lat' dir='ltr'><strong>tamen,</strong></span> <span class='ocrx_word' id='word_1_290' title='bbox 858 4043 945 4106; x_wconf 91' lang='lat' dir='ltr'><strong>mi</strong></span> <span class='ocrx_word' id='word_1_291' title='bbox 980 4044 1212 4123; x_wconf 84' lang='lat' dir='ltr'><strong>vetule,</strong></span> <span class='ocrx_word' id='word_1_292' title='bbox 1245 4066 1377 4110; x_wconf 88' lang='lat' dir='ltr'><strong>non</strong></span> <span class='ocrx_word' id='word_1_293' title='bbox 1411 4066 1572 4111; x_wconf 87' lang='lat' dir='ltr'><strong>ser0.</strong></span> <span class='ocrx_word' id='word_1_294' title='bbox 1661 4044 1940 4133; x_wconf 84' lang='lat' dir='ltr'><strong>primum</strong></span> <span class='ocrx_word' id='word_1_295' title='bbox 1973 4046 2117 4113; x_wconf 86' lang='lat' dir='ltr'><strong>illas</strong></span> <span class='ocrx_word' id='word_1_296' title='bbox 2152 4024 2491 4106; x_wconf 70' lang='lat' dir='ltr'><strong>‘rabiosulas</strong></span> 
     </span>
    </p>
   </div>
   <div class='ocr_carea' id='block_1_14' title="bbox 2612 2378 2619 2443">
    <p class='ocr_par' dir='ltr' id='par_1_15' title="bbox 2612 2378 2619 2443">
     <span class='ocr_line' id='line_1_40' title="bbox 2612 2378 2619 2443; baseline 0 0"><span class='ocrx_word' id='word_1_297' title='bbox 2612 2378 2619 2443; x_wconf 64' lang='grc' dir='ltr'><em>ὲ</em></span> 
     </span>
    </p>
   </div>
   <div class='ocr_carea' id='block_1_15' title="bbox 2602 2444 2621 3093">
    <p class='ocr_par' dir='ltr' id='par_1_16' title="bbox 2602 2444 2621 3093">
     <span class='ocr_line' id='line_1_41' title="bbox 2602 2444 2621 3093; baseline 0 1466"><span class='ocrx_word' id='word_1_298' title='bbox 2602 2444 2621 3093; x_wconf 95' lang='lat' dir='ltr'><strong> </strong></span> 
     </span>
    </p>
   </div>
   <div class='ocr_carea' id='block_1_16' title="bbox 2610 3094 2619 3203">
    <p class='ocr_par' dir='ltr' id='par_1_17' title="bbox 2610 3094 2619 3203">
     <span class='ocr_line' id='line_1_42' title="bbox 2610 3094 2619 3203; baseline 0 -11"><span class='ocrx_word' id='word_1_299' title='bbox 2610 3094 2619 3203; x_wconf 59' lang='grc'><em>4</em></span> 
     </span>
    </p>
   </div>
  </div>
 </body>
</html>
