2675 4559
705 262 1260 320 EPISTULARUM
1293 264 1396 321 IV.
1434 266 1605 322 1—3.
2098 258 2178 325 71

174 393 350 468 bium,
393 387 544 474 quid
587 386 947 454 faciendum
987 386 1174 452 nobis
1210 386 1312 452 sit.
1401 388 1577 472 quod
1611 388 1934 457 existimas
1970 414 2180 459 meam
2214 416 2241 457 s

175 507 397 553 causam
440 482 842 548 coniunctam
884 504 1025 547 esse
1069 503 1219 546 eum
1254 492 1398 558 tua,
1441 494 1613 549 certe
1649 484 1874 550 similis
1904 486 1974 552 in
2007 498 2184 553 utro-

172 602 274 665 que
310 588 618 652 nostrum,
669 596 819 639 oum
861 575 1099 660 optime
1144 575 1553 653 sentiremus,
1608 576 1783 643 error
1823 578 1977 645 fuit:
2028 604 2180 645 nam

173 673 351 738 omnia
397 671 726 753 utriusque
791 669 1056 735 eonsilia
1107 669 1191 732 ad
1253 670 1660 735 concordiam
1712 684 2180 756 spectaverunt,
2222 732 2232 736 ,

171 788 277 852 qua
303 788 441 831 eum
473 764 601 849 ipsi
635 760 901 829 Caesari
934 762 1094 828 nihil
1128 773 1297 829 esset
1330 763 1578 838 utilius,
1615 766 1887 849 gratiam
1921 788 2178 851 quoque

169 883 265 925 nos
291 860 438 925 inire
472 858 561 923 ab
587 877 662 922 eo
692 856 1094 922 defendenda
1128 878 1289 942 paee
1325 856 1810 925 arbitrabamur.
1867 872 2180 945 quantum

171 976 265 1018 nos
298 950 587 1019 fefellerit
629 961 693 1015 et
735 972 928 1034 quem
971 951 1038 1015 in
1081 952 1295 1016 locum
1340 974 1442 1017 res
1488 951 1768 1018 deducta
1806 954 1915 1031 sit,
1969 955 2179 1033 vides3

170 1068 336 1130 neque
377 1046 583 1110 solum
627 1066 705 1109 ea
747 1043 1087 1153 perspicis,
1141 1064 1307 1128 quae
1351 1055 1667 1129 geruntur
1700 1068 1993 1131 quaeque
2048 1048 2181 1113 iam

171 1152 318 1225 gesta
347 1150 512 1216 sunt,
549 1137 668 1204 sed
701 1138 896 1203 etiam
930 1136 1044 1221 qui
1079 1159 1302 1203 cursus
1335 1161 1579 1215 rerum,
1615 1140 1729 1223 qui
1762 1141 1969 1205 exitus
2004 1141 2181 1207 futu-

170 1257 254 1299 rus
291 1234 380 1299 sit.
475 1255 633 1319 ergo
676 1243 789 1298 aut
834 1232 1108 1318 probare
1151 1243 1403 1318 oportet
1444 1256 1552 1312 ea,
1606 1256 1771 1318 quae
1822 1236 2012 1311 fiunt,
2066 1246 2179 1301 aut

168 1329 444 1403 interesse,
479 1326 749 1393 etiamsi
767 1348 898 1391 non
932 1325 1193 1413 probes,
1229 1348 1504 1411 quarum
1536 1328 1737 1394 altera
1761 1328 1918 1394 mihi
1952 1330 2177 1415 turpis,

169 1423 330 1487 altera
376 1422 566 1487 etiam
621 1420 982 1506 periculosa
1032 1420 1194 1487 ratio
1245 1421 1520 1487 videtur.
1606 1433 1807 1488 restat
1857 1433 1929 1487 ut
1973 1424 2179 1489 disce-

169 1515 403 1580 dendum
445 1524 702 1600 putem3
754 1514 821 1578 in
866 1535 994 1597 quo
1030 1514 1278 1598 reliqua
1320 1514 1575 1580 videtur
1610 1537 1748 1581 esse
1784 1515 2178 1594 deliberatio,

169 1609 306 1691 quod
331 1606 665 1674 eonsilium
691 1606 762 1673 in
785 1607 1092 1684 discessu,
1131 1630 1296 1691 quae
1330 1608 1476 1673 loca
1502 1629 1866 1691 sequamur.
1917 1610 2177 1676 omnino

169 1724 283 1768 cum
319 1704 606 1770 miserior
647 1726 751 1767 res
794 1725 1146 1787 nmquam
1193 1702 1455 1779 accidit,
1499 1713 1638 1768 tum
1680 1725 1763 1768 ne
1808 1703 2179 1770 deliberatio

169 1797 382 1880 quidem
425 1796 755 1863 diffieilior
761 1821 781 1874 3
822 1796 981 1862 nihil
1025 1797 1196 1862 enim
1233 1797 1531 1864 constitui
1566 1806 1805 1881 potest,
1841 1798 2015 1881 quod
2049 1819 2181 1863 non

167 1892 402 1958 incurrat
433 1892 501 1959 in
543 1914 852 1977 magnam
897 1891 1178 1975 aliquam
1226 1890 1688 1956 difficultatem.
1775 1901 1876 1967 tu,
1912 1890 1966 1956 si
2002 1890 2182 1957 vide-

167 1985 329 2063 bitur,
358 1987 446 2051 ita
479 2008 715 2053 censeo
751 1985 951 2050 facias
962 2033 983 2062 ,
1016 1997 1122 2062 ut,
1158 1985 1213 2050 si
1248 1985 1449 2051 habes
1482 1985 1613 2050 iam
1649 1995 1987 2063 statutum,
2023 1985 2182 2070 quid

168 2080 258 2144 tibi
293 2082 609 2167 agendum
651 2090 870 2166 putes,
923 2080 990 2145 in
1034 2101 1163 2164 quo
1209 2100 1338 2145 non
1392 2080 1475 2145 sit
1519 2080 1931 2145 coniunctum
1973 2080 2183 2145 eonsi-

166 2173 290 2239 lium
319 2187 492 2242 tuum
521 2198 676 2242 eum
703 2196 868 2251 meo,
906 2172 1322 2259 supersedeas
1361 2173 1485 2240 hoo
1516 2173 1735 2239 labore
1768 2173 2011 2242 itineris
2024 2192 2049 2251 3·
2080 2173 2179 2239 sin

170 2281 344 2335 autem
383 2282 477 2335 est
519 2268 701 2354 quod
742 2290 998 2334 mecum
1043 2267 1514 2333 communicare
1558 2268 1744 2345 velis,
1769 2290 1916 2355 ego
1963 2278 2025 2334 te
2070 2291 2183 2334 ex-

64 2444 66 2449 ,
171 2364 442 2446 spectabo.
527 2375 604 2428 tu
617 2408 636 2439 ,
689 2363 862 2447 quod
913 2374 1026 2427 tuo
1079 2362 1416 2427 commodo
1458 2361 1601 2440 fiat,
1654 2383 1850 2446 quam
1902 2362 2181 2448 primum

169 2456 322 2523 velim
350 2458 600 2617 vegilias,
649 2457 815 2523 sieut
847 2456 1138 2522 intellexi
1173 2467 1236 2522 et
1272 2454 1501 2522 Servio
1537 2467 1601 2522 et
1634 2456 2008 2522 Postumiae
2044 2457 2181 2542 pla-

170 2569 298 2616 eere.
375 2575 415 2617 v
478 2574 535 2617 e.

1098 2784 1206 2838 III.

396 2890 508 2946 Ser.
526 2890 746 2944 Romae
766 2892 1001 2943 exeunte
1020 2903 1209 2942 mense
1230 2884 1548 2959 Septembri
1567 2903 1617 2940 a.
1639 2902 1694 2939 u.
1717 2902 1764 2940 e.
1786 2886 1906 2941 708.

535 2991 614 3045 Μ.
655 2986 930 3046 CICERO
969 2987 1025 3044 S.
1061 2989 1134 3043 D.
1175 2988 1332 3044 SER.
1372 2987 1751 3046 SULPICIO.

266 3111 685 3181 Vehementer
718 3124 780 3178 te
819 3134 958 3177 esse
995 3112 1338 3177 sollicitum
1375 3122 1441 3177 et
1472 3111 1541 3175 in
1578 3096 2024 3180 communibus
2059 3112 2180 3176 mi-

171 3204 315 3270 seriis
343 3208 689 3294 praecipuo
716 3206 999 3290 quodam
1027 3207 1244 3271 dolore
1283 3205 1436 3290 angi
1470 3205 1657 3270 multi
1683 3205 1769 3269 ad
1801 3225 1919 3268 nos
1950 3204 2182 3269 cotidie

68 3379 69 3383 Ἰ
171 3294 450 3381 deferunt3
493 3301 670 3387 quod
712 3322 1105 3385 quamquam
1139 3298 1404 3373 minime
1438 3298 1634 3363 miror
1669 3308 1734 3363 et
1767 3320 1985 3363 meum
2022 3318 2183 3381 quo-

172 3388 287 3457 dam
316 3351 499 3461 modo
537 3418 846 3483 agnosoo,
894 3395 1078 3462 doleo
1113 3406 1330 3460 tamen
1376 3403 1438 3458 te
1473 3392 1787 3479 sapientia
1820 3389 2183 3501 praeditum

172 3503 331 3571 prope
387 3490 695 3577 singulari
754 3512 886 3553 non
936 3490 1064 3555 tuis
1116 3489 1300 3554 bonis
1353 3486 1658 3553 delectari
1719 3486 1933 3572 potius
1986 3506 2183 3569 quam

174 3576 351 3646 alienis
384 3585 565 3650 malis
598 3583 908 3649 laborare.
981 3606 1084 3648 me
1121 3583 1411 3667 quidem,
1450 3581 1571 3649 etsi
1603 3580 1843 3648 nemini
1880 3579 2182 3656 concedo,

174 3672 260 3752 qui
286 3678 578 3747 maiorem
611 3701 694 3745 ex
727 3678 1008 3764 pernicie
1045 3688 1110 3743 et
1141 3688 1324 3764 peste
1358 3677 1453 3743 rei
1486 3675 1787 3763 publicae
1824 3673 2186 3740 molestiam

174 3769 423 3848 traxerit,
474 3784 689 3839 tamen
723 3772 989 3838 multa
969 3795 1101 3837 ram
1137 3772 1548 3838 consolantur
1583 3772 1993 3851 maximeque
2031 3786 2184 3831 eon·-

177 3858 399 3928 seientia,
427 3867 833 3933 consiliorum
865 3888 1189 3943 meorum3
1223 3866 1426 3931 multo
1464 3864 1637 3930 enim
1671 3874 1818 3929 ante
1854 3873 2184 3943 tamquam

179 3970 239 4015 0¹
266 3956 462 4042 aliqua
495 3964 753 4048 specula
786 3962 1090 4049 prospexi
1123 3970 1571 4047 tempestatem
1606 3958 1921 4033 futuram,
1970 3976 2180 4038 neque

180 4038 228 4106 ¹d
263 4051 450 4119 solum
489 4079 630 4125 mea
674 4068 928 4144 sponte,
984 4057 1100 4123 sed
1141 4056 1346 4122 multo
1393 4053 1586 4120 etiam
1628 4050 1837 4138 magis
1884 4059 2181 4116 monente
