2675 4559
374 234 607 282 XXXIV
1129 236 1479 281 ADNOTATIO
1520 236 1779 279 CRITICA.

339 386 342 391 -
371 351 436 407 C.
471 350 564 403 Fr.
601 348 919 408 Hermann:
968 352 1244 403 rettuleras
1274 348 1352 402 M.
1388 380 1454 391 -
1490 350 1775 403 auctoritas
1815 347 1897 415 M,
1943 351 2001 403 S.
2042 350 2101 405 0.
2134 352 2649 421 auctoritatesque

374 430 544 482 seuius
578 426 654 481 M.
691 456 762 467 --
795 426 896 492 bis]
929 428 1011 479 uis
1033 424 1110 479 M.
1137 458 1201 467 -—
1237 443 1455 497 quaeres
1488 424 1843 495 Wesenberg
1882 442 1937 494 p.
1988 432 2083 479 105
2109 442 2194 496 sq.
2226 456 2295 467 --
2336 428 2503 483 Fab.
2552 460 2577 468 -
2612 460 2637 468 -

259 542 264 549 .
373 506 465 557 ubi
479 506 712 557 hercules
735 503 819 571 M,
847 520 1079 573 quaeres,
1103 504 1224 557 ubi!
1247 504 1343 571 ibi,
1370 504 1460 555 ubi
1488 502 1616 557 Fab.
1666 502 1725 571 (i.
1762 518 1809 556 e.
1844 500 2029 556 Fabia
2074 502 2249 575 tribu)
2296 502 2635 560 Orellius:

373 583 578 634 hercule
604 582 663 634 k.
695 612 766 621 —-
795 582 964 635 relino
1006 581 1098 633 tibi
1125 578 1202 633 M.
1235 610 1302 619 --
1328 597 1453 650 per-
1488 574 1664 647 fabius
1689 609 1711 619 -
1734 609 1757 620 -
1781 577 1957 646 fabius
1979 576 2058 648 M,
2082 596 2191 634 om.
2218 579 2341 633 alii.
2374 612 2465 621 —-
2508 582 2635 635 Vil-

375 660 615 711 contrari
633 657 712 711 M.
1488 658 1617 721 lius]
1646 656 1739 709 uil.
1775 654 1865 709 vel
1896 657 1988 709 iul.
2022 657 2161 728 (non
2191 658 2393 728 iulius)
2424 658 2518 711 M.
2552 690 2629 700 —-

441 734 548 804 Ep.
574 742 622 789 8.
657 735 853 789 caelius
879 734 1108 787 ciceroni
1125 736 1226 789 sal.
1249 732 1336 787 M:
1372 734 1450 787 M.
1490 734 1723 787 Lucilius
1746 730 2101 804 Nipperdey:
2134 735 2301 787 lucius
2330 734 2431 803 M,
2460 737 2629 789 Luc-

379 812 612 867 CAELI
616 814 710 867 US
728 810 1186 865 MCIC'ERONI
1197 810 1394 865 S.D.k.
1419 812 1439 880 ΙΙ
1484 811 1627 863 ceius
1648 808 1764 864 alii.
1788 840 1858 851 --
1878 812 2014 879 Pup.
2034 812 2263 877 Hirrus]
2278 813 2625 881 pupks'rrus

375 890 423 959 ξ.
461 896 508 941 1.
539 887 743 955 Rufum
787 887 962 942 altero
1005 887 1128 941 1600
1173 886 1284 941 del.
1313 886 1451 943 We·
1484 883 1563 959 M.
1588 916 1657 929 --
1676 886 1881 955 Eppius
1904 886 1967 941 M
1984 886 2056 957 (ξ.
2074 886 2175 959 6.):
2200 892 2405 958 oppius
2432 888 2510 941 M
2528 890 2627 960 (h.

375 964 728 1036 senberg-(p.
756 964 922 1036 103.):
956 980 1130 1019 uncos
1163 980 1269 1019 om.
1301 963 1359 1016 k.
1384 993 1453 1003 —
1486 961 1550 1033 l.)
1572 962 1630 1015 k.
1657 993 1729 1004 —
1750 966 1901 1030 Ten]
1936 974 2027 1021 ter.
2056 968 2159 1018 sal.
2183 964 2271 1032 M,
2306 969 2452 1019 Ter.
2484 968 2620 1019 Sal.

345 1044 584 1113 quaeris
615 1059 690 1095 an
714 1057 878 1095 causa
899 1040 984 1108 M,
1017 1058 1124 1111 qua
1154 1044 1365 1111 quaeris
1397 1042 1453 1094 in
1486 1039 1811 1111 (Salinator)
1834 1040 1899 1107 k,
1934 1042 2218 1099 Terentina
2250 1042 2377 1096 alii.
2408 1073 2493 1083 —-
2532 1044 2623 1096 uti

341 1166 347 1171 .
375 1137 540 1173 causa
573 1116 638 1173 C.
661 1117 756 1171 Fr.
781 1116 1090 1173 Hermann.
1120 1147 1192 1158 —
1220 1119 1316 1170 hoc
1349 1117 1449 1185 dif—
1487 1133 1531 1168 c.
1566 1119 1764 1185 pauhas
1806 1115 1893 1184 M,
1936 1118 2015 1170 uti
2048 1118 2115 1171 L.
2151 1120 2389 1173 Paullus
2429 1120 2497 1173 k.
2548 1150 2617 1159 -

371 1196 516 1263 ferre
547 1194 624 1249 M.
659 1224 728 1235 -·-
761 1196 986 1249 tuncium
1019 1193 1094 1247 M.
1129 1224 1198 1233 -
1227 1196 1277 1246 si
1314 1196 1455 1263 quod
1487 1196 1645 1263 coss]
1674 1210 1778 1248 cos.
1804 1191 1882 1246 M.
1906 1224 1975 1233 -
2006 1212 2070 1249 ea:
2102 1197 2210 1249 kal.
2237 1198 2424 1251 Mart.
2456 1196 2609 1251 We-

371 1274 576 1327 iniuriis
597 1273 706 1326 suis
731 1280 858 1325 esset
875 1268 962 1327 M:
995 1272 1044 1322 si
1063 1271 1188 1340 quid
1217 1272 1348 1323 iuris
1368 1272 1456 1323 sui
1485 1269 1730 1340 senberg
1770 1271 1847 1341 (p.
1888 1276 1985 1324 106
2010 1271 2184 1343 sqq.):
2229 1291 2283 1327 a.
2316 1274 2377 1327 d.
2421 1291 2497 1327 ea:
2533 1274 2607 1327 X.

373 1358 502 1403 esset
525 1346 830 1413 Victorius,
855 1348 907 1399 si
925 1347 1050 1417 quid
1069 1347 1263 1400 iniuria
1287 1347 1451 1415 ipsius
1484 1348 1592 1401 kal.
1618 1348 1839 1401 martias
1856 1345 1933 1414 M,
1953 1366 1999 1403 0.
2022 1349 2071 1402 d.
2092 1348 2355 1419 (omnibus
2386 1352 2609 1417 diebus)

371 1422 548 1495 (Rufi)
573 1431 700 1477 esset
725 1422 1078 1493 Wesenberg
1100 1422 1178 1492 (p.
1210 1428 1306 1477 103
1319 1423 1448 1495 sq.),
1484 1441 1549 1476 ex
1588 1426 1697 1477 kal.
1739 1424 1905 1479 Mart.
1949 1424 2253 1481 Hofmunn.
2279 1456 2354 1467 —
2392 1426 2602 1494 futura

370 1504 420 1554 si
439 1501 564 1569 quid
585 1501 792 1553 iniuriis
815 1516 966 1553 suum
987 1509 1118 1553 esset
1141 1498 1448 1555 Hofmann.
1484 1510 1652 1553 essent
1682 1502 2130 1557 de·consulatibus
2152 1503 2228 1557 M.
2256 1534 2325 1545 --
2364 1522 2440 1557 esc
2476 1506 2597 1557 kal.

371 1576 611 1631 Obelum
635 1576 809 1629 om.k.
837 1576 858 1646 ΙΙ
882 1582 930 1629 2.
955 1593 1050 1630 nec
1073 1578 1234 1647 quod]
1245 1580 1453 1648 nequod
1482 1579 1669 1630 martis
1691 1576 1768 1631 M.
1794 1610 1863 1619 --
1894 1581 2040 1649 quid]
2074 1582 2190 1650 quis
2213 1578 2289 1653 M.
2313 1610 2396 1619 —
2432 1582 2506 1633 de
2530 1596 2599 1633 ea

368 1654 445 1706 M.
489 1683 560 1693 —·
597 1656 874 1723 quicquam
920 1651 1256 1707 Lambinus:
1303 1656 1450 1724 quoi·
1483 1672 1544 1707 re
1582 1654 1909 1722 referrentur
1948 1674 1985 1709 a
2022 1658 2253 1709 consiliis
2284 1655 2350 1707 M
2360 1674 2379 1723 ς
2436 1657 2597 1711 haee

367 1747 528 1801 quam
559 1728 645 1798 M,
681 1733 920 1800 cuiquam
953 1729 1068 1784 alii.
1093 1760 1162 1770 -
1193 1732 1448 1793 maaeuna·
1485 1747 1583 1784 sex
1603 1729 1881 1785 voeabula
1904 1731 2013 1785 del.
2041 1730 2347 1784 Hofmann.
2370 1762 2455 1773 —
2474 1736 2595 1787 dies

341 1826 468 1879 que
508 1838 530 1847 -
564 1838 587 1848 ·
629 1806 822 1861 invidia
867 1806 1181 1861 Manutius:
1225 1809 1450 1862 maxime
1484 1808 1748 1861 comitales
1758 1805 1835 1859 M.
1855 1836 1923 1845 -
1939 1815 2173 1859 senatum
2194 1808 2420 1869 haberes
2446 1827 2589 1863 sane

367 1902 503 1955 quae
527 1914 548 1924 -
575 1916 596 1925 -
619 1885 848 1938 inuidiae
880 1882 966 1949 M,
999 1886 1355 1953 maximaeque
1377 1914 1399 1923 -
1425 1914 1445 1923 ·
1483 1893 1687 1951 tumque
1708 1898 1847 1935 cons.
1873 1881 2071 1947 faceret
2092 1882 2169 1935 M.
2200 1913 2260 1922 --
2295 1884 2587 1951 referren-

367 1962 587 2015 invidiae
619 1959 733 2015 alii.
757 1968 1063 2028 -praetor
1095 1962 1447 2027 expostulante
1480 1968 1565 2011 tur
1606 1975 1641 2010 a
1682 1958 1910 2011 consitas
1948 1956 2024 2011 M.
2058 1989 2129 1999 --
2172 1960 2349 2029 000]
2400 1961 2583 2015 immo
2656 2020 2658 2025 ,

368 2038 456 2092 ed.
499 2036 782 2091 Romana:
821 2043 1108 2103 praeterae
1143 2036 1446 2101 postulante
1483 2034 1731 2087 CCCLX.
1757 2062 1827 2075 --
1850 2050 1936 2089 eos
1961 2034 2272 2091 Manutius:
2297 2053 2401 2091 ses.
2432 2038 2580 2109 (non
2656 2026 2658 2101 ᾗ

365 2111 442 2179 M,
461 2121 681 2179 praetor
695 2113 996 2179 postulante
1017 2109 1074 2161 k.
1100 2138 1170 2148 —
1198 2110 1257 2171 Q.
1283 2108 1441 2163 Mad·
1478 2110 1589 2180 sex)
1612 2108 1699 2177 M,
1726 2119 1780 2163 ut
1806 2108 1867 2165 C.
1892 2108 1960 2163 F.
1986 2110 2301 2182 Hermann,
2326 2116 2389 2167 in
2412 2133 2577 2169 sena·
2657 2140 2658 2145 ¹

363 2187 461 2256 vig·
485 2186 582 2256 (ad
606 2184 722 2241 cie.
749 2185 818 2239 de
843 2182 1001 2238 finib.
1024 2200 1079 2254 p.
1095 2184 1265 2255 820.):
1291 2188 1336 2255 q’
1362 2185 1439 2255 M,
1478 2195 1583 2239 tum
1605 2185 1933 2257 Nipperdey
1964 2188 2129 2257 (Mus.
2159 2188 2338 2245 Rhen.
2366 2190 2571 2247 XVH.
2656 2192 2658 2230 θ

361 2264 502 2333 quod
516 2261 702 2332 vulgo.
751 2260 838 2316 cf.
851 2260 1206 2333 Wesenberg
1218 2279 1272 2331 p.
1289 2268 1439 2317 38.n.
1474 2278 1531 2331 p.
1564 2262 1725 2333 431.)
1787 2262 1873 2319 Cf.
1914 2262 2263 2337 Wesenberg
2293 2284 2351 2337 p.
2382 2274 2475 2323 35.
2498 2300 2570 2310 —

361 2357 417 2409 p.
447 2345 562 2391 104.
587 2369 656 2378 -
679 2340 799 2392 ilico
832 2336 917 2389 M:
949 2338 1092 2390 illico
1118 2336 1174 2389 k.
1202 2369 1270 2377 —
1301 2340 1439 2393 indi·
1477 2340 1731 2393 adducere
1753 2338 1838 2393 M:
1864 2342 2118 2395 abducere
2140 2342 2254 2397 alii.
2276 2374 2343 2384 —
2368 2347 2424 2399 si
2444 2346 2574 2415 quid

363 2424 504 2468 caret
527 2412 878 2483 Wesenberg
906 2413 987 2483 (p.
1016 2419 1114 2467 104
1137 2414 1275 2485 sq.):
1305 2418 1439 2485 inpi-
1475 2418 1590 2487 der.
1614 2417 1711 2471 .ad
1722 2419 1980 2486 populum
1993 2420 2142 2488 plue
2162 2422 2377 2489 latopus
2398 2420 2479 2475 M.
2494 2450 2566 2463 --

360 2501 438 2543 cet
461 2489 545 2555 M,
577 2490 762 2545 indicet
795 2488 908 2543 alii.
933 2520 1003 2529 —
1027 2492 1306 2557 pecuniam
1339 2492 1438 2547 Vi·
1474 2494 1553 2545 uti
1580 2492 1718 2563 (non
1742 2495 1821 2565 ut)
1846 2511 1947 2547 ser.
1972 2496 2108 2565 sulp.
2136 2495 2264 2566 (sie)
2296 2515 2520 2551 marcus
2540 2499 2551 2567 Ι

347 2566 590 2627 storius:
625 2566 958 2635 depecuniam
990 2564 1078 2634 M,
1123 2569 1184 2620 de
1211 2571 1438 2637 pecunia
1472 2578 1683 2623 marcus
1714 2572 1994 2624 marcellus
2028 2588 2131 2625 cos.
2158 2570 2234 2624 M.
2260 2604 2333 2613 —-
2354 2574 2561 2641 ferrent

360 2641 619 2697 Orellius.
646 2672 715 2682 —
739 2643 986 2711 peruem's
1018 2645 1090 2697 ad
1112 2640 1190 2697 M.
1214 2674 1282 2692 -ι
1311 2663 1437 2699 cau·
1473 2645 1609 2715 (non
1641 2646 1920 2718 referrent)
1956 2652 2192 2718 utroque
2224 2650 2350 2704 loco
2385 2650 2464 2705 M.
2490 2680 2558 2691 —-

357 2736 473 2772 sam
495 2718 576 2771 M:
597 2748 666 2759 --
687 2720 1115 2791 stultissimasque
1134 2718 1435 2776 Graevius:
1470 2724 1611 2793 quod
1629 2725 1679 2775 si
1699 2724 1740 2775 ii
1761 2720 2031 2779 Orellius:
2056 2729 2195 2796 quod
2215 2729 2257 2779 ii
2275 2726 2397 2781 Mk.
2424 2758 2495 2767 --
2518 2728 2552 2779 i.
2654 2782 2656 2795 1

355 2796 688 2849 stultissimas
709 2797 802 2865 qui
821 2795 896 2847 M.
915 2826 986 2837 --
1001 2798 1064 2849 de
1076 2806 1234 2865 patre
1259 2795 1434 2853 Grae·
1470 2816 1521 2851 n.
1560 2797 1865 2869 (intercessit
1895 2801 2067 2873 nemo)
2102 2802 2395 2874 Sigonius:
2428 2806 2461 2857 i.
2500 2822 2548 2856 u.
2654 2802 2656 2871 ἶ

355 2872 506 2945 vius:
548 2873 610 2943 de
651 2872 822 2939 patris
853 2870 930 2924 M.
971 2873 993 2942 fl
1038 2878 1086 2925 3.
1123 2884 1329 2943 coeptus
1361 2886 1436 2929 est
1470 2874 1665 2943 M,cen.
1678 2876 2149 2949 (censuerzunt)Th.
2162 2879 2489 2935 Mommsen.
2514 2881 2535 2948 ΙΙ
2655 2944 2656 2949 ¹

355 2947 582 3013 leqisque
613 2945 948 3000 Lambinus:
986 2958 1160 3003 coetus
1201 2953 1435 3022 leqesque
1470 2957 1519 3006 6.
1562 2953 1763 3023 scripta
1802 2954 2085 3021 adfuerunt
2124 2956 2201 3010 M.
2248 2990 2313 3001 -
2362 2958 2453 3011 Cn.
2500 2956 2542 3023 fi
2654 2954 2656 3009 ἐ

353 3021 428 3073 Μ.
455 3051 519 3061 -
545 3038 723 3075 eorum
746 3022 990 3076 iudicium
1014 3024 1090 3077 M.
1117 3054 1183 3066 -
1211 3028 1329 3081 idus
1352 3030 1432 3081 iu-
1466 3028 1593 3085 Fab.
1619 3031 1991 3085 Ahenobarbus
2026 3030 2291 3087 oremus:
2327 3052 2409 3087 cn.
2435 3034 2541 3101 fab.
2654 3014 2656 3051 ¹

351 3106 624 3169 ratumque
641 3096 716 3151 M.
737 3128 806 3137 --
815 3103 1148 3167 postulanter
1164 3120 1290 3157 usus
1309 3104 1429 3174 (i.e.
1467 3107 1844 3162 athenobarbus
1867 3106 1943 3161 M.
1964 3138 2032 3147 —
2057 3110 2115 3171 Q.
2148 3111 2403 3165 Caecilius
2426 3112 2539 3179 Q..f.
2654 3052 2657 3146 1

304 3188 306 3191 ’
343 3176 645 3241 postulante
661 3190 835 3243 rusus,
847 3174 1034 3248 afim,
1051 3184 1098 3247 9,
1113 3181 1429 3249 &vm-dect.
1464 3184 1591 3237 Fab.
1618 3184 1862 3239 Metellus
1886 3191 1987 3239 nos
2006 3184 2155 3255 (coll.
2178 3186 2223 3257 ς.
2246 3187 2347 3259 5.):
2373 3204 2420 3258 q.
2439 3203 2537 3239 me-

352 3249 428 3303 ad
460 3246 574 3303 cic.
611 3249 681 3304 de
716 3249 946 3307 divinat.
970 3252 1056 3321 II,
1087 3256 1227 3327 101.)
1260 3256 1335 3310 M.
1364 3290 1429 3300 —
1466 3262 1615 3315 tellus
1647 3279 1696 3331 q.
1729 3261 1771 3327 f.
1806 3258 1883 3313 M.
1917 3290 1986 3301 —
2017 3263 2169 3329 Rus]
2204 3264 2333 3331 plus
2364 3262 2439 3317 M.
2472 3290 2537 3301 -·

350 3326 683 3394 transeyisset
715 3330 1008 3389 rebiturum
1029 3329 1105 3383 M.
1139 3332 1281 3402 (cum
1312 3352 1428 3389 cum
1476 3337 1684 3403 Villius]
1725 3338 1880 3391 iulius
1920 3337 2011 3392 vel
2052 3339 2209 3391 uilius
2248 3337 2326 3392 M.
2370 3370 2435 3379 -——-
2478 3338 2529 3391 (J.
2652 3358 2654 3389 1

239 3480 244 3483 -
349 3402 415 3454 L.
425 3404 600 3455 Lollio
619 3407 963 3473 transeyisset,
989 3408 1276 3465 relaturum
1285 3410 1427 3465 Hof-
1464 3415 1716 3467 Lucceius
1743 3415 1799 3468 0.
1834 3411 1877 3479 f.
1910 3415 2045 3483 Pap.
2081 3416 2280 3468 Hirrus
2304 3415 2529 3471 Wesen-

347 3478 931 3561 mann.)—-repetendis
942 3480 1426 3539 M.-calumniam
1462 3489 1602 3561 berg
1624 3488 1702 3561 (p.
1721 3496 1833 3544 108.
1860 3489 1987 3543 coll.
2012 3490 2060 3559 §.
2075 3491 2176 3561 5.):
2202 3508 2311 3546 om.
2334 3492 2448 3546 Mk.
2466 3522 2530 3533 ·-—

347 3562 601 3637 eius-asset
645 3552 885 3623 Kayser.
934 3586 1002 3597 —-
1047 3560 1315 3615 emissario
1361 3564 1423 3617 S.
1459 3566 1619 3635 Pop.]
1640 3583 1780 3635 pom.
1806 3565 1883 3619 M.
1908 3596 1977 3607 -
2009 3570 2237 3635 Atteius]
2262 3571 2432 3623 atilius
2452 3566 2524 3621 M.

348 3624 511 3707 Tettio
582 3628 792 3683 amicus
863 3632 1089 3701 quidam
1159 3634 1423 3692 Munatii:
1459 3671 1526 3679 —
1548 3644 1729 3713 eppius
1760 3642 1847 3697 M:
1886 3645 2085 3714 oppius
2117 3644 2175 3698 k.
2199 3675 2270 3685 -—
2294 3647 2524 3700 Teretina

347 3704 531 3756 emissa
564 3707 775 3759 rustetio
807 3705 883 3759 M.
927 3710 946 3775 ΙΙ
990 3715 1040 3761 4.
1073 3728 1184 3763 rem
1207 3714 1425 3782 publica
1457 3734 1559 3771 nos
1580 3718 1743 3787 (coll.
1780 3718 1896 3775 Cic.
1936 3736 2040 3790 pro
2073 3719 2309 3775 Plancio
2343 3722 2419 3793 ἐξ.
2444 3726 2519 3774 21.

343 3776 423 3827 Μ.
448 3808 516 3818 -
539 3790 588 3869 et
610 3779 864 3849 ignaviter
887 3794 1009 3838 acta
1029 3784 1328 3859 Pluygers.
1357 3821 1419 3831 -
1458 3800 1539 3847 38.
1564 3800 1650 3848 43.
1678 3795 1811 3867 54.):
1838 3800 2095 3854 terentina
2116 3796 2193 3865 M,
2220 3802 2336 3852 Ter.
2366 3799 2515 3869 [Sal]

331 3868 546 3921 ‚pompei
568 3854 646 3909 M.
670 3886 739 3897 —
770 3860 877 3913 kal.
913 3864 1098 3917 martis
1129 3863 1206 3919 M.
1241 3897 1310 3909 —-
1342 3885 1419 3921 se·
1454 3869 1510 3922 k.
1560 3869 1644 3923 Of.
1680 3870 1728 3941 ἓ.
1752 3877 1803 3925 5.
1828 3901 1897 3913 —-
1918 3891 1964 3926 υ.
1998 3872 2065 3941 fi]
2101 3883 2158 3926 ut
2190 3872 2267 3927 M.
2295 3906 2358 3916 —-
2389 3877 2447 3928 de
2475 3892 2515 3927 r.

321 3935 496 4013 natus
529 3934 793 4021 consultus
816 3934 892 3989 M.
925 3938 946 4009 fl
981 3945 1030 3992 5.
1055 3942 1117 3995 S.
1146 3944 1200 3996 0.
1226 3946 1418 3999 Aucto·
1446 3963 1502 4014 p.
1520 3962 1578 4014 p.
1604 3948 1671 4001 R.
1705 3948 1763 4009 Q.
1790 3946 1851 4019 (i.
1878 3964 1926 4003 e.
1954 3952 2015 4003 de
2037 3968 2097 4003 re
2108 3952 2331 4019 publica
2345 3950 2518 4023 populi

339 4010 518 4057 ritates
549 4002 858 4083 Manutius:
901 4027 1112 4070 senatus
1153 4024 1417 4073 consultus
1452 4022 1679 4075 Romam·
1736 4019 2008 4084 Quiritium
2066 4020 2313 4084 Orellius
2368 4026 2513 4101 (coll.
