2675 4559
690 259 1248 318 EPISTOLARUM
1281 261 1383 318 IV.
1420 264 1471 318 6.
1494 264 1544 318 7.
2068 253 2144 317 ῖὲἶ*

149 399 368 456 ventum
404 421 488 433 -
532 384 622 450 sic
663 383 835 449 enim
879 384 1223 450 audiebam
1265 422 1353 432 -
1399 386 1934 472 adpropinquare.
2023 413 2144 473 ega]

147 495 322 549 autem
353 503 495 546 cum
526 478 738 545 multis
772 479 854 544 de
891 479 1100 544 causis
1136 492 1200 545 te
1235 492 1471 567 exopto
1508 503 1706 565 quam
1737 481 2017 567 primum
2051 485 2144 545 ri-

147 576 287 652 dere,
334 585 465 640 tum
499 574 717 651 etiam,
769 583 846 638 ut
888 584 1035 638 ante
1071 585 1574 639 commentemur
1613 576 1784 641 inter
1814 597 1966 653 nos,
2018 597 2144 661 qua

144 671 342 735 ratione
372 667 552 733 nobis
599 666 1062 732 traducendum
1106 668 1188 733 sit
1220 668 1345 734 hoc
1378 678 1661 753 tempus,
1710 666 1885 754 quod
1917 680 2018 736 est
2052 685 2144 733 tm-

143 779 250 830 tum
279 765 354 830 ad
384 764 570 829 unius
613 763 1006 829 voluntatem
1051 764 1668 829 accommodandum
1711 776 1775 830 et
1815 765 2144 849 prudentis

145 871 193 925 et
217 858 465 925 liberalis
501 868 595 935 et,
639 868 714 923 ut
746 856 1146 943 perspexisse
1181 858 1431 935 videor,
1484 878 1605 924 nec
1640 882 1680 923 a
1720 882 1823 924 me
1857 858 2048 926 alieni
2084 881 2140 925 *31-

144 953 234 1017 tibi
275 952 642 1019 amicissimi.
729 952 906 1035 quod
959 973 1107 1018 cum
1158 953 1250 1018 ita
1301 952 1413 1029 sit,
1466 975 1740 1039 magnae
1792 963 2007 1019 tamen
2052 977 2140 1017 eet

145 1046 590 1124 deliberationis,
624 1068 808 1131 ,quas
849 1046 1012 1112 ratio
1048 1046 1134 1112 sit
1167 1047 1450 1114 ineunda
1482 1048 1700 1123 nobis,
1743 1068 1875 1113 non
1908 1049 2140 1133 agendi

147 1141 352 1226 aliquid,
383 1142 496 1208 sed
527 1141 701 1207 illius
737 1162 1044 1208 concessu
1079 1151 1145 1208 et
1178 1142 1490 1208 beneficio
1527 1142 1918 1232 quiescendi.
1981 1145 2140 1207 vale.

968 1392 974 1399 ·
1045 1378 1179 1434 VII.

754 1480 875 1536 Scr.
892 1479 1107 1537 Romae
1129 1498 1180 1536 a.
1200 1498 1255 1535 u.
1276 1498 1323 1535 e.
1347 1482 1466 1537 708.

515 1582 597 1637 Μ.
636 1581 912 1640 CICERO
952 1581 1008 1639 S.
1048 1583 1122 1638 D.
1161 1581 1239 1637 Μ.
1277 1583 1715 1640 MARCELLO.

234 1704 357 1770 Etsi
387 1728 461 1772 eo
488 1716 552 1773 te
590 1705 804 1772 adhuc
840 1705 1105 1771 consilio
1139 1727 1330 1770 usum
1364 1706 1687 1792 intellegO,
1721 1715 1793 1770 ut
1825 1704 1897 1770 id
1929 1728 2140 1791 repre—
2184 1741 2196 1773 1

144 1797 362 1867 bendere
401 1822 530 1867 non
573 1799 883 1877 audeam,
937 1821 1070 1865 non
1110 1799 1270 1884 quin
1313 1800 1398 1865 ab
1444 1822 1521 1867 eo
1564 1800 1703 1886 ipse
1750 1798 2140 1873 dissentiam,

145 1894 226 1957 sed
249 1895 403 1979 quod
445 1918 522 1961 ea
565 1904 636 1961 te
678 1894 993 1979 sapientia
1028 1915 1169 1961 esse
1211 1894 1459 1971 iudico,
1538 1905 1613 1958 ut
1680 1916 1898 1960 meum
1934 1897 2140 1959 consi*

143 1986 258 2051 lium
284 2011 402 2054 non
435 2000 828 2076 anteponam
861 2000 1003 2067 tuo,
1040 2000 1255 2055 tamen
1289 2000 1355 2055 et
1387 1988 1707 2055 amicitiae
1739 1999 1995 2054 nostrae
2032 2013 2140 2053 ve—

142 2091 295 2147 tustas
333 2094 392 2149 et
431 2094 544 2149 tua
601 2105 854 2149 summa
894 2105 1051 2169 erga
1095 2106 1198 2149 me
1241 2083 1714 2161 benevolentia,
1768 2105 1935 2168 quae
1983 2085 2140 2148 mihi

141 2171 235 2239 iam
262 2199 295 2239 a
322 2177 588 2262 pueritia
626 2188 738 2243 tua
773 2177 1032 2263 cognita
1067 2188 1184 2254 est,
1220 2199 1323 2242 me
1360 2176 1613 2242 hortata
1637 2186 1735 2242 est
1765 2186 1841 2241 ut
1876 2198 1954 2243 ea
1986 2177 2140 2241 scri-

141 2265 309 2335 berem
338 2272 416 2337 ad
448 2284 542 2351 te,
588 2292 761 2357 quae
794 2284 861 2337 et
895 2272 1088 2337 saluti
1123 2284 1272 2338 tuae
1309 2273 1668 2339 conducere
1705 2272 2044 2338 arbitrarer¹
2080 2287 2136 2337 et

143 2382 237 2427 non
270 2365 459 2433 aliena
502 2389 648 2433 esse
692 2365 996 2432 ducerem
1027 2390 1072 2431 a
1107 2366 1439 2453 dignitate.
1530 2389 1651 2453 ego
1687 2390 1835 2434 eum
1878 2378 1943 2432 te
1978 2389 2136 2441 esse,

144 2456 223 2537 qui
255 2456 461 2525 horum
500 2460 822 2525 malorum
873 2459 1052 2526 initia
1096 2461 1298 2526 multo
1344 2472 1491 2528 ante
1536 2462 1802 2537 videris,
1848 2461 2140 2527 consula-

143 2558 244 2614 tum
276 2554 887 2640 magnificentissime
931 2567 1129 2640 atque
1172 2556 1410 2642 optime
1457 2558 1761 2643 gesseris,
1813 2558 2136 2641 praeclare

143 2647 372 2726 memini3
423 2651 537 2718 sed
588 2649 763 2715 idem
813 2650 1009 2716 etiam
1058 2650 1170 2717 illa
1221 2652 1385 2727 vidi,
1437 2674 1647 2735 neque
1699 2663 1762 2717 te
1807 2651 2136 2717 consilium

147 2736 298 2806 civilis
327 2741 470 2809 belli
502 2745 596 2809 ita
631 2744 897 2830 gerendi
929 2768 1049 2812 nec
1077 2746 1294 2832 copias
1314 2743 1438 2811 Gn.
1458 2744 1755 2831 Pompeii
1777 2766 1902 2810 nec
1933 2766 2136 2831 genus

147 2834 398 2902 exercitus
451 2838 724 2924 probare
777 2861 1154 2925 semperque
1206 2862 1455 2905 summe
1508 2838 1829 2906 diffidere:
1892 2859 2023 2923 qua
2076 2841 2136 2901 in

146 2930 400 2997 sententia
438 2954 546 2999 me
595 2952 853 3016 quoque
897 2934 1098 2999 fuisse
1143 2935 1451 3001 memoria
1486 2946 1704 3001 tenere
1750 2948 1811 3000 te
1845 2934 2136 3001 arbitror*

145 3015 310 3124 {taque
339 3048 540 3111 neque
576 3037 652 3091 tu
683 3027 958 3093 multum
990 3028 1332 3095 interfuisti
1366 3030 1559 3096 rebus
1594 3029 1889 3117 gerendis
1918 3050 1983 3096 et
2018 3053 2136 3117 ego

145 3111 193 3176 id
218 3136 437 3205 semper
468 3122 597 3208 egi,
633 3144 717 3187 ne
750 3122 1153 3202 interessem3
1189 3146 1321 3189 non
1348 3124 1518 3191 enim
1552 3125 1630 3189 iis
1664 3126 1857 3191 rebus
1891 3149 2140 3212 pugna÷

70 3219 73 3224 “
144 3202 350 3291 bamus,
398 3216 635 3299 quibus
679 3217 893 3283 valere
937 3229 1338 3303 poteramus,
1394 3218 1686 3295 eonsili0‚
1741 3220 2136 3293 auctoritate,

146 3318 313 3380 causa,
343 3327 502 3390 quae
537 3319 720 3375 erant
751 3310 822 3375 in
852 3311 1038 3376 nobis
1074 3312 1422 3399 superiora,
1458 3312 1573 3379 sed
1608 3312 1860 3377 lacertis
1894 3322 1960 3377 et
1993 3313 2140 3377 viri-

147 3390 258 3498 b.⁰⁸’
294 3401 515 3484 quibus
559 3426 746 3489 pares
781 3426 913 3470 non
949 3429 1232 3473 eramusz
1277 3407 1431 3473 victi
1477 3430 1698 3473 sumus
1740 3406 1965 3493 igitur,
2011 3421 2140 3481 aut,

147 3505 188 3548 ⁸1
211 3489 354 3558 vinei
383 3495 656 3583 dignitas
681 3520 812 3564 non
844 3511 1075 3586 potest,
1109 3500 1299 3567 fracti
1326 3514 1498 3569 certe
1525 3513 1591 3569 et
1624 3502 1884 3581 abiecti3
1919 3500 1990 3567 in
2013 3525 2140 3585 qm]

148 3589 287 3648 tuum
317 3592 640 3658 consilium
671 3616 864 3660 nemo
907 3606 1120 3681 potest
1154 3618 1284 3663 non
1318 3598 1598 3665 maxime
1632 3598 1925 3675 laudare,
1970 3601 2140 3681 quod

146 3692 260 3743 <mm
288 3704 388 3768 epe
420 3686 714 3755 vincendi
747 3690 939 3755 simul
974 3691 1265 3759 abiecisti
1291 3694 1578 3760 certandi
1606 3694 1798 3759 etiam
1834 3693 2144 3779 cupidita*

149 3775 246 3878 tffn}
261 3780 710 3881 ‚ostendistique
753 3786 1108 3873 sapientem
1144 3798 1209 3854 et
1242 3788 1487 3855 bonum
1522 3789 1728 3854 civem
1769 3788 1951 3854 initia
1992 3786 2142 3853 beili

150 3866 307 3974 (ΨΜ
335 3872 597 3943 invitum
631 3880 982 3967 suscipere,
1017 3892 1306 3949 extrema
1348 3883 1622 3951 libenter
1654 3905 1785 3949 non
1827 3882 2140 3968 persequi..

155 3973 236 4058 §1¹11
261 3985 377 4031 non
405 3968 576 4038 idem
608 3975 974 4054 consilium,
1010 3978 1186 4061 quod
1219 3988 1322 4057 tu,
1359 3977 1563 4045 secuti
1597 3986 1775 4054 sunt,
1810 3996 1919 4042 eos
1954 3975 2140 4041 video
2180 3997 2200 4033 ει

158 4067 205 4113 ¹¹1
228 4053 335 4125 duo
367 4084 595 4149 genera
627 4093 766 4139 esse
802 4070 1169 4140 distractosz
1205 4083 1320 4142 aut
1355 4072 1522 4141 enim
1559 4090 1869 4139 renovare
1904 4070 2140 4139 benum
