2675 4559
673 280 1339 345 EPISTOLARUM'II.
1379 289 1568 344 10.11.
2059 272 2145 348 35

143 419 206 481 ab
237 413 584 479 Alexandro
627 436 764 480 esse
811 422 1181 498 superatum
1215 449 1331 489 —-,
1380 413 1620 478 abduxi
1666 414 2015 481 exercitum
2060 415 2144 483 ad

141 509 563 574 infestissimam
594 506 856 574 Ciliciae
891 518 1158 593 partem.
1212 507 1305 571 ibi
1340 508 1633 590 quintum
1670 520 1734 573 et
1768 510 2143 578 vicesimum

140 604 236 666 iam
266 602 421 668 diem
455 604 827 689 aggeribus,
873 601 1107 679 vineis,
1153 601 1434 666 turribus
1472 602 1924 688 oppugnabam
1962 605 2143 690 oppi-

138 698 257 760 dum
287 698 790 772 munitissimum‚
826 696 1303 786 Pindenissum,
1338 697 1531 761 tantis
1567 698 1799 782 opibus
1836 708 2141 782 tantoque

138 790 362 875 negotio,
398 803 470 855 ut
505 791 664 855 mihi
699 790 782 855 ad
817 812 1133 855 summam
1165 790 1438 876 gloriam
1472 790 1631 855 nihil
1667 790 1831 857 desit
1864 792 1990 857 nisi
2024 814 2141 855 no-

138 906 250 947 men
279 884 514 969 oppidi,
552 885 728 968 quod
763 883 845 960 si,
882 895 955 949 ut
990 905 1204 970 spero,
1242 905 1471 969 cepero
1485 932 1503 962 ,
1541 896 1678 950 tum
1713 907 1863 950 vero
1899 886 2139 952 litteras

139 976 338 1061 publice
372 980 641 1044 mittam.
730 977 890 1044 haec
925 979 1009 1043 ad
1042 991 1107 1044 te
1141 979 1208 1043 in
1241 978 1564 1064 praesenti
1598 978 1853 1065 scripsi,
1888 990 1962 1044 ut
1980 971 2139 1066 ⁴spe·
2173 1000 2200 1039 4

140 1094 269 1137 rares
298 1084 356 1138 te
388 1074 659 1157 adsequi
692 1074 792 1151 id,
844 1074 1019 1157 quod
1054 1083 1359 1158 optasses.
1450 1074 1591 1149 sed,
1646 1086 1723 1138 ut
1762 1074 2022 1141 redeam
2056 1074 2142 1139 ad

138 1163 383 1243 Parthos,
434 1168 598 1232 haec
644 1177 852 1231 aestas
897 1166 1122 1231 habuit
1166 1167 1335 1233 hunc
1372 1167 1613 1234 exitum
1660 1168 1812 1233 satis
1855 1168 2136 1254 felicem:

138 1280 205 1332 ea,
233 1281 376 1344 quae
410 1262 721 1345 sequitur,
758 1282 993 1347 magno
1023 1272 1118 1325 est
1151 1261 1219 1325 in
1247 1262 1493 1328 timore.
1550 1283 1677 1345 qua
1702 1284 1791 1339 re,
1827 1262 1916 1326 mi
1943 1261 2135 1340 Rufe,

138 1351 310 1437 vigila:
340 1356 620 1440 primum
655 1365 729 1419 ut
762 1353 919 1418 mihi
956 1355 1335 1420 succedatur
1345 1382 1363 1433 ;
1402 1356 1499 1420 sin
1535 1356 1603 1420 id
1631 1356 1768 1433 erit,
1805 1366 1878 1420 ut
1913 1356 2137 1421 scribis

132 1458 180 1509 et
206 1459 262 1512 ut
285 1471 395 1534 ego
421 1448 717 1524 arbitror,
753 1448 1040 1534 spissim,
1076 1448 1254 1525 illud,
1292 1450 1467 1533 quod
1501 1449 1691 1515 facile
1720 1462 1836 1528 est,
1874 1474 1955 1515 ne
1982 1448 2138 1535 quid

134 1540 248 1605 mihi
277 1541 566 1629 temporis
606 1555 1003 1629 prorogetur.
1071 1543 1151 1608 de
1186 1566 1254 1608 re
1290 1544 1571 1629 publica,
1608 1566 1688 1608 ex
1726 1544 1851 1609 tuis
1887 1544 2132 1622 litteris,
2225 1624 2230 1630 ⁸

133 1645 183 1696 ut
209 1647 368 1701 antea
409 1638 526 1701 tibi
562 1637 821 1722 scripsi,
875 1659 1023 1702 cum
1059 1636 1449 1721 praesentia,
1509 1647 1646 1700 tum
1683 1636 1874 1701 etiam
1917 1637 2137 1703 futura

136 1728 289 1814 magis
320 1742 639 1817 exspecto·
727 1752 857 1815 qua
890 1754 979 1808 re,
1016 1739 1091 1793 ut
1125 1730 1208 1794 ad
1242 1752 1346 1795 me
1383 1730 1597 1795 omnia
1634 1752 1829 1813 quam
1866 1729 2135 1817 diligen-

134 1820 318 1889 tissime
347 1825 728 1911 perscriba8‚
766 1835 828 1890 te
864 1824 1278 1889 vehementer
1314 1844 1493 1909 rogo,

1053 2059 1157 2113 XI.

350 2163 462 2219 Ser.
480 2164 541 2218 in
559 2162 855 2233 provincia
870 2162 1052 2232 pridie
1068 2162 1262 2218 Nonas
1279 2161 1506 2232 Apriles
1526 2178 1577 2217 a.
1597 2178 1651 2215 u.
1672 2178 1717 2217 c.
1739 2162 1856 2216 704.

244 2263 306 2319 M.
342 2264 618 2323 CICERO
655 2265 814 2320 IMP.
855 2264 912 2320 S.
947 2263 1022 2318 D.
1059 2264 1135 2317 M.
1174 2263 1459 2319 CAELIO
1494 2263 1771 2318 AEDILI
1806 2264 1977 2339 cUR.

227 2385 559 2454 Putarasne
597 2405 907 2470 umquam
935 2387 1222 2453 accidere
1257 2409 1465 2472 posse,
1502 2398 1574 2452 ut
1609 2386 1764 2452 mihi
1799 2388 1996 2453 verba
2020 2387 2133 2452 de·
2168 2410 2193 2449 1

132 2491 317 2556 essent,
348 2504 555 2567 neque
595 2480 806 2546 solum
840 2480 963 2545 ista
997 2491 1210 2545 vestra
1247 2481 1550 2558 oratoria,
1598 2481 1709 2545 sed
1744 2480 1903 2545 haec
1940 2481 2133 2545 etiam

132 2569 253 2635 levia
272 2576 604 2640 nostratia?
643 2575 874 2639 desunt
902 2583 1117 2638 autem
1150 2584 1409 2659 propter
1444 2573 1611 2638 hanc
1638 2596 1921 2650 causam,
1957 2572 2130 2657 quod

133 2663 337 2733 mirifice
370 2692 506 2734 sum
536 2669 870 2745 sollicitus,
906 2668 1215 2752 quidnam
1243 2668 1322 2734 de
1360 2667 1703 2752 provinciis
1733 2667 2128 2742 decernatur.
2240 2684 2247 2691 ·

133 2757 309 2826 mirum
346 2786 444 2829 me
489 2762 883 2829 desiderium
938 2773 1110 2827 tenet
1161 2762 1371 2839 urbis,
1424 2760 1793 2826 incredibile
1844 2782 2132 2824 meorum

133 2861 274 2933 atque
303 2856 363 2920 in
394 2858 620 2943 primis
665 2858 788 2934 tui,
836 2856 1091 2921 satietas
1129 2867 1345 2921 autem
1388 2854 1783 2941 provinciae,
1832 2854 1935 2919 vel
1979 2853 2131 2937 quia
2207 2916 2213 2921 .

134 2942 362 3014 videmur
387 2973 526 3017 eam
555 2949 801 3015 famam
829 2949 1172 3025 consecuti,
1209 2960 1282 3014 ut
1308 2971 1440 3014 non
1468 2959 1599 3013 tam
1630 2948 1909 3015 accessio
1936 2968 2131 3032 quae-

132 3035 281 3103 renda
309 3063 494 3125 quam
529 3046 796 3109 fortuna
828 3034 1174 3110 metuenda
1210 3043 1321 3119 sit,
1367 3044 1471 3109 vel
1506 3043 1658 3127 quia
1692 3053 1896 3108 totum
1932 3064 2130 3127 nego-

133 3128 249 3196 tium
277 3156 394 3201 non
435 3150 533 3204 est
579 3138 850 3223 dignum
897 3138 1140 3202 viribus
1175 3136 1440 3214 nostris,
1495 3137 1606 3220 qui
1650 3137 1892 3201 maiora
1937 3155 2130 3200 onera·

133 3219 177 3284 in
203 3247 258 3291 re
287 3229 532 3314 publica
569 3233 882 3299 sustinere
918 3243 981 3299 et
1014 3231 1334 3319 possimus
1374 3241 1436 3295 et
1473 3231 1811 3305 soleamus,
1848 3228 1951 3292 vel
1980 3230 2131 3311 quia

134 3314 244 3384 belli
279 3329 483 3413 magni
527 3329 722 3393 timor
763 3329 1097 3414 inpendet,
1154 3327 1325 3413 quod
1382 3324 1673 3391 videmur
1718 3323 2032 3409 effugere,
2078 3322 2133 3386 si

135 3410 193 3472 ad
220 3422 596 3487 constitutam
647 3422 817 3488 diem
864 3422 1265 3489 decedemus.
1358 3420 1437 3485 de
1482 3417 1807 3504 pantheris
1850 3436 1965 3502 per
2000 3438 2128 3507 eos,
2166 3437 2190 3477 s

135 3506 215 3584 qui
249 3514 446 3579 venari
489 3518 725 3593 solent,
780 3516 994 3602 agitur¹
1047 3516 1356 3581 mandatu
1407 3536 1553 3579 meo
1599 3512 1963 3598 diligenter,
2018 3510 2158 3577 sed'
2246 3524 2250 3529 '

136 3600 255 3665 mira
285 3611 558 3690 paucitas
595 3621 694 3676 est
738 3622 803 3676 et
837 3634 976 3688 eas,
1031 3633 1197 3696 quae
1243 3620 1392 3675 sunt
1402 3619 1427 3687 ‚'
1477 3608 1663 3673 valde
1709 3607 1887 3673 aiunt
1930 3606 2130 3691 queri,

138 3696 268 3771 quod
294 3701 440 3767 nihil
474 3704 775 3789 cuiquam
811 3704 1186 3769 insidiarum
1219 3703 1287 3767 in
1313 3726 1460 3768 mea
1491 3700 1820 3788 provincia
1853 3700 1977 3764 nisi
2010 3698 2132 3762 sibi

139 3782 238 3864 fi³t3
280 3792 482 3879 itaque
537 3797 938 3863 constituisse
991 3799 1289 3863 dicuntur
1348 3798 1420 3863 in
1473 3794 1734 3862 Cariam
1786 3816 1865 3858 ex
1917 3800 2133 3854 nostra

141 3884 404 3957 Provincia
437 3891 764 3959 decedere.
847 3892 963 3959 sed
996 3905 1211 3959 tamen
1250 3892 1473 3957 sedulo
1508 3892 1601 3968 fit,
1638 3900 1701 3955 et
1735 3889 1803 3953 in
1835 3884 2057 3971 primis
2093 3906 2132 3948 a

144 3967 359 4045 Patisco.
442 3980 744 4071 quicquid
796 3988 946 4065 erit,
999 3988 1116 4053 tibi
1170 3987 1319 4063 erit,
1375 3983 1488 4051 sed
1533 3982 1687 4067 quid
1735 3989 1901 4047 esset
1941 3979 2131 4065 plane

147 4072 561 4150 nesciebamus..
588 4081 745 4147 mihi
780 4082 1142 4150 mehercule
1179 4103 1456 4167 magnae
1492 4099 1684 4143 curae
1712 4087 1809 4142 est
1844 4074 2130 4142 aedilitas

1718 4175 1789 4229 3·
