2675 4559
673 309 1227 368 EPISTOLARUM
1259 313 1364 369 VI.
1401 313 1640 370 18—21.
2057 304 2178 370 141

175 449 421 522 tempore
450 434 743 500 monebo.
830 433 988 499 nihil
1033 445 1191 522 puto
1236 435 1356 500 tibi
1401 453 1543 502 esse
1565 431 1794 504 'utilius
1827 460 2025 524 quam
2058 441 2182 506 ibi-

172 532 291 596 dem
324 528 621 616 opperiri,
655 530 869 614 quoad
904 531 1067 596 scire
1100 531 1327 615 possis,
1365 531 1522 615 quid
1551 532 1672 597 tibi
1708 534 2032 620 agendum
2067 536 2178 614 sit3

168 649 291 691 nam
328 618 577 712 praeter
620 625 1047 711 navigationis
1090 625 1323 711 longae
1369 637 1434 692 et
1477 619 1766 692 hiemalis
1812 639 1876 694 et
1917 628 2178 697 minime

167 730 467 805 portuosae
518 717 875 804 periculum
889 766 909 795 ,
960 719 1135 803 quod
1188 719 1519 798 vitaveris,
1569 735 1654 786 'ne
1703 718 1862 786 illud
1915 723 2178 808 quidem

166 837 271 880 non
296 811 631 898 quantivis,
667 814 900 890 subito,
936 831 1085 880 cum
1114 815 1270 880 certi
1306 815 1547 899 aliquid
1581 817 1877 894 audieris,
1916 828 1980 883 te
2003 818 2177 884 istim

168 927 322 993 posse
366 902 703 994 proficisci.
790 907 949 974 nihil
992 918 1088 973 est
1130 921 1488 994 praeterea,
1531 925 1648 976 eur
1689 911 2069 977 adventibus
2114 923 2176 978 te

166 1001 359 1068 offerre
388 1001 650 1088 gestias.
685 1003 903 1068 multa
940 1013 1271 1089 praeterea
1302 1015 1542 1081 mettin,
1580 1027 1746 1089 quae
1781 1023 1930 1071 cum
1949 1004 2178 1072 Cilone

166 1107 345 1160 nostm
379 1095 868 1162 communicavi.
956 1097 1113 1181 quid
1156 1097 1398 1162 multa?
1447 1099 1590 1164 loeo
1625 1099 2076 1185 opportuniore
2109 1100 2177 1164 in

168 1189 244 1255 his
270 1190 442 1256 malis
476 1192 659 1256 nullo
696 1205 834 1258 esse
868 1189 1151 1278 potuim.
1188 1209 1269 1258 ex
1296 1209 1426 1278 quo
1460 1205 1544 1270 te,
1580 1214 1986 1278 quocumque
2013 1212 2176 1280 opus

166 1285 275 1360 erit,
306 1285 599 1351 facillime
634 1296 703 1352 et
738 1285 1209 1372 expeditissime
1242 1284 1556 1354 conferas.
1621 1288 1795 1372 quod
1829 1289 1883 1353 si
1918 1288 2180 1374 recipiet

166 1378 249 1444 ille
274 1401 358 1456 se,
392 1379 474 1444 ad
504 1389 767 1465 tempus
802 1376 1040 1457 aderis3
1076 1381 1174 1445 sin
1200 1417 1289 1428 —-
1316 1382 1619 1466 quoniam
1645 1383 1848 1447 multa
1877 1383 2176 1448 accidere

167 1483 389 1555 possunt
410 1501 500 1520 ·-—·-·-
526 1472 749 1557 aliqua
780 1495 885 1540 res
920 1493 1068 1539 eum
1102 1475 1206 1540 vel
1239 1476 1524 1561 inpediet
1557 1478 1662 1542 vel
1693 1477 2065 1556 morabitur,
2103 1489 2177 1544 tu

167 1565 237 1630 ibi
264 1567 392 1645 eris,
424 1566 539 1632 ubi
574 1567 794 1632 omnia
828 1568 989 1634 scire
1024 1567 1251 1654 possis.
1338 1569 1462 1635 hoc
1497 1570 1653 1635 mihi
1687 1565 1950 1656 proretis
1985 1572 2174 1638 valde

166 1661 355 1743 placet.
404 1662 484 1729 'de
518 1661 793 1746 reliquo,
828 1673 901 1726 ut
932 1672 997 1728 te
1034 1681 1224 1748 saepe
1258 1685 1376 1748 per
1408 1663 1648 1728 litteras
1684 1665 1973 1730 hortatus
2010 1689 2172 1742 sum,

170 1753 237 1818 ita
262 1755 439 1822 velim
478 1755 599 1821 tibi
645 1756 1063 1844 persuadeas,
1118 1766 1183 1822 te
1224 1757 1293 1821 in
1336 1757 1458 1822 hac
1493 1779 1690 1822 causa
1721 1757 1880 1822 nihil
1915 1757 2174 1834 habere,

69 1855 71 1860 '
171 1849 309 1929 quod
336 1848 445 1914 tibi
484 1850 851 1915 timendum
884 1850 994 1926 sit,
1039 1861 1291 1936 praeter
1324 1871 1732 1916 communem
1765 1872 1986 1916 casum
2022 1851 2178 1917 civi-

69 1969 79 2008 τ
170 1941 310 2020 tatis3
356 1942 463 2027 qui
506 1943 631 2010 etsi
678 1955 775 2008 est
815 1943 1261 2029 gravissimus,
1316 1955 1532 2010 tamen
1574 1943 1667 2010 ita
1700 1944 1975 2010 viximus
2011 1957 2077 2010 et
2109 1945 2178 2009 id

69 2043 72 2060 ⁵
173 2038 353 2102 aetatis
376 2039 502 2103 iam
528 2061 776 2116 sumus,
812 2049 883 2103 ut
911 2037 1144 2116 omnia,
1180 2060 1348 2124 quae
1375 2060 1505 2104 non
1533 2051 1750 2107 nostra
1776 2041 1966 2126 culpa
1989 2039 2177 2104 nobis

69 2139 71 2198 ζ
174 2131 443 2211 accidant,
488 2132 743 2200 fortiter
775 2133 943 2200 ferre
980 2134 1348 2200 debeamus.
1435 2134 1540 2200 hic
1575 2135 1671 2202 tui
1706 2156 1924 2204 omnes
1961 2133 2176 2201 valent

174 2246 497 2311 summaque
531 2229 777 2315 pietate
811 2239 875 2293 te
910 2227 1270 2295 desiderant
1306 2240 1372 2294 et
1415 2228 1690 2316 diligunt
1725 2240 1790 2295 et
1821 2231 2068 2295 coltmt:
2103 2241 2175 2295 tu

69 2347 72 2374 2
175 2340 293 2385 cura
320 2334 387 2387 ut
419 2324 639 2389 valeas
676 2333 742 2388 et
775 2333 839 2387 te
860 2321 1045 2412 *istim
1078 2347 1161 2388 ne
1195 2335 1434 2390 temere
1469 2345 1892 2390 commoveas.

1067 2559 1231 2614 XXI.

580 2659 698 2717 Sor.
717 2662 960 2716 Asturae
980 2679 1170 2718 mense
1188 2662 1372 2732 Aprili
1393 2680 1444 2716 a.
1463 2679 1519 2716 u.
1537 2679 1586 2717 c.
1606 2663 1730 2719 709.

809 2762 1084 2820 CICERO
1122 2762 1493 2820 TORANIO.

266 2881 420 2964 Etsi,
464 2909 620 2953 cum
662 2887 823 2952 haec
856 2887 939 2956 ad
974 2897 1039 2951 te
1074 2886 1463 2963 scribebam,
1507 2895 1619 2952 aut
1663 2885 2172 2973 adpropinquare

172 2975 335 3044 exitus
365 2980 553 3047 huius
600 2981 1129 3048 calamitosissimi
1170 2981 1321 3046 belli
1356 2991 1469 3047 aut
1511 2980 1638 3046 iam
1673 2981 1914 3066 aliqnid
1959 2991 2174 3048 actum

173 3077 220 3130 et
258 3073 602 3142 confectum
642 3070 1008 3151 videbatur,
1061 3086 1278 3140 tamen
1320 3075 1554 3140 cotidie
1597 3077 2176 3142 commemorabam

71 3199 74 3240 3
171 3171 219 3225 te
244 3187 423 3237 unum
454 3171 523 3236 in
560 3181 738 3234 tanto
772 3170 1058 3236 exercitu
1090 3169 1248 3235 mihi
1288 3169 1489 3235 fuisse
1523 3169 1932 3234 adsensorem
1965 3181 2031 3235 et
2071 3192 2176 3236 me

71 3251 73 3312 ἒ
172 3253 261 3320 tibi
288 3263 570 3348 solosque
604 3264 723 3328 nos
756 3263 1013 3341 vidisse,
1048 3275 1363 3347 quantum
1389 3274 1558 3329 esset
1591 3263 1660 3326 in
1693 3284 1771 3328 eo
1807 3263 1974 3328 bello
2003 3263 2173 3338 mali,

71 3365 73 3368 ’
172 3345 222 3412 in
249 3369 358 3434 quo
388 3374 502 3443 spe
535 3358 715 3444 pacis
750 3358 1011 3423 exclusa
1050 3357 1193 3443 ipsa
1226 3356 1492 3422 victoria
1535 3355 1754 3420 futura
1787 3365 1954 3420 esset
1997 3376 2176 3421 acer-

71 3515 73 3522 ,
174 3437 406 3526 bissum,
441 3467 609 3536 quae
636 3462 749 3518 aut
773 3450 1099 3518 interitum
1126 3451 1420 3516 adlatura
1447 3459 1635 3526 esset,
1665 3448 1719 3514 si
1747 3449 1952 3514 victus
1980 3467 2174 3526 esses,

176 3547 275 3639 3¹11,
306 3541 355 3606 si
382 3545 661 3624 vicisses,
700 3546 1089 3612 servitutem.
1142 3546 1364 3630 itaque
1400 3565 1543 3632 ego,
1580 3563 1772 3628 quem
1807 3554 1946 3608 tum
1979 3541 2175 3608 fortes

73 3641 76 3646 ’
176 3627 244 3691 llli
280 3634 383 3701 vifi
420 3649 488 3704 et
529 3640 877 3728 sapientes,
930 3639 1203 3706 Domitii
1246 3651 1310 3705 et
1347 3639 1612 3705 Lentuli
1625 3685 1642 3716 ‚
1697 3637 1992 3704 timidum
2037 3655 2176 3702 esse

179 3718 427 3796 ffioebant
454 3761 545 3782 ·-·-
576 3751 752 3800 eram
786 3733 1005 3821 plane;
1050 3733 1355 3798 timebam
1393 3733 1564 3799 enim
1599 3753 1684 3799 ne
1720 3731 2047 3799 evenirent
2079 3753 2176 3808 ea,

180 3831 310 3894 ‘luae
340 3825 694 3893 acciderunt
724 3855 833 3906 ab,
868 3827 1041 3894 idem
1076 3847 1249 3892 nunc
1280 3827 1439 3892 nihil
1473 3827 1668 3894 timeo
1704 3837 1768 3893 et
1803 3826 1887 3891 ad
1923 3847 2174 3892 omnem

184 3924 432 3986 ‘mmmm
479 3933 735 4006 paratus
794 3941 962 3988 sum.
1066 3937 1217 3987 c‘um
1266 3921 1514 4006 aliquid
1565 3920 1904 3988 videbatur
1963 3921 2178 3985 caveri

184 4017 349 4084 1³⁰⁸&
380 4022 511 4078 tum
538 4015 607 4080 id
639 4015 897 4102 neglegi
931 4014 1253 4092 dolebam3
1300 4035 1474 4079 nunc
1507 4035 1663 4081 vero
1698 4015 1937 4080 eversis
1973 4012 2180 4078 omni·-

186 4086 281 4158 ΒΗΘ
320 4103 521 4185 rebus,
575 4131 723 4176 cum
767 4110 1029 4174 consilio
1079 4109 1302 4195 profici
1348 4109 1506 4173 nihil
1559 4109 1788 4196 possit,
1842 4131 1974 4174 una
2018 4108 2180 4172 ratio
