2675 4559
477 249 607 317 252
1093 263 1170 317 Μ.
1208 261 1484 319 TULLII
1518 259 1923 318 CICERONIS

478 389 675 455 simus
712 386 835 452 sim
870 423 957 434 —
989 386 1198 451 omnis
1241 385 1414 450 enim
1451 384 1610 450 civis
1653 385 1848 469 plane
1879 384 2102 450 studeo
2137 407 2267 451 esse
2299 385 2465 453 salvos

473 516 581 558 —-,
619 481 851 547 deinde
886 481 998 564 qui
1033 493 1099 546 et
1129 502 1235 546 me
1260 489 1327 545 et
1350 501 1488 546 rem
1521 478 1847 564 publicam
1880 479 2196 545 vindicare
2227 480 2291 544 in
2316 480 2470 545 liber-

415 593 442 634 s
477 584 675 640 tatem
716 586 980 665 paratus
1024 575 1165 640 sim.
1253 573 1429 658 quod
1468 572 1850 639 familiarem
1893 595 2108 640 meum
2155 576 2219 638 in
2260 583 2471 639 tuorum

475 689 743 735 numero
778 669 999 746 habes,
1035 669 1331 754 opinione
1367 679 1481 733 tua
1513 667 1672 732 mihi
1704 667 1951 753 gratius
1985 679 2112 746 est3
2145 667 2375 733 invideo
2403 668 2473 732 illi

474 775 710 841 tamen,
746 763 921 847 quod
957 760 1243 828 ambulat
1278 773 1345 829 et
1377 763 1627 828 iocatur
1659 772 1892 827 tecum.
1979 783 2262 846 quaeres,
2293 762 2472 847 quanti

476 864 544 920 id
580 858 948 924 aestimem?
982 857 1038 923 si
1073 879 1382 941 umquam
1414 856 1665 921 licuerit
1701 856 1918 922 vivere
1951 856 2020 920 in
2055 856 2202 932 oti0,
2240 855 2474 942 experie-

476 952 592 1028 ris3
628 951 878 1017 nullum
913 951 1085 1017 enim
1118 950 1462 1038 vestigium
1489 950 1606 1014 abs
1639 961 1705 1015 te
1734 948 2131 1015 discessurus
2155 972 2306 1014 mm.
2351 946 2473 1015 illud

477 1048 887 1112 vshcmenter
917 1045 1227 1121 admiror,
1263 1067 1395 1109 non
1429 1043 1757 1130 scripsisse
1792 1054 1857 1108 te
1891 1043 2077 1121 mihi,
2112 1042 2400 1109 manendo
2425 1041 2475 1105 in

476 1140 804 1224 provincia
848 1163 931 1204 an
977 1138 1271 1205 ducendo
1319 1138 1669 1204 exercitum
1712 1137 1781 1202 in
1814 1137 2068 1205 Italiam
2103 1138 2196 1202 rei
2232 1135 2476 1223 publicae
2598 1134 2606 1168 ⁵

476 1235 684 1320 magis
718 1234 871 1300 satis
904 1232 1117 1298 facere
1148 1233 1424 1317 possim:
1471 1253 1594 1318 ego
1641 1231 1930 1316 quidem,
1978 1231 2099 1302 etsi
2141 1231 2292 1297 mihi
2321 1229 2476 1295 tutius
2598 1226 2605 1264 '¹

480 1352 552 1392 :m
592 1328 800 1392 minus
830 1327 1221 1393 laboriosum
1256 1336 1354 1391 est
1387 1348 1678 1404 manere,
1725 1337 1973 1403 tamen,
2011 1326 2164 1410 quia
2196 1324 2364 1390 video
2393 1321 2476 1387 tali

480 1440 759 1508 tempore
793 1421 996 1486 multo
1025 1421 1233 1508 magis
1267 1420 1631 1507 legionibus
1667 1442 1832 1508 opus
1866 1437 2011 1486 esse
2045 1441 2237 1511 quam
2268 1417 2477 1506 provin-

476 1520 616 1592 siis,
679 1537 845 1600 quae
907 1516 1284 1602 praesertim
1332 1515 1678 1601 reciperari
1727 1515 1906 1581 nullo
1957 1515 2216 1600 negotio
2263 1511 2478 1600 possint,

476 1608 800 1687 constitui,
854 1620 928 1675 ut
961 1631 1133 1675 nunc
1176 1619 1300 1686 est,
1355 1629 1503 1675 cum
1547 1608 1831 1676 exercitu
1873 1607 2209 1695 proficisci.
2291 1605 2478 1672 deinde

476 1728 552 1768 ξτες
592 1704 836 1782 litteris,
871 1725 1035 1789 quas
1068 1704 1325 1770 Pansae
1360 1703 1526 1781 misi,
1562 1724 1913 1789 cognosces
1947 1703 2194 1782 omnia3
2227 1725 2364 1767 nam
2391 1697 2478 1764 tibi

476 1820 694 1861 sarum
730 1799 1058 1884 exemplar
1089 1798 1254 1864 misi.
1340 1820 1489 1863 xvn.
1525 1796 1678 1861 Kal.
1715 1795 1926 1882 April.
1967 1795 2290 1863 Corduba

2603 325 2605 414 1

1366 2032 1616 2087 XXXII.

866 2133 983 2188 Scr.
1003 2133 1299 2189 Cordubae
1318 2133 1419 2190 VI.
1439 2135 1577 2191 Idus
1593 2135 1788 2189 Iunias
1807 2151 1857 2189 a.
1876 2151 1931 2187 u.
1953 2150 2004 2188 c.
2025 2135 2147 2189 711.

913 2235 977 2290 C.
1010 2233 1323 2294 ASINIUS
1360 2235 1648 2293 POLLIO
1684 2236 2066 2294 CICERONI.

412 2384 428 2420 :t
596 2356 845 2422 Balbus
898 2367 1199 2440 quaestor
1248 2380 1489 2444 magna
1539 2369 1876 2426 numerata
1925 2360 2202 2446 pecunia
2215 2408 2243 2438 ,Α
2283 2377 2476 2444 magno
2592 2388 2601 2431 ι

468 2450 748 2536 {sinder-e
783 2450 950 2527 auri,
986 2451 1227 2517 maiore
1261 2452 1514 2537 argenti
1557 2463 1779 2518 coacto
1815 2452 1897 2519 de
1930 2453 2210 2538 publicis
2245 2450 2477 2520 exactio·
2590 2438 2601 2519 ἦ

468 2548 687 2623 nibus,
721 2567 805 2610 ne
841 2545 1157 2632 stipendio
1192 2544 1456 2630 quidem
1490 2544 1802 2612 militibus
1831 2546 2116 2626 reddito,
2163 2549 2336 2614 duxit
2366 2568 2424 2610 se
2450 2567 2480 2606 a
2592 2524 2605 2593 l

472 2640 765 2705 Gadibus
801 2651 867 2706 et
900 2639 1183 2706 triduum
1229 2651 1608 2728 tempestate
1642 2653 1928 2708 retentus
1961 2642 2050 2706 ad
2087 2639 2328 2729 Calpen
2357 2637 2477 2704 Kal.

468 2735 666 2800 Iuniis
702 2735 950 2802 traiecit
974 2757 1116 2802 sese
1148 2735 1216 2800 in
1249 2756 1524 2823 regnum
1550 2736 1866 2822 Bogudis,
1903 2736 2095 2822 plane
2131 2737 2292 2804 bene
2321 2754 2479 2822 pecu-

466 2832 673 2894 liatus.
745 2828 846 2894 his
882 2829 1246 2895 rumoribus
1281 2841 1498 2895 utrum
1535 2827 1744 2896 Gadis
1778 2829 2095 2896 referatur
2130 2855 2213 2896 an
2246 2830 2478 2896 Romam

468 2960 548 2968 ==
568 2921 649 2988 ad
684 2921 972 3006 singulos
1000 2922 1170 2988 enim
1204 2923 1464 2990 nuntios
1499 2923 1864 3010 turpissime
1891 2925 2161 2990 consilia
2192 2932 2384 2989 mutat
2395 2956 2476 2992 -2

404 3040 428 3076 s
464 3014 748 3079 nundum
775 3015 928 3080 scio·
984 3017 1098 3083 sed
1124 3028 1379 3102 praeter
1403 3017 1576 3084 furta
1601 3029 1668 3084 et
1691 3014 1948 3105 rapinas
1975 3029 2044 3085 et
2069 3019 2267 3106 virgis
2295 3034 2475 3084 caesos

464 3108 668 3174 socios
680 3107 845 3174 haec
863 3130 1121 3195 quoque
1150 3111 1324 3188 fecit,
1344 3122 1419 3177 ut
1442 3112 1580 3197 ipse
1598 3112 1859 3198 gloriari
1877 3112 2061 3190 solet,
2079 3114 2319 3190 eadem,
2345 3127 2477 3194 quae

464 3204 540 3268 [J.
564 3200 835 3270 Caesar:
872 3204 1061 3283 ludis,
1098 3228 1258 3290 quos
1288 3204 1587 3273 Gadibus
1613 3206 1787 3284 fecit,
1823 3207 2226 3276 Herennium
2253 3203 2476 3272 Gallum

460 3290 851 3377 histrionem,
887 3321 1138 3366 summo
1172 3300 1473 3366 ludorum
1500 3299 1605 3365 die
1640 3300 1833 3366 anulo
1863 3323 2058 3368 aureo
2087 3302 2397 3374 donatum,
2424 3294 2475 3357 in

459 3416 608 3456 mn.
652 3414 903 3459 sessum
946 3393 1212 3461 deduxit
1244 3431 1332 3442 --
1366 3405 1462 3459 tot
1505 3394 1675 3459 enim
1726 3394 1968 3461 fecerat
2019 3395 2271 3461 ordines
2314 3409 2474 3474 eque·

460 3488 604 3552 stris
654 3488 781 3552 loci
830 3512 944 3565 --;
997 3486 1583 3571 quattuorviratum
1635 3488 1758 3554 sibi
1808 3489 2176 3576 prorogavit
2186 3513 2205 3567 3
2258 3481 2475 3552 comiti&

460 3582 696 3646 biennii
730 3581 927 3646 biduo
962 3581 1215 3660 habuit,
1258 3582 1384 3649 hoc
1418 3593 1513 3649 est
1549 3583 1968 3662 renuntiavit,
2013 3605 2173 3669 quos
2209 3582 2266 3648 ei
2297 3580 2473 3644 visum

456 3690 580 3752 ρει]
627 3676 880 3742 exsules
914 3676 1196 3754 reduxit,
1232 3699 1363 3743 non
1396 3677 1627 3743 horum
1660 3687 2051 3766 temporum,
2088 3677 2202 3744 sed
2233 3675 2470 3745 illorum,

456 3772 687 3852 quibus
732 3794 775 3836 a
815 3770 1131 3837 seditiosis
1173 3784 1435 3839 senatus
1480 3772 1839 3840 trucidatus
1885 3785 1997 3841 aut
2039 3772 2334 3859 expulsus
2374 3774 2469 3838 est,

392 3884 416 3920 s.
456 3864 608 3928 δεῖ.
652 3864 828 3931 Varo
879 3886 1130 3952 procos.
1216 3866 1327 3932 illa
1380 3890 1532 3934 vero
1583 3869 1712 3934 iam
1763 3890 1846 3935 ne
1899 3866 2194 3936 Caesaris
2245 3860 2469 3950 quidem

452 3956 774 4052 exemplo,
828 3960 1003 4043 quod
1053 3961 1223 4027 ludis
1275 3973 1674 4049 praetextam
1727 3963 1808 4028 de
1859 3986 1985 4029 suo·
2025 3962 2244 4028 itinere
2287 3955 2362 4022 ad
2398 3951 2465 4016 L·

452 4048 803 4117 Lentulum
847 4076 1098 4140 procos.
1144 4057 1614 4137 sollicitandum
1657 4059 1902 4147 posuit3
1949 4077 2012 4125 et
2055 4055 2304 4144 quidem
2341 4066 2462 4115 cum
