2675 4559
499 204 630 271 394
1121 216 1199 270 M.
1237 214 1513 272 TULLII
1548 212 1949 271 CICERONIS

1417 386 1639 443 XVIII.

995 490 1113 547 Ser.
1133 491 1351 545 Romae
1369 490 1598 545 ineunte
1620 505 1767 543 anno
1802 504 1859 541 u.
1880 505 1929 542 c.
1952 486 2069 571 709.

1015 594 1094 649 M.
1133 591 1410 650 CICERO
1448 591 1504 649 S.
1542 592 1619 646 D.
1656 589 1721 646 C.
1758 589 2041 647 CASSIO.

436 740 458 779 ι
625 716 916 803 Longior
960 717 1230 805 epis-tola
1264 716 1487 781 fuisset
1501 762 1520 793 ,
1566 714 1691 779 nisi
1734 735 1809 780 eo
1844 713 1984 798 ipso
2027 711 2312 798 tempore
2333 712 2505 797 'petita

495 822 664 877 esset
715 834 755 877 a
804 834 939 890 me,
993 834 1140 877 cum
1191 811 1323 877 iam
1374 811 1575 875 iretur
1617 807 1701 876 ad
1752 818 1847 885 te3
1901 806 2153 893 longior
2205 817 2425 883 autem,
2466 805 2505 869 si

497 904 792 993 φλύαρον
811 906 1089 991 aliquem
1107 904 1473 971 habuissem
1484 928 1504 983 3
1530 927 1682 969 nam
1702 900 2099 981 σπουδάζειν
2118 900 2253 966 sine
2270 898 2505 987 periculo

495 1000 608 1067 vix
647 1022 1012 1087 possumne.
1099 1000 1307 1065 ridere
1358 998 1589 1085 igitur,
1642 996 1924 1081 inquies,
1978 1016 2333 1081 possumus.
2409 1013 2507 1057 non

496 1095 859 1161 mehercule
895 1095 1224 1171 facillime3
1268 1117 1498 1159 verum
1542 1103 1756 1157 tamen
1791 1090 1983 1155 aliam
2014 1088 2454 1155 aberrationem
2480 1110 2507 1149 a

377 1253 390 1263 ,
496 1190 805 1256 molestiis
841 1190 1084 1254 nullam
1119 1188 1456 1254 habemus.
1544 1187 1658 1253 ‘ubi
1691 1186 1915 1273 igitur,
1950 1184 2233 1269 inquies,
2276 1180 2507 1269 philoso-

492 1284 688 1371 phia?
731 1295 844 1348 tua
877 1282 1192 1367 quidem
1171 1305 1242 1348 ιιι
1278 1282 1520 1360 culina,
1558 1304 1703 1347 mea
1736 1280 1805 1345 in
1837 1279 2161 1366 palaestra
2196 1288 2319 1354 est3
2348 1275 2506 1362 pudet

495 1378 664 1444 enim
697 1378 968 1443 servire.
1015 1378 1238 1463 itaque
1282 1379 1467 1444 facio
1490 1402 1593 1444 me
1633 1377 1789 1443 alias
1824 1398 1929 1443 res
1964 1388 2189 1463 agere,
2224 1398 2303 1441 ne
2335 1370 2507 1440 convi-

433 1492 458 1531 2
493 1472 655 1539 tium
698 1471 990 1537 Platonis
1044 1472 1322 1563 audiam.
1413 1473 1495 1539 d'e
1537 1472 1851 1559 Hispania
1902 1470 2064 1537 nihil
2117 1470 2323 1535 adhuc
2368 1466 2505 1541 certi,

492 1566 652 1632 nihil
695 1567 952 1631 omnino
995 1568 1168 1633 novi.
1257 1562 1322 1634 te
1377 1568 1603 1633 abesse
1646 1588 1791 1632 mea
1837 1587 2031 1631 causa
2078 1566 2337 1631 moleste
2383 1563 2505 1636 fero,

493 1674 606 1728 tua
639 1661 912 1769 gaudeo·
967 1662 1088 1728 sed
1108 1663 1359 1750 flagitat
1380 1662 1777 1728 tabellariae.
1815 1660 2060 1797 valebis
2086 1660 2283 1747 igitur
2304 1678 2507 1741 meque,

493 1770 566 1824 ut
601 1782 642 1824 a
675 1763 878 1845 puero
912 1758 1143 1837 fecisti,
1181 1758 1446 1824 amabis.

1447 1908 1629 1963 XIX.-

757 2012 875 2069 Scr.
891 2012 1189 2104 Brundisii
1198 2018 1435 2069 exeunte
1452 2028 1647 2069 mense
1662 2010 1930 2067 Ianuario
1950 2027 2003 2065 a.
2022 2028 2083 2065 u.
2104 2027 2155 2066 c.
2177 2010 2293 2066 709.

945 2115 1008 2171 C.
1045 2114 1365 2174 CASSIUS
1400 2114 1456 2174 S.
1492 2115 1568 2171 D.
1602 2114 1679 2169 M.
1716 2111 2106 2171 CICERONI.

431 2242 456 2281 1
621 2219 694 2287 S.
731 2242 792 2284 v.
840 2220 904 2285 b.
953 2240 1088 2285 non
1139 2220 1507 2293 mehercule
1558 2221 1627 2285 in
1678 2219 1803 2285 hac
1845 2240 1991 2285 mea
2043 2214 2503 2305 peregrinatione

489 2313 834 2399 quicquam
868 2313 1170 2379 libentius
1197 2314 1389 2391 facio,
1424 2334 1621 2398 quam
1650 2314 1865 2380 scribo
1890 2313 1975 2378 ad
2002 2323 2097 2391 te,
2078 2338 2095 2353 ·
2136 2313 2346 2379 videor
2371 2307 2503 2375 enim

489 2431 637 2475 eum
671 2418 1010 2494 praesente
1043 2408 1222 2493 loqui
1257 2420 1322 2473 et
1356 2408 1572 2474 iocari.
1652 2430 1773 2475 nec
1807 2419 2026 2475 tam-en
2060 2409 2189 2476 hoc
2224 2430 2339 2473 usu
2368 2401 2503 2469 venit

477 2513 748 2591 propter
791 2512 1044 2589 spectra
1089 2499 1392 2595 Catiana,
1445 2524 1563 2590 pro
1608 2524 1737 2589 quo
1781 2503 1898 2569 tibi
1942 2504 2239 2589 proxima
2280 2497 2504 2587 epistola

486 2608 580 2663 tot
623 2598 896 2665 rusticos
933 2596 1188 2664 Stoicos
1224 2620 1546 2684 regerem,
1602 2608 1676 2663 ut
1709 2594 1973 2663 Catium
2006 2597 2284 2663 Athenis
2324 2606 2504 2659 natum

425 2712 452 2753 2
488 2715 628 2759 esse
673 2692 869 2759 dicas.
956 2689 1240 2757 Pansam
1283 2702 1576 2757 nostrum
1622 2690 1903 2757 secunda
1960 2692 2291 2757 voluntate
2340 2682 2505 2752 homi-

485 2808 642 2851 num
675 2786 1055 2872 paludatum
1089 2808 1171 2852 ex
1203 2786 1365 2851 urbe
1398 2785 1607 2851 exisse
1634 2808 1781 2852 cum
1815 2785 2019 2871 ipsius
2046 2806 2245 2851 causa
2276 2778 2502 2870 gaudeo,

484 2889 624 2943 tum
675 2879 1039 2945 mehercule
1095 2880 1289 2945 etiam
1343 2880 1627 2945 omnium
1679 2892 2073 2958 nostrorum3
2140 2900 2323 2965 spero
2369 2871 2501 2940 enim

481 2970 771 3039 homines
805 2972 1262 3052 intellecturos,
1299 2985 1541 3057 quanto
1577 2975 1659 3039 sit
1692 2973 1992 3041 omnibus
2028 2974 2180 3040 odio
2206 2968 2500 3039 crudelitas

483 3077 549 3133 et
590 3078 832 3153 quanto
877 3068 1079 3133 amori
1113 3065 1411 3155 probitas
1456 3079 1521 3135 et
1562 3070 1929 3146 clementia,
1983 3080 2180 3155 atque
2222 3092 2323 3145 ea,
2371 3082 2499 3149 quae

479 3162 758 3229 maxime
785 3162 940 3228 mali
972 3172 1198 3248 petant
1224 3174 1290 3230 et
1319 3164 1793 3249 concupiscant,
1828 3163 1913 3229 ad
1948 3164 2153 3230 bonos
2187 3157 2495 3269 pervenire

480 3256 740 3322 difficile
794 3268 892 3323 est
945 3256 1116 3322 euim
1179 3258 1569 3343 persuadere
1628 3257 1997 3325 hominibus
2061 3256 2141 3325 τὸ
2194 3252 2380 3329 καλὸν
2424 3242 2493 3316 δι’

479 3346 640 3415 αὑτὸ
697 3346 955 3437 αἱρετὸν
1007 3372 1182 3429 esse3
1239 3348 1479 3439 ἡδονὴν
1532 3373 1687 3418 vero
1740 3366 1807 3418 et
1878 3348 2238 3439 ἀταραξίαν
2286 3350 2497 3416 virtute,

474 3441 737 3524 iustitia,
769 3449 865 3530 τῷ
899 3446 1078 3531 καλῷ
1115 3445 1330 3531 parari
1364 3458 1431 3513 et
1475 3468 1699 3513 verum
1734 3457 1803 3513 et
1846 3448 2181 3533 probabile
2214 3456 2326 3513 est.
2387 3442 2496 3526 ipse

476 3538 646 3605 enim
697 3538 1050 3625 Epicurus,
1105 3564 1149 3606 a.
1194 3561 1326 3626 quo
1380 3562 1601 3607 omnes
1656 3538 1829 3607 Catii
1881 3554 1947 3610 et
1998 3541 2329 3619 Amafinii,
2374 3529 2494 3601 mali

475 3633 818 3699 verborum
877 3632 1284 3721 interpretes,
1346 3634 1869 3722 proficiscuntur,
1934 3633 2115 3703 dicit.
2187 3631 2298 3703 οὖκ
2354 3628 2494 3697 ἔστιν

413 3746 439 3785 ³
473 3722 685 3813 ἡδέως
720 3722 872 3793 ἄνευ
908 3734 1028 3793 τοῦ
1063 3728 1279 3807 καλῶς
1313 3731 1425 3795 καὶ
1460 3728 1734 3809 δικαίως
1770 3730 1899 3819 ζῆν.
1952 3731 2169 3817 itaque
2202 3743 2266 3797 et
2295 3726 2491 3794 Pansa,

473 3820 586 3903 qui
619 3816 856 3907 ἡδονὴν
889 3822 1210 3907 sequitur,
1261 3824 1566 3891 virtutem
1600 3825 1862 3905 retinet,
1913 3836 1981 3893 et
2012 3825 2090 3905 ii,
2133 3823 2242 3910 qui
2277 3845 2314 3887 a
2342 3814 2490 3884 vobis

474 3912 822 3995 φιλήδονοι
847 3926 1179 3995 vocantur,
1208 3929 1357 3983 sunt
1384 3916 1745 4005 φιλόκαλοι
1771 3930 1836 3987 et
1864 3920 2271 4009 φιλοδίκαιοι
2295 3908 2491 3981 omnifl-

473 4014 598 4081 que
651 4002 916 4071 virtutes
963 4019 1028 4073 et
1074 4010 1292 4075 colunt
1339 4021 1403 4078 et
1446 4012 1739 4079 retinent.
1826 4014 2045 4099 itaque
2091 4012 2371 4088 Sulla‚0
2339 4020 2487 4071 cums
