2675 4559
763 269 1324 328 EPISTOLARUM
1356 272 1429 328 V.
1466 273 1549 329 16.
1572 274 1656 328 17.
2118 263 2243 329 109

162 400 287 465 hoc
334 396 724 484 gravissimo
777 404 845 461 et
891 392 1413 481 pestilentissimo
1466 417 1637 461 anno
1689 394 2245 465 adulescentulum

164 504 276 558 aut
319 512 608 578 puerum
649 498 1006 565 mortuum,
1055 490 1169 573 qui
1213 488 1373 553 mihi
1414 510 1545 554 non
1579 513 1620 554 a
1654 490 1753 555 dis
1795 491 2239 559 inmortalibus

163 598 434 673 ereptus
479 608 565 651 ex
597 583 698 649 his
744 582 1015 649 miseriis
1057 595 1254 667 atque
1299 605 1383 649 ex
1424 584 1823 667 iniquissima
1864 586 2239 653 condicione

162 681 336 747 vitae
372 679 726 745 videretur.
782 700 914 762 qua
946 700 1048 754 re,
1085 678 1142 742 si
1175 678 1292 743 tibi
1327 700 1531 745 unum
1567 677 1691 745 hoc
1724 679 1973 745 detrahi
2006 691 2239 767 potest,
2271 699 2301 741 5

160 798 242 841 ne
275 773 448 859 quid
483 773 564 837 iis
578 820 598 851 ,
633 792 796 857 quos
831 772 1090 849 amasti,
1126 772 1281 839 mali
1313 784 1505 858 putes
1540 772 1910 859 contigisse,
1957 774 2240 859 permul-

163 884 304 935 tum
351 868 480 933 erit
527 891 611 933 ex
655 888 944 933 maerore
989 878 1102 933 tuo
1148 867 1549 933 deminutum
1560 892 1579 945 3
1632 868 2027 953 relinquetur
2067 869 2238 935 enim

165 962 448 1049 simplex
502 962 617 1027 illa
666 961 798 1027 iam
850 982 1008 1027 cura
1057 960 1294 1027 doloris
1347 962 1475 1038 tui,
1528 983 1695 1046 quae
1738 983 1871 1027 non
1904 984 2064 1028 =cum
2110 962 2237 1027 illis

167 1057 787 1134 communicabitur,
843 1057 960 1123 sed
994 1056 1079 1122 ad
1124 1068 1188 1125 te
1222 1056 1437 1143 ipsum
1479 1058 1736 1144 proprie
1777 1058 2117 1135 referetur,
2170 1058 2240 1121 in

167 1174 296 1236 qua
328 1172 471 1217 non
505 1160 606 1217 est
636 1151 769 1217 iam
802 1151 1136 1237 gravitatis
1173 1161 1248 1217 et·
1273 1152 1625 1237 sapientiae
1660 1163 1829 1228 tuae,
1867 1172 2062 1236 quam
2098 1162 2171 1216 tu
2200 1174 2240 1214 a
2322 1192 2330 1201 -

167 1268 370 1333 puero
405 1244 816 1333 praestitisti,
851 1245 1020 1313 ferre
1054 1246 1511 1312 inmoderatius
1548 1268 1769 1312 casum
1800 1244 2241 1313 incommodo-

166 1364 312 1405 rum
347 1351 646 1424 tuorum„
700 1340 814 1424 qui
858 1340 940 1406 sit
975 1340 1058 1405 ab
1093 1362 1346 1419 eorum,
1400 1363 1563 1426 quos
1600 1341 1898 1409 dilexeris
1911 1387 1931 1417 ,
1982 1340 2243 1407 miseria

165 1438 474 1521 maloque
509 1435 858 1502 seiunctus.
911 1436 1150 1503 etenim
1185 1460 1334 1502 eum
1370 1460 1625 1523 semper
1667 1448 1731 1503 te
1771 1449 1837 1504 et
1871 1437 2137 1524 privatis
2170 1436 2240 1503 in

165 1532 362 1597 rebus
397 1542 470 1597 et
501 1529 778 1616 publicis
811 1531 1210 1623 praestitisti,
1263 1532 1505 1597 tuenda
1550 1532 1668 1597 tibi
1708 1542 1783 1597 ut
1827 1533 1912 1597 sit
1954 1533 2238 1619 gravitas

167 1638 230 1691 et
262 1623 668 1691 constantiae
704 1625 1132 1693 serviendum.
1220 1648 1396 1703 nam,
1428 1627 1603 1709 quod
1638 1627 1931 1691 adlatura
1963 1638 2063 1692 est
2093 1627 2239 1713 ipsa

169 1719 592 1796 diuturnitas,
627 1738 796 1802 quae
830 1720 1144 1785 maximos
1178 1720 1393 1785 luctus
1428 1730 1747 1786 vetustate
1780 1719 1973 1796 tollit,
2014 1719 2085 1784 id
2116 1740 2235 1784 nos

168 1814 544 1901 praecipere
609 1814 873 1879 consilio
935 1813 1405 1899 prudentiaque
1458 1814 1786 1881 debemus.
1890 1812 2129 1879 etenim
2180 1812 2235 1877 si
2268 1834 2297 1873 s

167 1910 348 1973 nulla
397 1907 526 1973 fuit
576 1926 884 1991 umquam
933 1908 1150 1973 liberis
1196 1908 1447 1974 amissis
1488 1918 1623 1973 tam
1664 1906 1963 1974 inbecillo
2006 1906 2237 1973 mulier

169 2005 404 2080 animo,
442 2024 612 2088 quae
645 2024 780 2071 non
813 2004 1453 2089 aliquandoxlugendi
1486 2005 1751 2071 modum
1787 2002 2032 2080 fecerit,
2066 2014 2237 2071 certe

43 2141 45 2184 ÷
165 2122 282 2165 nos
295 2147 314 2177 ,
354 2099 534 2183 quod
568 2110 668 2165 est
703 2100 840 2167 dies
875 2100 1197 2176 adlatura,
1243 2100 1312 2164 id
1356 2099 1621 2167 consilio
1656 2110 1803 2167 ante
1838 2098 2007 2167 ferre
2042 2098 2239 2170 debe-

43 2219 45 2224 ·
165 2218 312 2260 mus
365 2214 581 2277 neque
634 2205 1008 2280 exspectare
1057 2196 1361 2280 temporis
1414 2194 1831 2273 medicinam,
1884 2216 2079 2280 quam
2134 2216 2237 2261 re·-

167 2299 581 2375 praesentare
633 2289 880 2355 ratione
930 2289 1268 2374 possimus.
1356 2289 1455 2354 his
1510 2312 1633 2377 ego
1684 2290 1909 2357 litteris
1970 2290 2027 2356 si
2078 2288 2235 2374 quid

167 2382 617 2469 profecissem,
671 2382 1120 2449 existimabam
1173 2386 1526 2469 optandum
1579 2384 1885 2469 quiddam
1934 2407 2039 2450 me
2094 2406 2235 2451 esse

169 2478 582 2553 adsecutum,
617 2476 719 2543 sin
747 2477 959 2543 minus
987 2477 1155 2544 forte
1183 2479 1555 2556 valuissent,
1591 2479 1805 2545 officio
1840 2491 2055 2545 tamen
2092 2501 2233 2545 esse

169 2572 467 2637 functum
518 2571 640 2635 viri
702 2571 1285 2638 benevolentissimi
1337 2584 1534 2657 atque
1586 2572 1984 2650 amicissimi3
2038 2593 2233 2657 quem

168 2690 272 2732 me
307 2666 430 2731 tibi
466 2677 532 2731 et
565 2666 766 2746 fuisse
801 2689 1054 2753 semper
1089 2667 1415 2734 existimes
1451 2668 1647 2733 velim
1674 2679 1740 2733 et
1772 2668 2067 2734 futurum
2094 2689 2235 2732 esse

173 2760 480 2825 confidas.
1117 2804 1122 2811 .

1109 2912 1300 2969 XVII.

821 3012 939 3069 Ser.
958 3013 1172 3071 Romae
1193 3033 1340 3071 anno
1358 3016 1591 3072 incerto.
1685 3011 1692 3018 ’

597 3116 674 3171 M.
712 3116 990 3175 CICERO
1027 3117 1085 3174 S.
1121 3118 1196 3172 D.
1235 3118 1301 3173 P.
1342 3117 1603 3174 SITTIO
1638 3117 1706 3173 P.
1742 3118 1810 3173 F.

295 3230 454 3297 Non
497 3230 817 3297 oblivione
861 3232 1178 3298 amicitiae
1225 3215 1481 3297 nostrae
1512 3252 1723 3314 neque
1767 3223 2231 3297 intermissione
2269 3251 2293 3289 ι

171 3324 654 3392 consuetudinis
680 3347 862 3392 meae
897 3326 1332 3413 superioribus
1370 3324 1766 3411 temporibus
1800 3324 1883 3390 ad
1924 3334 1989 3390 te
2022 3324 2233 3389 nullas

169 3421 416 3487 litteras
443 3418 608 3498 misi,
631 3420 746 3485 sed
763 3421 938 3506 quod
958 3421 1174 3508 priora
1201 3432 1493 3507 tempora
1517 3420 1589 3485 in
1602 3417 1801 3485 ruinis
1826 3418 1919 3483 rei
1935 3418 2233 3505 publicae

169 3514 538 3598 nostrisque
561 3513 919 3593 iacuerunt,
946 3516 1302 3601 posteriora
1318 3525 1539 3581 autem
1556 3537 1659 3580 me
1678 3538 1719 3579 a
1744 3513 2080 3581 scribendo
2107 3513 2233 3579 tuis

169 3610 602 3678 iniustissimis
646 3621 840 3697 atque
883 3612 1310 3678 acerbissimis
1346 3611 1766 3678 incommodis
1811 3611 2231 3677 retardarunt.

171 3730 323 3775 cum
349 3726 508 3772 vero
535 3717 600 3771 et
624 3706 1033 3772 intervallum
1059 3706 1190 3773 iam
1218 3708 1373 3773 satis
1407 3708 1675 3794 longum
1702 3706 1929 3772 fuisset
1956 3716 2023 3771 et
2056 3715 2233 3769 tuam

169 3804 480 3868 virtutem
525 3801 851 3886 animique
891 3802 1401 3889 magnitudinem
1446 3800 1813 3887 diligentius
1858 3821 2066 3865 essem
2100 3818 2235 3862 ms·-

173 3920 324 3963 cum
356 3895 762 3973 recordatus,
806 3919 940 3963 non
973 3897 1198 3983 putavi
1233 3919 1377 3963 esse
1420 3897 1701 3963 alienum
1734 3893 2039 3959 institutis
2073 3891 2234 3957 meis

171 3991 335 4057 haec
372 3990 462 4055 ad
493 4001 558 4055 te
595 3991 900 4057 scribere:
947 4014 1069 4077 ego
1106 4002 1198 4069 te,
1234 3991 1314 4056 P.
1355 3989 1534 4067 Sitti,
1580 3999 1647 4054 et
1677 3987 1898 4074 primis
1934 3986 2235 4073 tempori·
2268 4006 2294 4045 ε

175 4084 298 4151 bus
340 4086 505 4163 illis,
557 4084 790 4169 quibus
833 4086 904 4152 in
944 4086 1250 4151 invidiam
1285 4084 1517 4151 absens
1564 4094 1627 4151 et
1668 4081 1738 4149 in
1771 4080 2012 4149 crimen
2044 4103 2235 4149 voca-
