2675 4559
470 233 603 300 324
1089 248 1166 302 M.
1204 246 1482 304 TULLII
1516 244 1916 304 CICERONIS

642 366 733 457 μὴ
769 366 901 454 μὰν
938 365 1273 436 ἆσπουόεί
1302 393 1377 456 γε
1411 369 1524 435 καὶ
1561 363 1838 446 ἀκλειῶς
1871 361 2258 451 ἀπολοίμην,

647 460 815 530 ἀλλὰ
850 468 1018 549 μέγα
1056 464 1247 551 ῥέξας
1282 489 1352 532 τι
1384 465 1496 530 καὶ
1534 460 1948 546 ἐσσομένοισι
1983 465 2337 528 πυθέσθαι.

470 571 587 640 sed
618 573 829 640 minus
862 574 994 638 iam
1026 587 1307 652 movent,
1343 585 1418 640 ut
1451 573 1652 639 vides.
1713 573 1932 658 itaque
1969 572 2054 638 ab
2089 569 2340 636 Homeri
2369 593 2476 636 ma-

470 666 909 754 gniloquentia
942 667 1200 733 confero
1234 689 1339 734 me
1376 667 1460 732 ad
1496 689 1650 733 vera
1682 677 2027 798 praecepta
2061 659 2428 752 Εὐριπίδου·

642 781 821 860 μισῶ
859 779 1212 866 σοφιστήν,
1254 773 1441 858 ὅστις
1477 773 1596 860 οὐχ
1633 774 1812 864 αὑτῷ
1851 777 2096 866 σοφός·

471 909 665 972 quem
700 911 959 954 versum
994 911 1189 956 senex
1212 887 1532 954 Precilius
1568 887 1791 954 laudat
1825 884 2085 976 egregie
2121 898 2182 952 et
2216 886 2299 952 ait
2327 907 2476 972 posse

470 981 748 1048 eundem
800 995 863 1048 et
918 975 1059 1064 α’μα
1112 981 1391 1067 πρόσσω
1447 982 1561 1047 καὶ
1615 975 1879 1048 ὀπίσσω
1935 981 2154 1048 videre
2197 991 2256 1045 et
2305 991 2476 1044 tamen

470 1075 673 1140 nihilo
706 1076 919 1141 1010118

646 1185 782 1252 αἰὲν
818 1182 1184 1272 ἀριστεύειν
1220 1188 1333 1251 καὶ
1367 1183 1778 1273 ὗπείροχον’
1757 1185 2034 1269 ἔμμεναι
2069 1181 2298 1252 ἄλλων.
2600 1141 2609 1272 i

408 1331 435 1371 s
472 1306 606 1384 sed,
642 1316 714 1372 ut
746 1306 1006 1372 redeam
1042 1304 1127 1370 ad
1159 1303 1248 1382 id,
1286 1304 1458 1374 unde
1495 1306 1708 1392 coepi,
1744 1305 2156 1372 vehementer
2187 1303 2334 1387 mihi
2364 1324 2480 1388 gra·
2598 1275 2608 1414 ]

467 1410 605 1464 tum
640 1397 897 1477 feceris,
939 1399 997 1464 si
1022 1399 1203 1479 hunc
1237 1398 1716 1466 adulescentem
1739 1397 2152 1465 humanitate
2185 1409 2317 1474 tua,
2348 1417 2477 1480 quae
2604 1417 2606 1458 i

468 1505 566 1560 est
608 1493 977 1581 singularis,
1032 1473 1570 1580 conprehenderis
1615 1505 1680 1561 et
1731 1495 1815 1560 ad
1861 1495 1962 1572 id,
2014 1495 2192 1579 quod
2239 1495 2478 1579 ipsorum

464 1587 889 1654 Preciliorum
931 1611 1130 1655 eausa
1170 1601 1239 1656 te
1284 1590 1448 1654 velle
1485 1588 1785 1666 arbitror,
1824 1587 2158 1656 addideris
2203 1585 2478 1653 cumulum

468 1682 1035 1762 commendationis
1078 1703 1281 1749 meae.
1365 1705 1608 1770 genere
1647 1705 1818 1748 novo
1863 1705 2014 1748 sum
2060 1683 2390 1748 litterarum
2415 1675 2478 1741 sd

466 1785 533 1842 te
574 1777 761 1855 usus,
808 1789 887 1842 ut
928 1777 1329 1864 intellegeres
1375 1799 1506 1842 non
1549 1776 1880 1862 volgatam
1933 1799 2080 1844 esse
2125 1770 2478 1842 commenda-

468 1871 727 1938 tionem.

1421 2020 1580 2078 XVI.

914 2123 1033 2180 Ser.
1051 2125 1297 2180 Asturae
1316 2141 1509 2180 mense
1527 2124 1712 2195 Aprili
1732 2141 1782 2180 a.
1803 2143 1859 2180 u.
1879 2142 1929 2180 c.
1954 2125 2060 2180 709

1066 2225 1345 2283 CICERO
1381 2225 1714 2283 CAESARI
1749 2225 1916 2282 SAL.

406 2361 429 2400 1
591 2336 672 2401 P.
722 2335 1030 2404 Crassum
1076 2361 1159 2404 ex
1201 2339 1375 2405 omni
1418 2341 1750 2407 nobilitate
1803 2337 2273 2408 adulescentem
2319 2332 2474 2402 dilexi

463 2431 841 2518 plurimum,
894 2443 958 2498 et
1010 2451 1093 2498 ex
1138 2454 1214 2500 eo
1260 2454 1409 2498 cum
1455 2435 1538 2500 ab
1589 2435 1851 2501 ineunte
1905 2435 2045 2503 eius
2098 2445 2297 2502 aetate
2343 2432 2475 2496 bene

464 2525 914 2612 speravissem,
966 2537 1105 2592 tum
1158 2527 1440 2615 perbene
1483 2529 1850 2595 existimare
1894 2531 2082 2618 coepi
2130 2530 2207 2594 iis
2245 2523 2476 2596 iudiciis,

462 2642 629 2706 quae
666 2621 745 2688 de
779 2643 859 2688 eo
892 2621 1139 2688 feceras
1152 2669 1170 2700 ,
1218 2623 1509 2710 cognitis.
1601 2625 1736 2690 eius
1768 2625 2074 2692 libertum
2107 2619 2474 2710 ¹Apollonium

462 2715 591 2780 iam
626 2727 765 2782 tum
798 2715 1097 2800 equidem
1112 2764 1131 2795 ,
1184 2738 1333 2783 cum
1365 2717 1474 2783 1118
1509 2715 1782 2796 viveret,
1823 2731 1902 2783 et
1943 2719 2162 2806 magni
2203 2715 2475 2784 faciebam

464 2821 528 2874 et
569 2807 953 2894 probabame
999 2821 1137 2876 erat
1180 2811 1350 2876 enim
1393 2823 1460 2877 et
1503 2811 1826 2877 studiosus
1873 2809 2096 2878 Crassi
2138 2824 2201 2878 et
2241 2809 2319 2876 ad
2363 2806 2478 2873 eius
2598 2845 2600 2896 ;

462 2903 707 2988 optima
740 2903 954 2968 studia
986 2903 1398 2972 vehementer
1431 2917 1654 2993 aptus3
1689 2907 1907 2992 itaque
1941 2908 2028 2972 ab
2063 2929 2139 2974 eo
2173 2902 2473 2972 admodum
2592 2902 2600 2974 1

401 3018 425 3056 11
462 2995 873 3083 diligebatur.
961 3010 1107 3084 post
1158 3011 1429 3067 mortem
1483 3013 1699 3067 autem
1736 2999 1959 3068 Crassi
2002 3025 2080 3069 eo
2123 2999 2274 3069 mihi
2312 2995 2468 3063 etiam

460 3091 713 3179 dignior
744 3092 921 3158 visus
958 3105 1083 3171 est,
1126 3115 1318 3178 quem
1362 3096 1431 3160 in
1473 3096 1680 3162 fidem·
1703 3107 1896 3181 atque
1931 3097 2267 3163 amicitiam
2297 3109 2470 3156 meam

458 3187 805 3274 reciperem
819 3235 838 3266 ‚
883 3189 1059 3272 quod
1092 3211 1203 3255 eos
1236 3211 1277 3254 a
1310 3211 1382 3255 se
1418 3190 1855 3258 observandos
1887 3202 1951 3257 et
1991 3189 2286 3257 colendos
2315 3194 2468 3272 puta-

458 3281 599 3359 bat,
644 3303 805 3366 quos
840 3282 948 3348 ille
984 3283 1311 3350 dilexisset
1344 3296 1410 3350 et
1455 3285 1691 3370 quibus
1736 3307 1923 3351 carus
1965 3285 2206 3352 fiiisset.
2287 3281 2470 3361 itaque

460 3387 523 3442 et
554 3375 641 3458 ad
673 3399 778 3444 me
812 3375 882 3442 in
918 3373 1213 3447 Ciliciam
1257 3378 1435 3446 venit
1467 3378 1814 3465 multisque
1859 3379 1930 3446 10
1962 3380 2152 3452 rebus
2184 3373 2330 3442 mihi
2357 3391 2468 3436 ma-

453 3490 587 3557 gno
622 3471 769 3536 usui
802 3471 926 3536 fuit
952 3483 1018 3538 et
1050 3473 1209 3540 fides
1238 3473 1376 3540 eius
1406 3484 1470 3540 et
1503 3472 1862 3566 prudentia,
1900 3484 1982 3550 et,
2020 3483 2090 3538 ut
2116 3470 2343 3558 opinor,
2373 3459 2466 3530 tibi

451 3565 523 3630 in
556 3559 997 3631 Alexandrino
1038 3565 1222 3645 bello,
1258 3579 1571 3652 quantum
1605 3557 1819 3634 studio
1855 3578 1918 3636 et
1952 3565 2248 3633 fidelitate
2279 3577 2464 3627 conse-

392 3679 418 3720 8
454 3659 569 3744 qui
603 3659 841 3769 potuit,
876 3682 1006 3727 1100
1042 3661 1275 3727 defuit:
1321 3661 1498 3747 quod
1533 3683 1682 3728 cum
1717 3673 1998 3748 speraret
2028 3673 2094 3726 te
2127 3675 2362 3743 quoque
2390 3650 2465 3714 ita

452 3752 847 3834 existimare,
881 3755 950 3820 in
986 3756 1371 3845 Hispaniam
1407 3757 1491 3824 ad
1525 3769 1612 3837 te,
1647 3756 1924 3824 maxime
1956 3758 2062 3823 ille
2096 3753 2334 3840 quidem
2363 3763 2460 3810 8110

451 3848 750 3927 consilio,
800 3851 917 3917 sed
952 3851 1146 3918 etiam
1188 3874 1295 3918 me
1329 3865 1620 3932 auctore,
1674 3865 1772 3920 est
1799 3848 2152 3940 profectus.
2235 3844 2328 3912 8111
2358 3857 2460 3926 οὲο

450 3941 1066 4010 commendationem
1100 3967 1229 4012 non
1266 3967 1410 4012 sum
1436 3947 1785 4035 pollicitus,
1820 3969 1950 4014 non
1979 3946 2156 4033 quin
2149 3963 2295 4010 eam
2326 3931 2458 4002 vali·

448 4040 663 4096 turam
699 4037 871 4119 apud
906 4049 971 4104 te
1000 4040 1361 4122 arbitrarer,
1399 4044 1512 4110 sed
1547 4065 1755 4130 neque
1783 4064 1972 4130 egere
1999 4040 2150 4108 mihi
2181 4049 2454 4104 commen·

2598 2326 2600 2330 ⁴
2588 2259 2601 2315 -
