2675 4559
475 245 608 312 408
1095 257 1173 311 M.
1209 255 1486 313 TULLII
1521 255 1922 313 CICERONIS

476 382 561 448 ad
596 394 659 448 te
695 381 851 446 mihi
896 379 1140 465 tibique
1178 380 1708 446 conservandum.
1799 401 1951 445 cura
1995 391 2057 447 te
2106 380 2294 446 etiam
2337 392 2504 466 atque

476 477 670 543 etiam
707 476 1070 562 diligenter.
1140 475 1303 540 vale.

414 594 441 635 2
606 568 863 656 Scripta
894 570 1024 635 iam
1061 569 1331 656 epistola
1368 567 1639 634 Hermia
1672 568 1867 634 venit,
1939 567 2162 655 accepi
2197 580 2366 633 tuam
2398 570 2506 654 epi-

475 664 702 729 stolam
720 663 1168 730 vacillantibus
1186 661 1500 739 litterulis,
1520 683 1642 728 nec
1671 662 1924 739 mirum,
1943 674 2077 726 tam
2096 662 2279 748 gravi
2296 662 2505 727 morbo·

475 780 598 844 ego
638 759 721 825 ad
755 769 819 825 te
837 758 1213 844 Aegyptam
1247 757 1411 832 misi,
1448 757 1625 840 quod
1670 777 1790 822 nec
1825 756 2216 822 inhumanus
2251 767 2344 822 est
2374 767 2430 822 et
2457 769 2506 821 te

472 853 651 918 visus
686 865 785 919 est
817 852 977 917 mihi
1012 852 1309 939 diligere,
1346 862 1417 918 ut
1452 851 1506 917 is
1543 863 1758 917 tecum
1793 863 1990 928 esset,
2038 862 2290 917 etcum
2323 873 2392 917 eo
2423 873 2506 916 co·

475 970 645 1025 cum,
682 970 810 1033 quo
845 959 1118 1015 uterere.
1192 948 1356 1013 vale.

1429 1096 1590 1152 XVI.

1235 1198 1356 1255 Scr.
1379 1215 1527 1254 anno
1549 1199 1782 1254 incerto.

1143 1302 1209 1368 Q.
1250 1302 1327 1355 M.
1365 1299 1663 1356 FRATRI
1699 1300 1863 1356 SAL.

413 1443 440 1482 ι
600 1417 707 1485 De
743 1417 1002 1495 Tirone,
1037 1417 1127 1482 mi
1162 1417 1428 1494 Marce,
1450 1417 1541 1482 ita
1576 1430 1639 1482 te
1676 1438 2021 1500 meumque
2061 1414 2427 1484 Ciceronem
2457 1429 2505 1480 et

468 1535 681 1579 meam
715 1511 1062 1577 Tulliolam
1096 1522 1410 1595 tuumque
1445 1509 1649 1580 filium
1685 1510 1972 1589 videam,
2009 1522 2088 1577 ut
2122 1511 2281 1576 mihi
2313 1510 2506 1597 gratis-

470 1607 707 1672 simum
752 1605 990 1685 fecisti,
1048 1628 1198 1672 cum
1243 1628 1424 1683 eum,
1477 1605 1816 1690 indignum
1859 1604 1969 1670 illa
2015 1611 2305 1683 fortuna,
2352 1603 2505 1669 nobis

472 1702 752 1768 amicum
796 1723 993 1786 quam
1039 1723 1297 1766 servum
1334 1723 1474 1767 esse
1509 1698 1820 1765 maluisti:
1857 1698 2016 1764 mihi
2054 1701 2273 1778 crede,
2316 1699 2428 1764 tuis
2458 1707 2505 1760 et

469 1798 639 1864 illius
675 1796 899 1863 litteris
936 1796 1232 1883 perlectis
1262 1796 1491 1862 exsilui
1525 1794 1766 1881 gaudio
1797 1806 1860 1860 et
1895 1795 2017 1860 tibi
2045 1806 2114 1862 et
2144 1819 2269 1883 ago
2303 1792 2504 1882 gratias

409 1914 437 1953 2
471 1904 537 1958 et
569 1893 878 1981 gratulor.
943 1892 997 1956 si
1034 1892 1205 1958 enim
1238 1890 1398 1955 mihi
1435 1889 1626 1956 Statii
1661 1884 1933 1955 fidelitas
1971 1901 2072 1955 est
2109 1901 2337 1956 tantae
2358 1887 2506 1953 volu-

419 2013 423 2017 ·
470 1986 653 2075 ptati,
689 1985 914 2071 quanti
941 2008 1080 2052 esse
1106 1986 1175 2051 in
1209 1985 1331 2050 isto
1359 1984 1518 2050 haec
1548 1983 1773 2050 eadem
1810 1985 1980 2049 bona
2011 1985 2272 2062 debent,
2309 1981 2503 2049 additis

466 2082 715 2159 litteris,
755 2081 1174 2157 sermonibus,
1212 2080 1630 2158 humanitate,
1668 2102 1834 2164 quae
1863 2089 2014 2145 sunt
2049 2079 2155 2145 his
2188 2079 2340 2166 ipsis
2367 2099 2504 2144 com-

468 2175 677 2240 modis
728 2174 1006 2261 potiora!
1078 2197 1223 2239 amo
1286 2185 1350 2240 te
1405 2174 1702 2240 omnibus
1757 2172 2056 2259 equidem
2118 2173 2202 2263 de
2253 2168 2504 2239 maximis

470 2269 709 2346 causis,
746 2291 971 2334 verum
1008 2269 1199 2334 etiam
1235 2280 1498 2356 propter
1531 2269 1727 2346 hanc,
1762 2268 1868 2335 vel
1903 2269 2082 2353 quod
2106 2269 2280 2334 mihi
2312 2269 2418 2344 sic,
2448 2276 2503 2328 ut

472 2361 770 2438 debuisti,
803 2361 1129 2427 nuntiasti.
1184 2373 1247 2428 te
1276 2374 1484 2428 totum
1509 2363 1576 2428 in
1602 2363 1824 2428 litteris
1854 2364 2006 2428 vidi.
2069 2363 2300 2432 Sabini
2325 2359 2502 2450 pueris

470 2467 533 2521 et
567 2455 831 2542 promisi
868 2455 1081 2520 omnia
1118 2467 1181 2522 et
1215 2456 1470 2523 faciam.

1407 2608 1598 2664 XVII.

1226 2710 1345 2765 Ser.
1369 2726 1514 2766 anno
1539 2711 1771 2766 incerto.

1068 2812 1411 2870 TULLIUS
1448 2811 1724 2870 TIRONI
1760 2813 1924 2870 SAL.

406 2950 430 2986 1
598 2927 826 3003 Video,
863 2926 1020 3012 quid
1055 2951 1239 3013 agas:
1278 2939 1422 2992 tuas
1459 2950 1717 3013 quoque
1746 2922 2046 3015 epistolas
2079 2930 2178 2994 vis
2215 2925 2424 2994 referri
2447 2924 2499 2987 in

466 3021 809 3086 volumina.
882 3020 998 3086 sed
1032 3020 1191 3088 heus
1228 3033 1330 3098 tu,
1368 3022 1479 3105 qui
1513 3019 1724 3089 κανὼν
1760 3045 1901 3088 esse
1936 3045 2230 3088 meorum
2265 3019 2499 3104 scripto-

462 3138 606 3178 rum
652 3115 852 3191 soles,
905 3115 1076 3180 unde
1120 3115 1280 3179 illud
1326 3126 1458 3180 tam
1505 3112 1768 3202 ἄκυρον,
1829 3117 2217 3182 ‘valetudini
2265 3112 2500 3181 fideliter

462 3209 905 3274 inserviendo?
994 3209 1165 3273 unde
1199 3209 1266 3273 in
1299 3209 1498 3274 istum
1531 3210 1744 3275 locum
1783 3211 2112 3276 ‘fideliter'
2161 3209 2369 3276 venit?
2415 3204 2497 3270 cui

466 3304 657 3368 verbo
695 3303 1087 3368 domicilium
1124 3315 1217 3368 est
1254 3305 1584 3389 proprium
1618 3303 1685 3370 in
1719 3304 1932 3371 officio
1947 3353 1966 3382 ,
2012 3305 2416 3392 migrationes
2445 3300 2496 3363 in

466 3398 743 3462 alienum
776 3398 1053 3465 multae:
1088 3420 1239 3468 nam
1276 3409 1342 3464 et
1368 3396 1659 3464 doctrina
1693 3411 1756 3466 et
1784 3400 2013 3464 domus
2041 3410 2106 3464 et
2141 3410 2337 3464 ars-et
2368 3415 2496 3480 ager

462 3490 653 3554 stiam
695 3491 905 3557 fidelis
938 3491 1062 3556 dici
1106 3502 1345 3577 potest,
1399 3503 1472 3557 ut
1507 3493 1618 3570 sit,
1672 3515 1802 3578 quo
1851 3493 2044 3559 modo
2080 3492 2494 3579 Theophrasto

458 3586 689 3670 placet,
727 3585 1091 3653 verecunda
1125 3586 1398 3653 tralatiO.
1488 3588 1603 3654 sed
1636 3588 1797 3659 haec
1832 3611 2071 3655 coram.
2151 3584 2493 3660 Demetrius

462 3682 634 3742 venit
668 3679 760 3744 ad.
784 3702 908 3756 me,
947 3701 1076 3764 quo
1104 3678 1367 3765 quidem
1397 3683 1716 3749 comitatu·
1735 3679 2138 3771 ἀφωμίλησα
2166 3683 2318 3748 satis
2342 3677 2490 3745 scite·

458 3786 530 3838 tu
566 3795 713 3838 sum
748 3772 1045 3840 videlicet
1080 3797 1211 3840 non
1246 3775 1510 3861 potuisti
1545 3777 1761 3845 videre
1774 3803 1792 3856 3
1831 3801 1970 3844 cras
2007 3777 2236 3854 aderit:
2273 3771 2490 3841 videbis

458 3866 673 3950 igitur.
760 3890 911 3935 nam
958 3891 1079 3955 ego
1124 3868 1273 3936 hinc
1318 3871 1624 3956 perendie
1667 3897 1856 3955 mane
1901 3873 2131 3960 cogito.
2172 3893 2178 3905 ·
2219 3865 2490 3941 valetudo

458 3970 570 4018 tua
606 3981 706 4024 me
742 3962 932 4028 valde
968 3963 1296 4042 sollicitat,
1343 3967 1458 4031 sed
1491 3967 1729 4037 inservi
1765 3980 1830 4034 et
1863 3968 1973 4037 fac
2006 3967 2241 4045 omnia3
2277 3975 2406 4028 tum
2437 3972 2487 4023 te

458 4070 709 4114 mesum
744 4075 905 4132 esse,
942 4068 1081 4124 tum
1116 4059 1273 4126 mihi
1310 4062 1809 4130 cumulatissime
1837 4064 1991 4129 satis
2026 4062 2233 4128 facere
2267 4065 2486 4144 putato.

88 4346 579 4532 A
