2675 4559
411 3983 434 4021 7

469 258 602 325 444
1091 266 1170 321 M.
1208 263 1484 321 TULLII
1518 261 1919 321 CICERONIS

467 396 536 461 in
580 415 682 461 me
725 391 1062 479 perfidiam
1101 388 1490 475 increparet,
1545 387 1802 452 auditus
1848 396 1945 452 est
1988 407 2235 472 magno
2284 384 2537 451 silentio

468 488 946 555 malevolorum.
1033 483 1367 570 respondit
1402 482 1464 548 ei
1499 481 1909 547 vehementer
1942 479 2301 565 Pompeius
2337 476 2539 545 Cras-

469 603 740 667 sumque
801 578 1165 665 descripsit,
1229 578 1520 661 dixitque
1580 584 1803 662 aperte
1854 598 1923 641 se
1988 573 2406 639 munitiorem
2456 574 2539 638 ad

469 674 950 742 custodiendam
987 674 1184 738 vitam
1231 694 1415 737 suam
1458 668 1627 746 fore,
1672 690 1869 755 quam
1901 668 2253 733 Africanus
2288 667 2539 743 fuisset,

471 792 666 856 quem
687 766 766 835 C.
788 766 1006 836 Carbo
1033 765 1473 835 interemisset.
1526 764 1747 848 itaque
1770 784 2047 849 magnae
2080 763 2241 828 mihi
2269 784 2377 829 res
2412 761 2543 827 iam

470 864 736 931 moveri.
750 863 1158 929 videbantur:
1203 883 1357 927 nam
1390 858 1741 949 Pompeius
1777 857 1939 923 haec
1971 855 2289 942 intellegit
2320 856 2542 921 nobis—

471 982 748 1045 cumque
777 956 1224 1033 communicat,
1257 952 1534 1021 insidias
1547 951 1721 1017 vitae
1746 974 1903 1018 suae
1928 950 2087 1027 fieri,
2116 947 2197 1015 O.
2219 946 2543 1017 Catonem

473 1078 512 1119 a
543 1050 782 1118 Crasso
815 1049 1176 1127 sustentari,
1207 1046 1440 1115 Clodio
1466 1045 1809 1133 pecuniam
1836 1043 2255 1131 suppeditari,
2291 1053 2545 1108 utrum-

473 1169 598 1231 que
647 1156 710 1211 et
757 1145 841 1210 ab
885 1166 960 1211 eo
1005 1154 1069 1210 et
1113 1166 1155 1209 a
1199 1139 1515 1216 Curione,
1560 1139 1799 1205 Bibulo
1846 1138 2205 1222 ceterisque
2250 1136 2390 1201 suis
2429 1136 2543 1202 ob-

473 1240 919 1309 trectatoribus
971 1236 1364 1315 confirmari,
1418 1235 1831 1301 vehementer
1882 1257 2021 1300 esse
2064 1233 2539 1319 providendum

471 1358 554 1401 ne
581 1333 974 1419 opprimatur
999 1331 1394 1398 contionario
1421 1331 1533 1396 illo
1566 1330 1806 1417 populo
1832 1353 1874 1396 a
1900 1352 1969 1395 se
2003 1350 2204 1415 prope
2234 1328 2537 1405 alienato,
2624 1330 2633 1341 '

471 1428 802 1495 nobilitate
837 1424 1124 1503 inimica,
1167 1446 1299 1491 non
1335 1446 1542 1509 aequo
1578 1434 1836 1501 senatu,
1870 1424 2205 1491 inventute
2238 1422 2539 1509 inproba.

355 1556 360 1561 ·
470 1526 689 1609 itaque
735 1544 804 1588 se
847 1517 1212 1607 comparat,
1267 1520 1557 1585 homines
1608 1542 1691 1585 ex
1742 1542 1915 1605 agris
1960 1518 2253 1595 arcessit3
2310 1539 2541 1602 operas

471 1628 691 1684 autem
725 1640 876 1683 suas
913 1614 1182 1683 Clodius
1219 1616 1580 1681 confirmat:
1628 1635 1859 1679 manus
1902 1613 1989 1679 ad
2022 1610 2394 1695 Quirinalia
2428 1633 2541 1697 pa-

471 1724 678 1790 ratur-3
738 1711 807 1777 in
859 1734 935 1777 eo
988 1712 1190 1776 multo
1243 1732 1464 1775 sumus
1516 1707 1877 1795 superiores
1930 1707 2130 1794 ipsius
2186 1706 2427 1793 copiis3
2480 1718 2541 1771 et

474 1828 713 1893 magna
747 1828 974 1872 manus
1010 1828 1092 1869 ex
1125 1804 1369 1870 Piceno
1406 1815 1472 1869 et
1508 1801 1727 1870 Gallia
1760 1812 2195 1887 exspectatur,
2234 1811 2311 1865 nt
2344 1801 2539 1867 etiam

477 1897 742 1967 Catonis
794 1898 1232 1985 rogationibus
1286 1898 1367 1963 de
1412 1898 1661 1962 Milone
1707 1910 1772 1962 et
1814 1896 2095 1962 Lentulo
2140 1895 2537 1961 resistamus.

477 2018 534 2059 a.
573 1994 636 2059 d.
670 2018 782 2059 1111.
818 1994 976 2059 Idus
1003 1992 1195 2057 Febr.
1226 1988 1475 2059 Sestius
1511 1991 1595 2055 ab
1628 1990 1839 2056 indice
1876 1986 1999 2055 Cn.
2027 1987 2225 2054 Nerio
2254 1988 2540 2074 Pupinia

475 2089 754 2153 ambitus
791 2100 886 2153 est
919 2088 1278 2174 postulatus
1313 2096 1379 2151 et
1422 2084 1647 2153 eodem
1694 2084 1797 2151 die
1832 2107 1873 2148 a
1920 2084 2203 2167 quodam
2238 2082 2342 2148 M.
2377 2082 2538 2149 Tul-

473 2183 560 2247 lio
595 2183 678 2248 de
714 2182 796 2246 vi.
882 2182 940 2245 is
975 2191 1113 2247 erat
1147 2202 1369 2266 aeger:
1416 2179 1709 2257 domum,-
1744 2189 1819 2245 ut
1853 2178 2220 2255 debuimus,
2266 2178 2354 2243 ad
2388 2200 2539 2243 eum

475 2275 693 2339 statim
717 2274 1008 2339 venimus
1037 2275 1224 2357 eique
1250 2296 1370 2339 nos
1397 2284 1565 2341 totos
1601 2272 2001 2350 tradidimus,
2035 2272 2235 2357 idque
2260 2271 2533 2339 fecimus

474 2378 727 2454 praeter
769 2366 1102 2431 hominum
1137 2366 1535 2452 opinionem,
1580 2368 1695 2451 qui
1725 2389 1842 2432 nos
1879 2367 1940 2433 ei
1982 2366 2124 2433 iure
2158 2388 2533 2434 suscensere

473 2461 816 2547 putabant,
861 2471 934 2525 ut
967 2460 1411 2527 humanissimi
1446 2461 1917 2548 gratissimique
1954 2470 2018 2526 et
2060 2460 2185 2547 ipsi
2220 2470 2287 2526 et
2333 2459 2536 2525 omni-

473 2556 598 2623 bus
631 2557 1014 2633 videremur,
1049 2553 1268 2640 itaque
1303 2556 1634 2623 faciemus.
1712 2556 1827 2622 sed
1862 2555 2033 2621 idem
2068 2555 2307 2621 Nerius
2341 2554 2533 2619 index

477 2652 676 2719 edidit
720 2652 804 2717 ad
849 2651 1164 2737 adligatos
1212 2648 1336 2717 Cn.
1376 2651 1731 2720 Lentulum
1764 2652 2027 2719 Vatiam
2071 2661 2137 2717 et
2172 2648 2252 2716 C.
2292 2648 2535 2717 Corne-

475 2746 664 2814 lium:
716 2749 751 2828 †
793 2746 918 2812 ista
953 2746 1032 2811 ei.
1119 2746 1349 2813 eodem
1403 2746 1507 2813 die
1560 2756 1821 2812 senatus
1874 2746 2237 2812 consultum
2288 2744 2535 2811 factum

479 2851 595 2918 est,
630 2850 703 2905 ut
737 2840 1106 2906 sodalitates
1143 2840 1581 2925 decuriatique
1618 2840 2037 2917 discederent,
2072 2840 2307 2923 lexque
2343 2838 2425 2905 de
2462 2839 2534 2903 iis

477 2934 770 3011 ferretur,
805 2945 897 3012 ut,
934 2934 1046 3018 qui
1079 2956 1208 2999 non
1243 2934 1701 3012 discessissent,
1738 2958 1817 3000 ea
1848 2956 2077 3019 poena,
2114 2952 2283 3018 quae
2318 2945 2421 2999 est
2458 2934 2533 2998 de

477 3026 592 3105 vi,
616 3038 1000 3095 tenerentur.
1089 3052 1147 3093 a.
1195 3029 1256 3093 d.
1291 3052 1383 3094 m.
1419 3028 1579 3095 Idus
1611 3028 1805 3095 Febr.
1853 3027 1986 3094 dixi
2031 3050 2147 3114 pro
2182 3027 2412 3093 Bestia
2458 3029 2533 3111 de

476 3121 721 3189 ambitu
771 3122 945 3208 apud
997 3132 1355 3209 praetorem
1410 3120 1533 3189 On.
1578 3122 1938 3189 Domitium
1988 3122 2059 3188 in
2108 3120 2251 3187 foro
2302 3123 2535 3199 medio,

477 3216 756 3281 maximo
803 3228 1163 3295 conventu,
1193 3217 1517 3303 incidique
1560 3218 1629 3283 in
1672 3240 1821 3285 eum
1862 3219 2075 3284 locum
2118 3217 2187 3283 in
2239 3217 2535 3295 dicendo,

479 3332 625 3375 cum
647 3308 897 3377 Sestius
923 3311 1140 3377 multis
1174 3312 1242 3376 in
1277 3314 1517 3398 templo
1538 3309 1826 3379 Castoris
1854 3312 2221 3379 volneribus
2254 3312 2535 3399 acceptis

478 3405 764 3471 subsidio
810 3402 1072 3472 Bestiae
1117 3418 1408 3472 servatus
1454 3417 1641 3473 esset.
1730 3407 1835 3473 hic
1878 3406 2535 3493 προῳκονομησάμην

477 3499 784 3583 quiddam
821 3496 1138 3587 εὐκαίρως
1173 3500 1254 3567 de
1287 3500 1397 3578 iis,
1432 3523 1599 3586 quae
1632 3502 1701 3567 in
1738 3488 2022 3569 Sestium
2058 3501 2539 3587 adparabantur

475 3592 768 3671 crimina,
822 3604 888 3660 et
933 3618 1081 3661 eum
1124 3594 1347 3661 ornavi
1391 3596 1557 3663 veris
1602 3595 1935 3675 laudibus,
1979 3616 2219 3681 magno
2255 3596 2537 3662 adsensu

474 3688 779 3753 omnium.
867 3710 970 3755 res
1011 3690 1256 3756 homini
1298 3690 1423 3755 fuit
1467 3689 1877 3757 vehementer
1928 3702 2141 3776 grata:
2194 3710 2367 3773 quae
2420 3686 2538 3756 tibi

473 3802 551 3847 eo
603 3780 840 3861 scribo,
892 3783 1070 3867 quod
1121 3806 1224 3851 me
1275 3782 1359 3850 de
1412 3784 1746 3851 retinenda
1798 3782 1993 3853 Sestii
2044 3784 2256 3871 gratia
2306 3784 2533 3852 litteris

474 3896 666 3959 saepe
701 3876 1022 3941 monuisti.

599 3967 820 4032 Pridie
862 3969 1018 4033 Idus
1061 3970 1256 4037 Febr.
1301 3972 1463 4039 haec
1516 3973 1742 4061 scripsi
1798 3985 1949 4042 ante
1998 3976 2239 4053 lucem3
2296 3998 2375 4043 eo
2432 3976 2533 4041 die

471 4056 642 4136 apud
675 4058 1104 4146 Pomponium
1137 4064 1206 4131 in
1239 4064 1377 4131 eius
1412 4068 1653 4153 nuptiis
1688 4092 1865 4137 eram
1898 4074 2260 4138 cenaturus.
2318 4081 2533 4138 cetera
