2675 4559
473 245 557 305 *34
1084 254 1162 308 M.
1201 252 1476 311 TULLII
1511 252 1914 312 CICERONIS

469 397 599 445 ιιιιιι
643 378 848 445 multa
892 386 1086 462 atque
1133 388 1340 455 tanta,
1396 375 1541 461 quis
1585 385 1894 461 umquam
1940 376 2098 441 tanti
2141 399 2527 463 quemquam

469 477 621 541 fucit
656 484 769 540 aut
799 473 1016 541 facere
1063 472 1272 559 potuit
1307 482 1420 537 aut
1455 471 1706 549 debuit,
1754 472 1978 556 quant-i
2008 494 2137 558 ego
2175 470 2300 538 Cn.
2338 473 2531 538 Pom-

469 569 712 653 peium,
750 588 1043 635 socerum
1077 577 1229 632 tuae
1262 565 1474 631 filiae?
1518 567 1755 632 etenim
1791 566 1846 631 si
1879 566 2107 631 merita
2139 568 2385 643 valent,
2422 588 2529 653 pa·
2639 639 2641 644 ,

469 665 684 739 triam,
731 662 995 740 liberos,
1041 662 1346 741 salutem,
1394 660 1803 747 dignitatem,
1850 672 2089 726 memet
2129 661 2347 747 ipsum
2380 660 2529 725 mihi
2639 705 2641 711 -

469 781 585 841 per
630 756 813 821 illum
863 756 1227 823 restitutum
1280 765 1471 841 puto;
1526 755 1582 819 si
1626 755 2105 821 consuetudinis
2148 756 2529 831 iucunditas,

469 873 634 933 quae
667 851 791 917 fuit
823 872 1133 937 umquam
1161 850 1441 917 amicitia
1470 849 1899 916 consularium
1933 850 2004 916 in
2028 862 2249 917 nostra
2277 852 2528 917 civitate
2631 891 2632 896 κ

469 945 901 1011 coniunctior?
948 945 1001 1011 si
1034 946 1146 1010 illa
1182 944 1417 1011 amoris
1449 955 1647 1028 atque
1684 935 1880 1010 officii
1915 945 2128 1031 signa,
2176 945 2336 1029 quid
2380 945 2529 1009 mihi

473 1041 574 1105 ille
613 1063 740 1107 non
777 1040 1132 1106 commisit?
1167 1038 1324 1123 quid
1357 1060 1487 1105 non
1520 1061 1775 1105 mecum
1810 1039 2343 1105 communicavit?
2380 1039 2529 1125 quid
2630 1057 2632 1069 ¹

469 1137 549 1199 de
589 1157 657 1201 se
699 1133 767 1200 in
797 1144 1070 1211 ·,senatu
1126 1155 1276 1198 cum
1318 1133 1460 1219 ipse
1495 1132 1776 1211 abesset,
1828 1156 1946 1219 per
1989 1155 2381 1218 quemquam
2431 1132 2529 1219 agi

469 1230 732 1295 maluit?
767 1229 1002 1313 quibus
1036 1228 1144 1300 ille
1179 1250 1284 1293 me
1318 1227 1513 1293 rebus
1548 1250 1678 1295 non
1706 1239 2001 1295 ornatum
2037 1229 2242 1295 voluit
2274 1228 2531 1314 amplis·
2639 1273 2641 1308 ;

469 1325 665 1389 sime?
717 1345 848 1408 qua
892 1323 1170 1407 denique
1215 1323 1323 1390 ille
1372 1324 1707 1402 facilitate,
1756 1346 1891 1409 qua
1943 1324 2344 1392 humanitate
2388 1324 2530 1389 tulit
2639 1400 2641 1402 ¹

469 1417 936 1483 contentionem
979 1440 1191 1483 meam
1236 1440 1354 1503 pro
1389 1418 1639 1484 Milone
1653 1466 1672 1496 ,
1720 1419 2162 1486 adversantem
2205 1419 2530 1485 interdum

469 1510 822 1577 nationibus
869 1511 1041 1576 suis?
1077 1533 1220 1596 quo
1268 1512 1482 1578 studio
1528 1512 1834 1599 providit,
1889 1536 1972 1579 ne
2006 1535 2175 1598 quae
2210 1534 2319 1580 me
2360 1513 2530 1578 illius
2638 1562 2641 1598 3

469 1604 770 1693 temporis
802 1605 1047 1671 invidia
1083 1607 1444 1695 attingeret,
1482 1629 1631 1673 cum
1666 1631 1769 1673 me
1804 1608 2088 1686 consilio,
2126 1629 2274 1673 cum
2312 1619 2529 1673 aucto-
2639 1657 2641 1692 :

469 1701 681 1780 ritate,
751 1724 900 1766 cum
953 1702 1147 1767 armis
1201 1702 1480 1787 denique
1542 1703 1701 1768 texit
1752 1702 1922 1769 suis?
1982 1702 2219 1787 quibus
2271 1701 2529 1787 quidem
2639 1753 2641 1791 :

469 1796 865 1885 temporibus
899 1796 1059 1863 haec
1094 1798 1162 1861 in
1198 1819 1276 1862 eo
1310 1797 1615 1883 gravit-as,
1651 1796 1813 1862 haec
1848 1798 2045 1862 animi
2078 1797 2352 1863 altitudo
2390 1798 2530 1873 fuit,

465 1917 593 1957 nnn
629 1891 822 1957 modo
858 1902 932 1955 ut
949 1888 1199 1976 Phrygi
1235 1891 1430 1956 alicui
1464 1903 1577 1956 aut
1593 1892 1907 1977 Lycaoni,
1944 1892 2118 1975 quod
2152 1902 2226 1957 tu
2250 1892 2322 1957 in
2355 1893 2533 1979 lega·
2622 1893 2641 1977 i·

469 1989 545 2049 tis
581 1984 809 2061 fecisti,
847 1983 962 2049 sed
995 2007 1078 2049 ne
1115 2005 1515 2049 summorum
1541 1985 1801 2069 quidem
1835 1985 2165 2051 hominum
2199 1985 2534 2052 malevolis
2619 1972 2641 2072 ’ρ

469 2081 545 2145 de
581 2101 686 2143 me
731 2080 1132 2143 sermonibus
1177 2078 1480 2144 crederet..
1571 2079 1762 2146 huius
1807 2081 2004 2167 igitur
2045 2080 2216 2147 filius
2254 2103 2410 2146 cum
2458 2082 2535 2145 sit
2625 2131 2641 2167 ¹.

465 2195 664 2257 gener
704 2184 856 2237 tuus
901 2194 1178 2257 cumque
1223 2185 1477 2259 praeter
1527 2174 1696 2240 hanc
1743 2174 2258 2241 coniunctionem
2304 2176 2534 2241 adfini-

465 2265 638 2343 ιιιιιῖε,
693 2286 886 2350 quam
941 2266 1028 2331 sis
1066 2264 1188 2332 Cn.
1227 2267 1541 2354 Pompeio
1588 2292 1773 2335 carus
1819 2274 2143 2354 quamque
2186 2270 2534 2346 iucundus,
2638 2334 2641 2356 ἶ

465 2360 859 2446 intellegam,
904 2382 1032 2444 quo
1085 2361 1344 2427 tandem
1399 2362 1611 2429 animo
1672 2364 1741 2428 in
1788 2375 1851 2430 te
1904 2386 2043 2430 esse
2090 2363 2337 2429 debeo?
2383 2387 2533 2430 cum
2639 2417 2641 2420 .

465 2455 836 2537 praesertim
871 2478 980 2544 eas
1008 2456 1094 2520 ad
1127 2480 1232 2523 me
1265 2458 1511 2523 litteras
1546 2458 1601 2523 is
1630 2458 1901 2537 miserit,
1941 2457 2205 2543 quibus,
2243 2458 2444 2523 etiam
2482 2459 2534 2523 si
2626 2498 2632 2527 ι

465 2553 605 2625 tihi,
653 2548 757 2619 cui
794 2572 936 2615 sum
972 2550 1425 2628 amicissimus,
1473 2552 1672 2618 hostis
1709 2576 1942 2631 essem,
1986 2554 2277 2638 placarer
2312 2564 2533 2619 tamen
2638 2546 2641 2552 ⁴

465 2657 795 2729 tutumque
844 2668 948 2710 me
993 2646 1078 2711 ad
1123 2646 1262 2711 eius
1308 2646 1429 2711 viri
1474 2647 1565 2712 ita
1610 2648 1690 2712 de
1736 2670 1839 2713 me
1886 2646 2093 2713 meriti
2127 2647 2533 2713 voluntatem
2639 2643 2641 2715 ζ

383 2761 425 2797 ιι
465 2749 818 2823 nutumque
873 2752 1330 2807 converterem.
1440 2741 1555 2806 sed
1606 2740 1768 2807 haec
1828 2739 2166 2820 hactenus3
2229 2740 2533 2826 pluribus
2639 2733 2641 2812 J

465 2833 632 2897 enirn
685 2833 876 2900 etiam
928 2834 1201 2899 fortasse
1245 2834 1487 2911 verbis,
1520 2856 1736 2918 ‚quam
1779 2857 2039 2901 necesse
2086 2834 2239 2912 fuit,
2286 2834 2534 2921 scripta

462 2941 627 2989 sunt.
714 2947 888 2991 nunc
941 2931 1058 3002 ea,
1103 2948 1269 3010 quae
1315 2952 1357 2991 a
1400 2950 1505 2993 me
1556 2928 1843 3014 perfecta
1892 2950 2187 3013 quaeque
2230 2929 2533 2995 instituta

461 3029 625 3093 sunt,
663 3038 1027 3104 cognosce.'
1067 3055 2462 3074 ----------------------
2486 3059 2535 3072 *-

458 3153 485 3161 π
501 3149 525 3161 ÷
545 3149 573 3161 ι
593 3124 783 3197 atque
810 3113 972 3180 haec
989 3114 1240 3201 agimus
1259 3126 1324 3181 et
1343 3129 1609 3201 agemus
1630 3118 1835 3203 magis
1854 3140 1969 3203 pro
1990 3118 2301 3205 dignitate
2321 3138 2531 3201 quam

457 3231 573 3293 pro
604 3208 884 3294 periculo
920 3220 1050 3275 tu0.
1108 3220 1171 3276 te
1207 3209 1399 3287 enim,
1444 3222 1513 3276 ut
1541 3232 1746 3298 spem,
1781 3211 2155 3299 propediem
2190 3234 2533 3278 censorem

457 3305 818 3380 audiemus,
879 3302 1062 3370 cuius
1104 3304 1517 3391 magistratus
1555 3306 1795 3383 officia,
1860 3328 2027 3390 quae
2072 3317 2223 3372 sunt
2256 3307 2534 3373 maximi

461 3399 654 3462 ιιιιιιιιί
707 3398 1097 3483 summique
1123 3400 1401 3479 consilii,
1446 3400 1563 3466 tibi
1621 3400 1987 3487 diligentius
2040 3412 2105 3467 et
2157 3402 2543 3467 accuratius

461 3513 650 3573 quam
679 3491 858 3570 haec,
890 3513 1057 3576 quae
1082 3513 1201 3559 nos
1221 3493 1301 3559 de
1332 3505 1397 3560 te
1426 3495 1701 3582 agimus,
1733 3493 2075 3580 cogitanda
2094 3517 2235 3561 esse
2266 3518 2534 3563 censeo.

1430 3663 1537 3717 ΧΙ.

697 3753 815 3812 Scr.
834 3755 895 3809 in
916 3756 1116 3811 castris
1135 3758 1209 3812 ad
1226 3758 1531 3830 Pyramum
1550 3777 1739 3815 mense
1756 3758 1918 3826 Iunio
1937 3776 1989 3814 a.
2009 3777 2065 3814 ιι.
2086 3777 2133 3815 c.
2155 3760 2277 3814 704.

546 3865 622 3917 M.
657 3857 933 3917 mosao
967 3860 1092 3917 ΑΡ.
1127 3861 1525 3933 Ρυιιοιιιιο,
1562 3869 1627 3919 ut
1652 3880 1843 3935 spero,
1880 3860 2211 3920 CENSORI
2248 3860 2307 3919 s.
2345 3863 2419 3918 D.

397 3989 417 4021 1
589 3964 757 4033 Cum
793 3990 1000 4035 essem
1033 3969 1103 4035 in
1138 3970 1361 4037 castris
1399 3971 1482 4036 ad
1516 3970 1787 4035 fluvium
1816 3970 2193 4057 Pyramum,
2230 3969 2545 4038 redditae

457 4061 609 4125 mihi
630 4073 794 4128 ⁴sunt
826 4086 958 4130 uno
1004 4068 1289 4151 tempore
1325 4088 1367 4130 a
1400 4075 1463 4131 te
1511 4065 1816 4152 epistolae
1851 4065 2050 4142 duae,
2095 4085 2257 4149 quas
2294 4064 2377 4129 ad
2411 4086 2544 4131 me
