2675 4559
431 195 517 260 74
1050 208 1126 261 M.
1166 205 1441 263 TULLII
1474 204 1875 263 CICERONIS

426 332 626 408 locus,
662 331 777 395 ubi
809 330 946 415 ipse
984 328 1083 405 sit,
1120 339 1186 393 et
1219 327 1343 393 sibi
1372 328 1643 412 quisque
1669 327 2059 393 miserrimus
2089 350 2228 396 esse
2264 330 2504 397 videa-

426 438 552 503 tur,
587 436 924 511 propterea
960 434 1026 488 et
1058 423 1153 487 tui
1189 422 1437 488 consilii
1469 422 1753 507 paenitet
1783 435 1852 488 te
1884 434 1949 488 et
1980 445 2117 500 nos,
2155 422 2268 508 qui
2308 424 2503 491 domi

428 543 697 597 sumus,
727 519 846 583 tibi
891 518 1062 583 beati
1105 518 1429 595 videmur,
1475 528 1541 582 at
1584 528 1805 583 contra
1846 518 2034 583 nobis
2066 540 2197 584 non
2233 530 2305 585 tu
2341 521 2503 607 qui-

429 614 574 679 dem
609 634 853 679 vacuus
890 612 1215 690 molestiis,
1253 612 1370 677 sed
1402 634 1555 697 prae
1589 612 1775 677 nobis
1811 612 2056 677 beatus.
2130 624 2326 697 atque
2360 614 2499 679 hoc

429 711 565 791 ipss
605 708 824 772 melior
857 717 958 771 est
987 716 1103 771 tua
1137 728 1334 790 qnam
1366 717 1590 770 nostra
1620 706 1944 783 condicio,
1976 707 2156 790 qnod
2185 718 2294 784 tn,
2328 708 2501 792 quid

431 807 661 875 deleat,
697 802 979 867 seribere
1009 801 1243 877 audes,
1273 822 1391 865 nos
1426 823 1509 865 ne
1542 800 1615 865 id
1646 800 1906 884 quidem
1941 811 2081 866 tuto
2114 822 2498 887 possumne,

425 919 541 959 nec:
597 895 665 959 id
713 895 971 961 victoris
1013 894 1200 971 vitio,
1251 916 1386 978 quo
1432 894 1592 959 nihil
1643 894 2068 971 moderatius„
2115 895 2228 961 sed
2278 896 2497 982 ipsius

429 991 759 1067 viem-ias,
796 1011 960 1074 quae
996 988 1289 1054 civilibus
1325 989 1509 1054 bellis
1544 1010 1797 1075 semper
1830 1001 1930 1054 est
1962 988 2261 1055 insolens.
2352 1012 2497 1054 uno

429 1099 485 1147 te
529 1087 820 1159 vicimus,
865 1083 1040 1168 quod
1073 1083 1158 1149 de
1187 1082 1519 1161 Marcelli,
1559 1084 1843 1169 collegae
1879 1084 2003 1159 tui,
2048 1084 2251 1149 salute
2284 1084 2493 1169 paulo

429 1193 573 1243 ante
613 1202 804 1263 quam
836 1188 911 1243 tu
944 1178 1407 1263 cognovimus,
1427 1178 1623 1243 etiam
1656 1177 2020 1244 mehercule
2053 1171 2249 1262 quod,
2286 1200 2492 1263 quem

429 1275 509 1339 ml
546 1275 810 1339 nitidum
840 1297 918 1339 ea
951 1296 1052 1339 res
1087 1284 1407 1359 ageretur,
1444 1273 1740 1338 vidimus.
1810 1296 1961 1339 nam
1997 1273 2089 1339 sic
2122 1274 2227 1339 fac
2264 1273 2492 1338 existi-

425 1395 589 1431 mes:
629 1379 772 1451 pust
804 1367 924 1433 has
947 1368 1254 1445 miserias,
1289 1367 1359 1432 id
1387 1378 1484 1433 est
1517 1378 1663 1453 post
1696 1390 1893 1453 quam
1918 1368 2110 1434 armis
2140 1367 2493 1453 disceptari
2524 1419 2530 1424 .

429 1475 728 1547 caeptum
759 1474 855 1529 est
891 1462 976 1529 de
1005 1463 1147 1529 iure
1179 1462 1464 1549 publico,
1496 1462 1655 1527 nihil
1690 1485 1831 1528 esse
1866 1473 2083 1529 actum
2118 1462 2295 1527 aliud
2328 1484 2490 1527 cum

429 1559 766 1643 dignitatffi
809 1580 964 1622 nam
1004 1569 1070 1623 et
1109 1558 1250 1644 ipse
1287 1554 1534 1623 Caesar
1576 1568 1875 1623 accusata
1918 1557 2261 1623 acerbitate
2294 1555 2491 1621 Mar-

429 1655 565 1715 celli
605 1683 689 1699 -Α
723 1652 817 1717 sic
861 1654 1031 1717 enim
1084 1652 1451 1738 appellabat
1493 1687 1580 1697 —
1620 1652 2007 1735 laudataque
2059 1650 2489 1717 honorificen-

425 1747 665 1811 rissime
725 1758 789 1811 et
851 1748 1171 1831 aequitate
1231 1759 1345 1811 tua
1398 1755 1463 1811 et
1523 1746 1862 1830 prudentia
1910 1757 2173 1832 repente
2223 1756 2489 1832 praeter

429 1867 605 1927 sps-1111
653 1841 840 1917 dixit,
888 1864 957 1905 se
1003 1840 1252 1905 senatui
1297 1840 1551 1925 roganti
1595 1839 1675 1905 de
1718 1839 2033 1905 Marcello
2077 1861 2159 1904 ne
2202 1838 2484 1904 hominis

425 1939 681 2019 quidem
727 1956 922 2000 causa
966 1944 1372 2018 negaturum.
1467 1933 1709 1997 fecerat
1753 1944 1971 1999 autem
2020 1932 2143 1998 hoc
2196 1944 2486 2008 senatus,

425 2047 521 2103 ut,
573 2051 715 2091 sum
751 2050 791 2091 a
823 2026 905 2091 L.
941 2026 1182 2092 Pisone
1225 2026 1464 2091 mentio
1512 2037 1679 2092 esset
1722 2026 1894 2093 facta
1939 2028 2019 2093 de
2054 2027 2369 2094 Marcello
2420 2037 2486 2092 et

429 2123 503 2187 [J.
545 2122 890 2187 Marcellus
939 2144 1007 2185 se
1063 2121 1146 2185 ad
1192 2116 1491 2185 Caesaris
1543 2122 1741 2207 pedes
1788 2121 2153 2199 abiecisset,
2208 2133 2484 2187 cunctus

427 2216 837 2299 consurgeret
897 2226 963 2280 et
1014 2214 1098 2279 ad
1152 2210 1499 2279 Caesarem
1561 2216 1833 2301 supplex
1887 2216 2235 2281 accederet.
2341 2215 2482 2281 noli

425 2331 760 2391 quaerere:
793 2309 886 2374 ita
919 2308 1077 2374 mihi
1110 2308 1380 2395 pulcher
1411 2308 1518 2373 hic
1553 2308 1692 2373 dies
1725 2310 1901 2375 visus
1935 2320 2050 2386 est,
2088 2322 2162 2375 nt
2194 2310 2479 2396 speciem

425 2407 633 2487 aliqua
641 2427 705 2467 111,
747 2404 999 2470 viderer
1042 2404 1260 2469 videre
1305 2403 1489 2488 quasi
1532 2402 1969 2470 reviviscentis
2013 2404 2105 2469 rei
2155 2403 2479 2491 publicae.

428 2499 637 2579 itaque
685 2521 831 2564 oum
874 2520 1095 2563 omnes
1139 2510 1286 2565 ante
1329 2520 1435 2563 me
1478 2500 1687 2585 rogati
1729 2499 1968 2584 gratias
2006 2497 2269 2565 Caesari
2306 2498 2480 2584 egis-

425 2611 565 2655 sent
601 2604 849 2679 praeter
883 2592 1249 2659 Volcatium
1283 2628 1373 2638 —-
1404 2591 1459 2655 is
1502 2592 1701 2670 enim,
1735 2592 1793 2657 si
1828 2615 1904 2659 eo
1939 2593 2080 2658 loco
2116 2603 2314 2669 esset,
2358 2615 2478 2658 ne-

421 2691 601 2771 suffit.
637 2711 705 2755 se
739 2688 1058 2753 facturum
1093 2687 1291 2752 fuisse
1323 2720 1440 2763 —-,
1495 2708 1618 2771 ego
1661 2698 1925 2772 rogatus
1969 2687 2212 2752 mutavi
2253 2708 2473 2753 meum

425 2807 453 2843 [-
461 2807 573 2843 mus
565 2783 785 2847 ilium.
835 2803 986 2846 nam
1028 2790 1408 2856 statueram,
1459 2802 1590 2844 non
1632 2780 1993 2847 'mehercule
2045 2781 2302 2858 inertia,
2357 2779 2474 2846 sed

425 2875 501 2935 ὡ·
509 2875 637 2939 side.
629 2875 734 2938 -rio
761 2872 1063 2959 pristinae
1093 2873 1493 2959 dignitatis,
1474 2897 1543 2938 m
1577 2886 1957 2961 perpetuum
1992 2886 2221 2940 tacere.
2265 2874 2474 2961 fregit

425 2967 541 3027 Ιιῑιιῡ
585 2988 793 3031 meum
826 2965 1167 3030 consilium
1196 2978 1261 3031 et
1290 2962 1590 3033 Caesaris
1625 2969 2002 3053 magnitudo
2038 2968 2234 3034 animi
2270 2979 2335 3033 et
2369 2990 2471 3034 se·

417 3083 477 3123 ῃ
469 3078 605 3123 uns
653 3058 963 3136 afficium3
1015 3060 1235 3144 itaque
1275 3061 1567 3170 pluribus
1612 3062 1825 3127 verbis
1870 3062 1977 3149 egi
2012 3060 2277 3129 Caesari
2319 3084 2471 3149 gra-

421 3155 557 3221 tias.
601 3175 826 3239 meque
861 3164 1077 3220 metuo
1111 3177 1192 3221 ne
1221 3155 1413 3221 etiam
1444 3155 1514 3220 in
1549 3155 1774 3221 ceteris
1810 3156 2002 3221 rebus
2036 3157 2302 3222 honesto
2336 3157 2469 3222 otio

418 3247 740 3331 privarim,
774 3248 950 3333 quod
977 3260 1112 3315 erat
1147 3271 1348 3314 unum
1383 3250 1689 3317 solacium
1722 3251 1791 3314 in
1825 3250 2029 3316 malis.
2083 3250 2198 3317 sed
2231 3261 2468 3327 tamen,

421 3347 722 3423 qusniam
755 3343 958 3431 effugi
979 3344 1130 3410 eius
1167 3344 1616 3422 offensionem,
1660 3345 1772 3428 qui
1814 3345 2088 3411 fortasse
2132 3345 2466 3411 arbitrare-

418 3455 517 3499 tur
557 3463 657 3499 me
693 3439 858 3501 hanc
891 3460 1028 3502 rem
1063 3438 1389 3523 publicam
1416 3460 1546 3502 non
1578 3450 1827 3522 putare,
1864 3440 1918 3504 si
1952 3451 2261 3526 perpetuo
2296 3449 2467 3505 tace-

417 3555 581 3603 rem,
637 3527 883 3595 medice
929 3530 1050 3596 hoe
1095 3530 1330 3597 faciam
1366 3541 1480 3596 aut
1514 3532 1707 3597 etiam
1747 3534 1917 3598 intra
1950 3533 2243 3610 modum,
2296 3543 2371 3598 ut
2403 3543 2465 3597 et

417 3627 581 3687 illius
623 3623 932 3689 voluntati
967 3635 1034 3690 et
1064 3624 1227 3691 meis
1253 3624 1481 3691 studiis
1508 3628 1803 3693 serviam
1855 3649 2007 3692 nam
2034 3628 2153 3693 etsi
2188 3650 2228 3692 a
2258 3626 2466 3713 prima

417 3733 621 3783 aetate
657 3740 761 3784 me
792 3718 998 3783 'omnis
1036 3741 1140 3784 ars
1175 3729 1240 3784 et
1275 3718 1565 3785 doctrina
1597 3722 1877 3787 liberalis
1914 3732 1978 3787 et
2011 3720 2290 3786 maxime
2322 3718 2465 3804 phi-

417 3815 705 3895 losophia
756 3811 1123 3891 delectavit,
1186 3824 1404 3879 tamen
1455 3814 1579 3880 hoe
1632 3815 1915 3880 studium
1967 3814 2199 3881 cotidie
2249 3814 2463 3901 ingra-

417 3907 613 3967 vescit
631 3955 645 3979 ,
701 3907 890 3973 credo
924 3918 989 3975 et
1022 3901 1256 3974 'aetatis
1301 3909 1667 3975 maturitate
1702 3910 1788 3973 ad
1826 3910 2232 3995 prudentiam
2268 3917 2333 3974 et
2363 3906 2460 3971 his

417 4011 773 4083 temporum
801 4001 989 4080 vitiis,
1018 4013 1093 4068 ut
1117 4003 1297 4068 nulla
1321 4025 1424 4069 res
1454 4003 1579 4067 alia
1604 4002 1817 4069 levare
1846 4002 2132 4068 animum
2159 4001 2464 4068 molestiis
