2675 4559
570 285 1127 346 EPISTOLARUM
1158 287 1323 346 xlv.
1355 289 1581 354 22—24.
1615 291 1750 349 XV.
1786 293 1840 348 1.
2107 279 2238 346 373

678 835 777 901 M.-
830 783 1161 903 TU‘LLn
1180 925 1193 936 ᾗ
1214 832 1722 906 CICERONIS

425 1043 571 1110 AD
624 1043 722 1110 M.
774 941 1273 1111 mummii}
1326 1043 1966 1115 CICERONEM

802 1143 1583 1215 EPISTOLARUM

529 1279 831 1334 LIBER
882 1278 1333 1370 QUINTUS
1385 1279 1866 1340 DECIMUS.

826 1383 970 1449 AD
1020 1383 1560 1454 SENATUM.

1170 1571 1219 1627 Ι.

418 1669 537 1728 Ser.
554 1672 615 1726 in
632 1668 833 1728 Cilicia
851 1679 1087 1748 exeunte
1104 1689 1297 1730 mense
1312 1673 1636 1748 Septembri
1655 1692 1708 1731 a.
1723 1691 1782 1730 u.
1799 1693 1851 1730 c.
1871 1675 1990 1730 703.

242 1754 322 1838 u.
360 1779 700 1840 TULLIUS
736 1779 813 1838 M.
849 1782 919 1838 F.
957 1782 1235 1840 ommno
1268 1783 1586 1841 PRooos.
1625 1783 1683 1840 s.
1719 1785 1796 1840 D.
1834 1780 1993 1840 cos.
2029 1784 2149 1840 PR.

850 1865 974 1924 ΤΒ.
1010 1869 1131 1923 PL.
1170 1867 1532 1927 SENATUI.

294 2007 368 2074 S.
406 2030 468 2073 v.
504 2030 567 2073 v.
602 2007 666 2073 b.
702 2031 759 2074 e.
786 2031 844 2074 e.
870 2029 937 2093 q.
963 2030 1026 2073 v.
1065 2009 1185 2074 etsi
1218 2029 1351 2074 non
1385 2009 1579 2074 dubie
1615 2008 1775 2074 mihi
1808 2005 2226 2074 nuntiabatur
2261 2037 2278 2076 1

162 2101 443 2168 Parthos
476 2102 777 2168 transisse
808 2101 1207 2188 Euphratem
1248 2125 1399 2168 cum
1433 2103 1734 2170 omnibus
1767 2103 1904 2170 fere
1942 2102 2076 2168 suis
2114 2125 2223 2170 co·-

20 2187 25 2238 ἕ
162 2196 307 2282 piis,
344 2207 580 2273 tamen,
616 2196 788 2282 quod
821 2197 1179 2264 arbitrabar
1206 2221 1251 2262 a
1274 2197 1375 2262 Μ.
1394 2197 1632 2262 Bibulo
1667 2219 1918 2283 procos.
1957 2196 2226 2270 certiora

22 2353 25 2362 ,
164 2290 247 2354 de
296 2289 399 2354 his
439 2289 633 2356 rebus
676 2291 761 2356 ad
804 2313 919 2356 vos
961 2291 1158 2356 scribi
1208 2313 1430 2376 posse,
1483 2292 1846 2364 statuebam
1892 2291 2052 2358 mihi
2093 2313 2224 2358 non

163 2405 427 2450 necesse
468 2405 611 2450 esse
650 2383 909 2471 publice
951 2385 1229 2452 scribere
1274 2407 1380 2464 ea,
1416 2406 1587 2470 quae
1629 2385 1710 2453 de
1766 2386 2026 2453 alterius
2076 2407 2226 2472 pro-

162 2477 375 2542 vincia
406 2478 879 2556 nuntiarentur3
922 2489 1147 2564 postea
1178 2501 1333 2544 vero
1368 2500 1564 2563 quam
1600 2480 1968 2548 certissimis
2003 2491 2226 2546 aucto-

162 2572 373 2648 ribus,
422 2571 685 2658 legatis,
736 2573 1007 2649 nuntiis,
1066 2573 1293 2640 litteris
1347 2595 1492 2639 sum
1545 2569 1776 2642 certior
1825 2574 2066 2650 factus,
2119 2573 2225 2638 vel

160 2665 345 2750 quod
376 2675 555 2730 tanta
588 2688 689 2732 res
724 2677 863 2732 erat
904 2667 1012 2732 vel.
1042 2667 1217 2750 quod
1252 2665 1542 2734 nondum
1576 2666 1984 2733 audieramus
2017 2667 2224 2732 Bibu-

162 2761 301 2826 lum
333 2761 405 2825 in
440 2758 697 2846 Syriam
732 2760 983 2826 venisse
1018 2761 1125 2828 vel
1159 2761 1313 2844 quia
1349 2760 1810 2828 administratio
1845 2759 2038 2826 huius
2072 2759 2224 2827 belli

162 2855 324 2920 mihi
360 2863 510 2920 cum
534 2853 773 2920 Bibulo
807 2877 1013 2942 paene
1038 2864 1137 2920 est
1160 2855 1534 2931 communis,
1571 2875 1736 2938 quae
1757 2855 1850 2924 ad
1883 2876 1988 2920 me
2013 2855 2226 2920 delata

160 2957 407 3025 essent,
444 2946 782 3014 scribenda
815 2948 901 3013 ad
938 2968 1052 3014 vos
1086 2947 1331 3034 putavi.
1387 2948 1560 3034 regis
1585 2947 1892 3015 Antiochi
1919 2945 2222 3017 Comma-
2257 2973 2284 3012 2

160 3042 313 3128 geni
362 3042 563 3127 legati
620 3042 825 3128 primi·
860 3038 1019 3108 mihi
1081 3042 1461 3108 nuntiarunt
1510 3041 1902 3108 Parthorum
1953 3065 2221 3130 magnas

162 3135 379 3222 copias
422 3135 821 3223 Euphratem
866 3137 1135 3204 transire
1179 3138 1498 3224 coepisse3
1553 3158 1682 3221 quo
1726 3138 1950 3202 nuntio
1987 3137 2222 3215 adlato,

158 3252 309 3295 cum
346 3242 562 3295 essent
594 3251 725 3296 non
758 3230 949 3308 nulli,
985 3231 1097 3316 qui
1130 3231 1193 3298 ei
1227 3231 1369 3318 regi
1401 3231 1714 3298 minorem
1749 3229 1944 3299 fidem
1979 3230 2223 3296 haben-

158 3323 313 3388 dam
346 3323 675 3408 putarent,
722 3322 916 3391 statui
959 3325 1462 3410 exspectandum
1499 3346 1678 3402 esse,
1690 3325 1764 3390 si
1799 3324 1953 3408 quid
1989 3323 2220 3388 certius

158 3416 585 3482 adferretur..
626 3439 685 3482 a.
721 3417 785 3482 d.
818 3439 948 3484 xm.
984 3417 1139 3484 Kal.
1176 3415 1329 3484 Oet.
1369 3439 1519 3484 cum
1562 3417 1914 3488 exercitum
1956 3416 2024 3482 in
2061 3413 2222 3482 Cili

160 3511 330 3576 ciam
364 3476 687 3588 ducerem,
721 3511 791 3576 in
822 3511 1057 3578 finibus
1084 3512 1458 3598 Lycaoniae
1493 3523 1560 3580 et
1578 3509 2030 3599 Cappadociae
2065 3509 2221 3574 mihi

159 3605 413 3672 litterae
460 3586 749 3672 redditae
800 3617 950 3672 sunt
994 3629 1035 3672 a
1078 3605 1608 3683 Tarcondimoto,
1660 3607 1774 3690 qui
1816 3604 2222 3671 fidelissimus

160 3699 377 3764 socius
410 3709 587 3766 trans
612 3699 903 3766 Tamum
936 3699 1490 3785 amicissimusque
1523 3700 1748 3786 populi
1780 3699 2058 3770 Romani
2090 3696 2226 3763 exi-

162 3792 491 3870 stimatur,
543 3793 865 3859 Pacorum
901 3791 1107 3858 Orodi
1158 3793 1329 3880 regis
1375 3792 1768 3861 Parthorum
1817 3793 2024 3858 filium
2077 3813 2226 3856 cum

162 3909 519 3973 permagno
538 3886 827 3971 equitatu
844 3887 1148 3954 Parthico
1176 3887 1478 3954 transisse
1497 3885 1896 3972 Euphratem
1925 3897 1990 3952 et
2017 3896 2226 3952 castra

162 3982 457 4068 posuisse
475 3980 727 4067 Tybae,
762 4003 1203 4068 magnumque
1236 3983 1581 4048 tumultum
1621 4002 1761 4048 esse
1794 3982 1864 4046 in
1897 3979 2228 4068 provincia

162 4073 361 4162 Syria
412 4075 788 4153 excitatum3
854 4076 1079 4142 eodem
1130 4077 1235 4143 die
1288 4077 1374 4142 ab
1424 4076 1812 4156 Iamblicho,
1874 4075 2226 4162 phylarcho
