2675 4559
759 215 1315 277 EPISTOLARUM
1348 219 1511 276 XIII.
1550 222 1711 279 1—4.
2141 211 2272 278 313
2313 237 2316 244 ·
2353 287 2358 292 ⁶

1194 401 1273 455 Π.

962 509 1078 568 Scr.
1102 529 1249 567 anno
1268 513 1502 568 ineert0.
1597 499 1604 504 ’

822 620 1096 678 CICERO
1132 623 1446 681 MEMMIO
1484 625 1648 682 SAL.

326 741 412 810 Ο.
448 742 735 809 Avianio
769 742 1106 822 Evandro,
1158 747 1273 830 qui
1318 746 1568 813 habitat
1601 748 1668 813 in
1703 761 1816 815 tuo
1851 753 2159 830 sacrariO,
2203 765 2268 819 et

186 838 339 924 ipso
374 837 658 903 multum
690 847 855 903 utor·
872 848 938 904 et
970 850 1241 925 patrono
1277 840 1418 906 eius
1451 841 1550 906 M.
1586 842 1868 909 Aemilio
1905 844 2269 913 familiaris-

187 933 357 997 sime
370 955 391 998 z
426 943 579 1017 peto
612 932 813 1018 igitur
838 955 879 997 a
912 943 977 1000 te
1011 934 1080 999 in
1108 935 1417 1002 maiorem
1451 936 1734 1015 modum,
1771 938 1947 1022 quod
1982 940 2120 1005 sine
2154 952 2269 1006 tua

184 1025 497 1092 molestia
528 1027 662 1104 fiat,
698 1037 773 1092 ut
798 1027 967 1094 eide
999 1027 1394 1096 habitatione
1420 1032 1896 1110 accommodes3
1933 1052 2084 1098 nam
2099 1049 2270 1120 ‘pro-

184 1133 339 1208 pter
384 1141 587 1208 opera
627 1122 919 1188 instituta
961 1124 1163 1191 multa
1206 1125 1557 1192 multorum
1601 1125 1888 1192 subitum
1922 1139 2020 1194 est
2064 1127 2125 1194 ei
2165 1151 2268 1194 re-

184 1216 519 1302 migrare
530 1217 623 1281 K.
678 1215 1094 1300 Quintilibus.
1207 1219 1503 1305 inpedior
1561 1221 1984 1300 verecundia,
2053 1245 2138 1287 ne
2201 1233 2266 1290 te

184 1309 495 1396 pluribus
531 1311 744 1376 verbis
778 1333 1033 1398 rogem,
1078 1335 1288 1397 neque
1324 1325 1541 1380 tamen
1577 1314 1802 1381 dubito
1837 1316 2025 1400 quin,
2065 1316 2121 1382 si
2154 1328 2270 1382 tua

185 1404 355 1470 nihil
410 1415 528 1472 aut
575 1425 708 1470 non
756 1406 1032 1470 multum
1082 1407 1361 1485 intersit,
1415 1431 1492 1474 eo
1538 1409 1625 1475 sis
1669 1409 1915 1488 anime,
1968 1431 2098 1495 quo
2144 1433 2267 1498 ego

187 1521 441 1657 {esen-1,
496 1499 551 1566 si
594 1499 755 1584 quid
798 1512 871 1565 tu
914 1523 1017 1566 me
1062 1522 1357 1586 rogares:
1411 1502 1570 1567 mihi
1614 1515 1788 1570 certe
1829 1505 2269 1594 gratissimum

216 1615 451 1660 eceris.

1178 1779 1286 1834 ΠΙ.

963 1889 1081 1946 Scr.
1103 1907 1251 1946 anno
1267 1892 1503 1947 incerto.

819 2000 1094 2059 CICERO
1132 2001 1445 2058 MEMMIO
1482 2002 1648 2059 SAL.

321 2125 413 2190 A.
452 2123 745 2201 Fufium,
782 2146 987 2193 unum
1021 2148 1103 2191 ex
1138 2126 1297 2194 meis
1332 2125 1594 2206 intimis,
1629 2126 2266 2194 observantissimum
2377 2133 2382 2136 ’

192 2215 865 2305 studiosissimumque
898 2221 1131 2298 nostri,
1178 2221 1501 2288 eruditum
1545 2221 1868 2288 hominem
1903 2232 1969 2289 et
2012 2245 2266 2288 summa
2363 2268 2370 2275 ·

190 2312 599 2379 humanitate
642 2324 882 2399 tuaque
928 2314 1207 2380 amicitia
1242 2315 1721 2402 dignissimum,
1773 2315 1966 2381 velim
2000 2313 2091 2382 ita
2135 2329 2265 2382 tra-

189 2418 361 2486 ctes,
396 2418 474 2473 ut
516 2406 673 2472 mihi
718 2429 934 2473 coram
975 2408 1301 2494 recepisti:
1349 2421 1482 2474 tam
1525 2420 1784 2495 gratum
1820 2409 1977 2474 mihi
2019 2409 2090 2475 id
2124 2410 2282 2492 erit,

189 2525 395 2588 quam
428 2501 606 2587 quod
638 2502 1072 2590 gratissimum
1084 2529 1102 2580 ;
1147 2505 1361 2590 ipsum
1394 2516 1726 2590 praeterea
1760 2526 2012 2570 summo
2048 2505 2266 2574 officio
2365 2539 2374 2544 ·

190 2609 253 2665 et
290 2620 553 2662 summa
588 2595 995 2664 observantia
1028 2598 1148 2665 tibi
1181 2598 1251 2664 in
1284 2610 1670 2686 perpetuum
1708 2598 2091 2666 devinxeris.

1177 2842 1280 2899 IV.

651 2943 769 3000 Scr.
789 2943 1005 3000 Romae
1025 2961 1215 3000 mense
1237 2943 1470 3001 Octobri
1488 2963 1538 3002 a.
1561 2965 1616 3001 u.
1638 2963 1686 3000 c.
1708 2945 1827 3000 709.

226 3057 304 3110 M.
347 3053 627 3112 CICERO
676 3054 732 3111 S.
771 3055 845 3109 D.
894 3054 961 3120 Q.
1000 3053 1352 3197 ’87Αὲἔὲἐὲ
1393 3056 1461 3122 Q.
1507 3056 1574 3112 F.
1615 3055 1868 3112 ORCAE
1911 3055 2232 3113 LEGATO

330 3269 507 3337 Cum
550 3272 981 3359 municipibus
1016 3272 1454 3342 Volaterranis
1497 3273 1658 3339 mihi
1690 3295 1944 3339 summa
1986 3273 2266 3339 necessi-

199 3366 358 3432 tudo
405 3376 502 3432 est
514 3391 535 3444 ;
586 3388 826 3454 magno
862 3367 1034 3434 enim
1065 3389 1210 3433 meo
1247 3367 1566 3435 beneficio
1612 3366 1852 3435 adfecti
1895 3367 2292 3433 cumulatis?

201 3462 360 3527 sime
412 3461 575 3550 mihi
624 3462 902 3548 gratiam
952 3462 1333 3528 rettulerunt
1345 3489 1364 3542 ;
1418 3487 1574 3530 nam
1624 3485 1746 3531 nec
1798 3463 1866 3528 in
1918 3462 2280 3530 honoribus
2379 3485 2384 3491 ·

200 3556 365 3622 meis
407 3579 517 3621 nec
558 3559 645 3621 in·
670 3556 999 3622 laboribus
1042 3579 1354 3640 umquam
1389 3557 1752 3626 defuerunt.
1840 3579 1988 3623 cum
2033 3555 2267 3640 quibus

204 3651 259 3715 si
300 3651 461 3716 mihi
502 3651 684 3716 nulla
718 3673 915 3718 causa
958 3652 1410 3732 intercederet,
1453 3664 1702 3730 tamen,
1748 3651 1923 3736 quod
1967 3662 2030 3716 te
2074 3650 2268 3716 vehe-

207 3745 597 3812 mentissime
642 3745 843 3832 diligo
876 3746 1182 3831 quodque
1224 3769 1329 3812 me
1365 3770 1408 3812 a
1448 3757 1514 3813 te
1555 3746 1815 3834 plurimi
1857 3745 1998 3812 fieri
2040 3745 2267 3822 sentio,

208 3849 271 3902 et
304 3862 635 3906 monerem
668 3850 735 3906 te
766 3853 834 3906 et
868 3840 1175 3918 hortarer,
1211 3851 1283 3906 ut
1310 3861 1536 3908 eorum
1566 3840 1842 3907 fortunis
1878 3840 2267 3918 consuleres,

208 3935 579 4015 praesertim
624 3955 772 4000 cum
816 3957 1015 4021 prope
1056 3935 1474 4022 praecipuam
1519 3958 1778 4003 causam
1833 3934 2143 4024 haberent
2185 3936 2269 4000 ad

210 4024 308 4091 ius
342 4027 795 4096 obtinendum:
840 4029 1122 4116 primum
1167 4031 1342 4117 quod
1380 4031 1631 4099 Sullani
1675 4031 1980 4118 temporis
2025 4030 2269 4103 acerbi·-
