2675 4559
840 246 1397 305 EPISTOLARUM
1429 250 1474 303 Ι.
1512 252 1564 304 2.
2186 240 2233 307 3

155 388 284 441 tum
318 371 942 440 commemoratione
977 382 1127 437 tuae
1163 372 1509 438 voluntatis
1546 396 1700 459 erga
1733 373 1916 441 illum
1942 368 2231 443 ordinem

154 488 551 555 permovere.
608 466 826 550 itaque
853 465 1156 551 postridie
1182 464 1445 551 placuit,
1478 477 1551 530 ut
1576 468 1857 534 breviter
1880 471 2229 537 sententias

153 564 518 629 diceremus
529 585 550 639 3
613 559 952 627 videbatur
1012 560 1184 625 enim
1233 561 1643 628 reconciliata
1693 560 1877 628 nobis
1932 564 2229 631 voluntas

149 678 288 723 esse
326 666 622 732 senatus,
658 653 833 737 quod
859 674 1008 719 cum
1037 653 1329 730 dicende,
1366 664 1505 719 tum
1540 655 1807 741 singulis
1834 657 2229 744 appellandis

151 750 596 836 rogandisque
640 770 1110 835 perspexeram.
1197 746 1416 833 itaque
1462 770 1613 815 cum
1656 750 1971 815 sententia
2022 752 2230 838 prima

153 841 830 929 Bibuli„pronuntiata
864 852 1050 917 esset,
1088 852 1159 907 ut
1187 852 1316 908 tres
1352 842 1549 929 legati
1582 864 1803 929 regem
1830 844 2227 921 reducerent,

157 938 446 1003 secunda
481 935 848 1013 Hortensii,
891 946 964 999 ut
1007 946 1080 999 tu
1125 934 1262 1001 sine
1308 936 1595 1003 exercitu
1626 936 1994 1017 reduceres,
2043 940 2229 1005 tertia

158 1030 464 1107 Volcatii,
501 1040 576 1095 ut
592 1027 942 1114 Pompeius
968 1030 1321 1106 reduceret,
1354 1029 1747 1116 postulatum
1774 1042 1893 1107 est,
1919 1041 1993 1095 ut
2009 1032 2230 1096 Bibuli

157 1124 482 1190 sententia
517 1122 928 1189 divideretur.
999 1134 1316 1207 quatenus
1353 1123 1435 1190 de
1471 1123 1779 1210 religione
1814 1123 2089 1201 dicebat,
2124 1125 2230 1189 cui

159 1220 425 1303 quidem
478 1218 574 1283 rei
625 1218 757 1283 iam
810 1217 1033 1283 obsisti
1074 1240 1214 1287 ‚non
1265 1228 1544 1304 poterat,
1596 1218 1833 1285 Bibulo
1888 1218 2231 1285 adsensum

159 1325 284 1391 est3
339 1314 429 1379 de
482 1313 690 1377 tribus
732 1311 962 1398 legatis
1013 1312 1381 1398 frequentes
1434 1314 1644 1379 ierunt
1695 1314 1764 1379 in
1816 1314 1943 1379 alia
1994 1312 2227 1378 omnia.

161 1408 458 1493 proxima
503 1417 640 1472 erat
681 1406 1016 1472 Hortensii
1059 1407 1401 1484 sententia,
1446 1429 1607 1487 cum,
1631 1406 1890 1494 Lupus,
1935 1407 2228 1473 tribunus

159 1502 274 1587 pL,
329 1500 516 1585 quod
557 1494 696 1586 ipse
740 1500 824 1565 de
868 1499 1183 1587 Pompeio
1224 1501 1577 1577 retulisset,
1628 1501 1954 1567 intendere
1998 1501 2227 1610 coepit,

157 1608 304 1661 ante
342 1617 418 1659 se
454 1606 746 1680 oportere
775 1593 1228 1661 discessionem
1262 1593 1477 1660 facere
1501 1615 1701 1676 quam
1725 1595 2037 1661 consules.
2092 1594 2230 1660 eius

157 1689 436 1755 orationi
492 1687 897 1753 vehementer
950 1688 1034 1753 ab
1087 1687 1385 1753 omnibus
1435 1686 1855 1753 reclamatum
1908 1697 2032 1765 est3
2095 1700 2231 1754 erat

159 1784 332 1851 enim
385 1793 454 1848 et
503 1781 726 1866 iniqua
777 1794 842 1847 et
890 1804 1081 1849 nova.
1189 1782 1485 1849 consules
1536 1802 1745 1865 neque
1798 1781 2231 1847 concedebant

159 1899 371 1963 neque
427 1875 617 1941 valde
665 1877 1146 1963 repugnabant,
1210 1877 1383 1943 diem
1436 1875 1726 1944 consumi
1779 1874 2108 1952 volebant3
2161 1874 2225 1939 id

159 1971 336 2055 quod
371 1982 474 2035 est
507 1969 777 2035 factum:
814 1970 1285 2056 perspiciebant
1320 1969 1491 2036 enim
1524 1970 1593 2035 in
1610 1969 1941 2037 Hortensii
1976 1979 2229 2036 senten-

161 2067 316 2129 tiam
378 2064 602 2129 multis
660 2063 954 2150 partibus
1004 2065 1206 2151 pluris
1257 2064 1491 2142 ituros,
1553 2086 1947 2149 quamquam
2008 2074 2228 2149 aperte

162 2158 461 2226 Volcatio
489 2157 976 2225 adsentirentur.
1029 2159 1214 2225 multi
1246 2159 1661 2245 rogabantur,
1698 2169 1892 2243 atque
1915 2157 1984 2224 id
2016 2158 2229 2243 ipsum

157 2252 538 2319 consulibus
579 2250 824 2329 invitis3
880 2274 1031 2317 nam
1078 2253 1138 2317 ei
1171 2252 1413 2319 Bibuli·
1440 2254 1821 2320 sententiam
1867 2253 2082 2319 valere
2116 2274 2230 2317 cu-

163 2349 437 2433 pierunt.
545 2346 668 2411 hac
713 2347 1145 2412 controversia
1195 2370 1401 2433 usque
1448 2348 1534 2413 ad
1593 2358 1847 2414 noctem
1891 2347 2087 2413 ducta
2128 2368 2229 2411 se·
2265 2368 2277 2383 ‘

163 2454 350 2507 natus
407 2441 707 2507 dimissus
761 2451 878 2506 est.
968 2463 1092 2527 ego
1144 2464 1220 2507 eo
1267 2442 1371 2508 die
1427 2465 1583 2508 casu
1626 2442 1801 2527 apud
1843 2440 2229 2526 Pompeium

163 2535 392 2603 cenavi
423 2544 782 2618 nactusque
826 2545 1078 2621 tempus
1115 2534 1238 2601 hoc
1273 2536 1481 2622 magis
1516 2535 1821 2601 idoneum
1858 2556 2053 2617 quam
2088 2556 2231 2597 um-

161 2654 360 2715 quam
396 2640 617 2707 antea,
651 2629 828 2712 quod
860 2639 1008 2715 post
1042 2639 1226 2695 tuum
1262 2630 1618 2695 discessum
1650 2630 1707 2693 is
1743 2628 1882 2693 dies
1915 2628 2230 2693 honestis·

165 2726 364 2791 simus
410 2723 596 2788 nobis
639 2722 851 2788 fuerat
893 2723 962 2787 in
1004 2734 1259 2801 senatu,
1316 2724 1408 2789 ita
1442 2745 1587 2788 sum
1622 2744 1771 2787 cum
1812 2721 1921 2785 illo
1957 2720 2229 2795 locutus,

166 2833 232 2885 ut
265 2818 430 2883 mihi
463 2818 714 2883 viderer
750 2816 1034 2887 animum
1068 2817 1342 2883 hominis
1370 2818 1453 2883 ab
1481 2816 1656 2882 omni
1692 2815 1817 2881 alia
1846 2813 2229 2901 cogitatione

161 2916 246 2979 ad
279 2926 466 2979 tuam
493 2912 872 2999 dignitatem
904 2912 1212 2977 tuendam
1241 2913 1603 2980 traducere:
1640 2933 1834 2995 quem
1859 2930 1983 2997 ego
2016 2907 2229 2995 ipsum

165 3030 316 3073 cum
349 3005 568 3082 audie,
602 3026 862 3090 prorsus
897 3027 1045 3070 eum
1079 3006 1280 3071 libero
1315 3006 1491 3071 omni
1526 3005 1883 3093 suspitione
1915 3002 2230 3090 cupidita-

167 3103 274 3179 tis3
331 3122 485 3165 cum
529 3109 745 3165 autem
785 3098 924 3164 eius
968 3098 1302 3165 familiaris
1347 3099 1633 3163 omnium
1679 3099 1976 3164 ordinum
2020 3097 2228 3173 vide0,

165 3195 516 3283 perspicio,
559 3193 628 3258 id
662 3194 836 3277 quod
867 3194 1000 3259 iam
1035 3193 1334 3258 omnibus
1371 3204 1468 3259 est
1502 3204 1825 3279 apertum,
1861 3202 2061 3257 totam
2094 3213 2230 3257 rem

165 3290 360 3356 istam
403 3288 537 3353 iam
580 3286 830 3374 pridem
877 3311 918 3352 a
962 3287 1152 3354 certis
1195 3286 1562 3353 hominibus
1574 3332 1593 3363 ,
1646 3307 1778 3349 non
1826 3283 2027 3349 invito
2078 3304 2231 3368 rege

165 3385 306 3470 ipso
365 3381 868 3465 consiliariisque
921 3382 1058 3448 eius
1071 3429 1090 3459 ,
1144 3402 1285 3447 esse
1333 3389 1718 3465 corruptam.
1806 3377 1967 3444 haec
2010 3374 2232 3462 scripsi

167 3502 224 3543 a.
263 3478 329 3542 d.
367 3476 565 3543 XVI.
600 3476 754 3541 Kal.
790 3475 1180 3541 Februarias
1223 3485 1377 3541 ante
1414 3475 1655 3540 lucem:
1711 3494 1789 3539 eo
1824 3472 1927 3538 die
1972 3482 2231 3538 senatus

168 3583 308 3637 erat
343 3570 620 3637 futurus.
707 3592 826 3635 nos
860 3570 930 3634 in
966 3581 1212 3649 senatu,
1249 3592 1444 3654 quem
1478 3570 1562 3635 ad
1596 3568 1860 3635 modum
1894 3588 2101 3654 spero,
2138 3564 2233 3631 di—

169 3665 488 3752 gnitatem
527 3675 844 3743 nostram,
897 3675 971 3729 ut
1012 3675 1223 3751 potest
1263 3664 1334 3729 in
1376 3674 1553 3729 tanta
1594 3663 1926 3729 hominum
1967 3660 2234 3748 perfidia

169 3774 234 3825 et
267 3758 637 3842 iniquitate,
689 3758 1104 3825 retinebimus
1115 3782 1134 3836 3
1188 3758 1364 3842 quod
1398 3758 1481 3823 ad
1515 3759 1889 3844 popularem
1922 3754 2232 3819 rationem

171 3853 431 3927 attinet,
475 3850 599 3917 hoc
635 3852 928 3917 videmur
961 3874 1102 3918 esse
1139 3851 1492 3927 consecuti,
1528 3862 1601 3915 ut
1635 3874 1716 3916 ne
1752 3848 1908 3933 quid
1942 3846 2051 3931 agi
2085 3865 2231 3909 cum

173 3946 420 4059 populo
444 3955 556 4010 aut
591 3945 782 4012 salvis
818 3946 1118 4032 auspiciis
1148 3957 1258 4012 aut
1295 3944 1489 4009 salvis
1522 3943 1775 4027 legibus
1812 3949 1924 4004 aut
1956 3936 2230 4021 denique

171 4041 312 4109 sine
359 4041 426 4107 vi
472 4052 707 4127 posset.
797 4041 878 4107 de
911 4040 1012 4107 his
1047 4039 1238 4107 rebus
1274 4037 1509 4124 pridie,
1554 4058 1751 4121 quam
1791 4034 1952 4189 hap?
1988 4032 2231 4117 scripsi,
