2675 4559
500 192 624 259 3:³⁴1]
1105 196 1182 251 M.
1219 193 1497 253 TULLII
1529 188 1930 249 CICERONIS

500 332 771 396 rztmiffles
808 324 1107 390 honestas
1140 317 1327 384 nobis
1356 325 1421 382 et
1457 337 1642 381 curas
1670 324 1737 380 et
1771 313 2049 380 actiones
2083 311 2320 391 darent3
2349 336 2478 379 nunc
2526 347 2528 366 ·

500 440 712 488 mmm
748 418 903 505 quid
938 426 1065 493 est,
1120 414 1258 479 sine
1299 410 1401 477 his
1437 431 1553 476 cur
1585 409 1801 475 vivere
1849 407 2153 473 velimus?
2190 407 2342 473 mihi
2368 431 2481 474 vero

500 544 640 584 mun
692 516 785 580 his
828 511 983 599 ipsis
1027 508 1167 586 vix,
1219 506 1319 572 his
1375 514 1590 571 autem
1633 502 1932 570 detractis
1980 524 2068 569 ne
2110 502 2216 570 vix
2261 501 2483 587 quidem.

500 616 608 676 ,κω-1
652 612 807 676 haec
851 628 1068 672 coram
1103 612 1169 669 et
1210 600 1488 687 saepius.
1576 598 2023 685 migrationem
2058 607 2123 664 et
2165 598 2486 683 emptionem

500 708 765 768 1'¹s-li‹.·.it.e1·
800 699 1055 768 evenire
1090 697 1239 764 volo
1280 707 1595 779 tuumque
1629 693 1698 759 in
1734 715 1812 759 ea
1852 716 1924 760 re
1960 693 2287 758 consilium
2316 692 2486 777 probo.

500 824 652 864 (ΠΗ-η
688 812 759 864 ul:
793 795 1028 861 valeas.

1477 938 1582 993 IX.

991 1046 1107 1102 Scr.
1128 1045 1343 1099 Romae
1361 1058 1552 1097 mense
1571 1040 1724 1095 Maio
1744 1057 1795 1095 a.
1815 1057 1870 1093 u.
1892 1055 1939 1094 c.
1959 1039 2079 1094 706.

979 1144 1458 1202 DOLABELLA
1494 1142 1550 1200 S.
1587 1143 1662 1196 D.
1700 1139 2083 1198 CICERONI.

444 1296 460 1332 π
636 1272 704 1336 5.
740 1290 800 1333 v.
836 1288 902 1351 g.
940 1285 1001 1327 V.
1049 1273 1114 1328 et
1148 1259 1367 1326 Tullia
1409 1269 1628 1324 nostra
1673 1268 1846 1324 recte
1892 1279 1953 1322 V.
2000 1257 2300 1324 Terentia
2336 1254 2496 1320 minus

508 1368 664 1428 helle
704 1359 946 1436 habuit,
983 1357 1099 1423 sed
1133 1366 1380 1422 certum
1405 1353 1538 1420 scio
1566 1353 1698 1418 iam
1727 1353 2128 1420 convaluisse
2165 1377 2316 1420 eam.
2363 1374 2499 1438 prae-

508 1476 674 1524 μέτε-η
712 1453 1058 1522 rectissime
1094 1460 1244 1516 sunt
1278 1448 1454 1535 apud
1490 1459 1554 1514 te
1589 1449 1822 1514 omnia.
1912 1449 2032 1514 etsi
2067 1449 2241 1514 nullo
2275 1459 2501 1532 tempore

503 1556 564 1616 in
624 1548 1040 1636 suspitionem
1094 1544 1211 1611 tibi
1264 1542 1460 1609 debui
1512 1543 1729 1608 venire
1782 1543 2064 1629 partium
2117 1565 2304 1608 causa
2341 1541 2501 1628 potius

504 1672 696 1732 quam
736 1656 848 1710 tua
882 1642 1000 1706 tibi
1036 1639 1326 1714 suadere,
1363 1648 1437 1702 ut
1472 1647 1534 1702 te
1571 1648 1683 1701 aut
1711 1659 1860 1702 cum
1881 1632 2165 1704 Caesare
2198 1637 2503 1704 nobiscum-

508 1767 624 1824 [μη-
680 1739 1097 1822 coniungeres
1144 1744 1258 1799 aut
1304 1743 1475 1798 certe
1518 1731 1584 1795 in
1629 1730 1831 1796 otium
1874 1722 2150 1800 referres
2163 1780 2180 1811 ,
2223 1730 2504 1819 praecipue

508 1860 676 1900 mum.
720 1836 848 1898 iam
881 1831 1184 1896 inclinata
1217 1827 1512 1903 victoria,
1556 1849 1638 1892 ne
1672 1848 1938 1912 possum
1972 1827 2232 1912 quidem
2265 1828 2328 1892 in
2356 1825 2507 1890 ullam
2550 1823 2567 1857 ·³

508 1932 696 1992 :iliam
732 1926 1011 1992 incidere
1038 1923 1406 2009 opinionem
1441 1921 1566 1987 nisi
1599 1921 1669 1986 in
1703 1943 1869 1999 eam,
1905 1921 1973 1987 in
2010 1945 2142 2008 qua
2177 1923 2398 1989 scilicet
2423 1917 2508 1984 tibi

508 2027 775 2088 muniere
819 2017 1067 2094 videar,
1112 2017 1286 2100 quod
1329 2015 1435 2100 pie
1481 2026 1692 2081 tacere
1726 2037 1866 2090 non,
1897 2017 2170 2101 possim:
2216 2028 2284 2082 tu
2323 2026 2507 2087 autem,
2603 2025 2605 2059 ³

508 2120 592 2180 mi
636 2116 890 2187 (licere,
947 2111 1039 2176 sic
1072 2110 1233 2174 haec
1267 2109 1575 2193 accipies,
1629 2121 1730 2187 ut,
1784 2110 1916 2176 sive
1959 2112 2390 2197 probabuntur
2425 2105 2510 2172 tibi
2606 2131 2607 2134 ¹

508 2216 552 2272 ς--ῇ
567 2232 636 2272 m·-
680 2230 805 2272 non
840 2203 1303 2291 probabuntur,
1334 2202 1423 2267 ¹ab
1459 2203 1700 2289 optimo
1737 2215 1907 2270 certe
1944 2205 2162 2272 animo
2197 2229 2270 2272 ac
2303 2203 2510 2271 deditis-

448 2324 468 2360 Ξ
508 2306 664 2364 siunt]
696 2298 813 2364 tibi
850 2307 915 2363 et
949 2296 1226 2382 cogitata
1262 2306 1325 2362 et
1361 2296 1598 2380 scripta
1624 2319 1764 2363 esse
1801 2298 2066 2364 iudices.
2120 2296 2512 2367 animadvertis
2607 2250 2611 2382 ἕ

508 2396 628 2460 Gn.
684 2391 1067 2477 Pompeium
1119 2412 1241 2456 nec
1302 2390 1581 2455 nominis
1644 2391 1743 2456 sui
1802 2415 1922 2459 nec
1973 2417 2192 2460 rerum
2242 2405 2513 2482 gestarum
2608 2387 2611 2456 ἰ

504 2492 708 2572 ⁴‚2511721421
756 2507 961 2570 neque
1008 2484 1199 2550 etiam
1246 2506 1475 2570 regum
1519 2508 1594 2550 ac
1638 2487 1972 2552 nationum
2015 2490 2346 2566 clientelis,
2392 2509 2514 2572 quas
2608 2468 2611 2551 ¹

508 2596 822 2648 [u--tssutare
856 2579 1081 2645 crebro
1119 2578 1389 2655 solebat,
1427 2601 1568 2645 esse
1604 2590 1846 2658 tutum,
1884 2593 1946 2647 et
1980 2580 2110 2648 hoc
2146 2584 2348 2661 etiam,
2381 2578 2517 2665 quod

508 2680 724 2740 infimo
776 2675 1008 2759 cuique
1062 2672 1362 2759 contigit,
1433 2673 1528 2738 illi
1586 2697 1716 2739 non
1777 2697 1964 2760 posse
2026 2679 2408 2764 contingere,
2464 2683 2518 2737 ut

508 2776 770 2836 inumata
813 2768 1101 2856 effugere
1143 2768 1375 2853 possit,
1428 2768 1615 2854 pulso
1651 2769 1873 2846 Italia,
1927 2772 2179 2838 amissis
2213 2768 2516 2857 Hispaniis,

508 2880 646 2948 sapt
660 2892 692 2928 ts·
748 2864 1033 2930 exercitu
1085 2873 1389 2928 veterano
1402 2908 1421 2938 ,
1486 2862 1962 2930 circumvallato
2025 2888 2200 2933 nunc
2261 2864 2516 2947 denique3

508 2960 680 3040 *pizul
716 2956 929 3021 nescio
958 2979 1041 3020 an
1068 2955 1228 3020 nulli
1263 2977 1573 3039 umquam
1603 2957 1820 3024 nosti-o
1853 2958 2155 3026 acciderit
2179 2954 2516 3047 imperatori.

504 3076 700 3136 qiu-[111
728 3050 810 3116 ob
834 3071 992 3126 rem,
1028 3050 1186 3134 quid
1214 3062 1328 3115 aut
1355 3050 1463 3116 ille
1492 3073 1748 3137 sperare
1776 3055 1980 3138 possit
2007 3066 2121 3120 aut
2156 3066 2246 3132 tu,
2281 3052 2518 3119 animum

508 3148 766 3241 :ulmi-ts
808 3165 927 3230 pro
971 3155 1085 3230 tua
1127 3145 1498 3230 prudentia3
1548 3144 1642 3211 sic
1677 3146 1850 3212 enim
1897 3148 2198 3215 facillime
2232 3145 2394 3233 quod
2429 3139 2519 3206 tibi

507 3240 914 3304 utilissimum
958 3238 1079 3304 erit
1121 3238 1372 3304 consilii
1418 3239 1652 3326 capies.
1741 3242 1904 3307 illud
1950 3252 2167 3309 autem
2202 3266 2242 3306 a
2281 3253 2343 3306 te
2382 3247 2516 3324 peto,

508 3360 592 3408 1111,
632 3336 684 3396 si
722 3336 849 3398 iam
881 3333 989 3399 ille
1026 3333 1374 3424 evitaverit*
1393 3332 1518 3399 hoc
1551 3335 1911 3420 periculum
1947 3348 2012 3403 et
2046 3361 2117 3404 se
2145 3332 2441 3403 abdiderit
2467 3329 2518 3392 in

508 3432 801 3505 classem„
856 3439 929 3492 tu
973 3428 1099 3493 tuis
1145 3428 1339 3494 rebus
1376 3429 1673 3494 consulas
1709 3439 1776 3495 et
1822 3431 2166 3516 aliquando
2201 3429 2316 3496 tibi
2346 3424 2520 3514 potius

508 3548 700 3604 quam
748 3520 945 3607 cuivis
995 3521 1081 3586 sis
1128 3522 1403 3589 amicus:
1458 3522 1613 3589 satis
1659 3522 1908 3591 factum
1952 3537 2053 3592 est
2100 3526 2228 3592 iam
2271 3547 2309 3588 a
2348 3534 2404 3587 te
2441 3513 2520 3580 vel

508 3616 716 3680 offla-nis]
756 3615 855 3682 vel
890 3614 1334 3696 familiaritati,
1383 3617 1535 3700 satis
1571 3616 1815 3684 factum
1851 3621 2047 3687 etiam
2078 3619 2359 3708 partibus
2392 3622 2448 3679 et
2475 3606 2522 3674 ei

444 3728 468 3764 3
508 3712 592 3772 rei
644 3708 964 3792 publicae,
1018 3732 1214 3795 quam
1256 3722 1328 3777 tu
1371 3712 1711 3798 probabas.
1799 3715 2117 3803 reliquum
2161 3723 2256 3780 est
2297 3722 2384 3786 ut,
2431 3700 2520 3769 ubi

508 3828 672 3864 mnu:
712 3813 807 3869 est
839 3826 942 3871 res
978 3804 1267 3891 publica,
1314 3806 1409 3870 ibi
1445 3807 1644 3872 simus
1680 3810 1893 3895 potius
1928 3831 2154 3894 quam,
2200 3808 2348 3872 dum
2377 3801 2522 3866 illam

508 3915 785 3960 mter-sm
819 3918 1182 3981 sequamur,
1221 3899 1419 3965 simus
1453 3901 1524 3967 in
1558 3902 1754 3967 nulla.
1828 3925 1958 3987 qua
1991 3928 2060 3970 re
2096 3903 2301 3979 velim,
2335 3896 2414 3962 mi
2440 3892 2521 3956 iu·

508 3988 887 4058 ffluulissime
924 3989 1184 4073 Cicem,
1211 3995 1286 4069 ,si
1319 3992 1486 4063 forte
1521 3995 1872 4083 Pompeius
1908 4000 2134 4086 pulsus
2167 3996 2261 4063 his
2297 4005 2515 4079 quoque
