2675 4559
522 225 650 292 352
1128 231 1206 285 M.
1244 229 1521 312 'runnu
1555 225 1956 284 cmmoms

523 361 693 429 enim
745 358 937 427 velim
988 354 1361 430 existimes,
1396 361 1532 419 tota
1575 361 1707 439 tua,
1729 350 2058 437 provincia
2101 351 2375 434 omnique
2417 351 2514 416 isto
2604 341 2605 370 ἶ

522 453 788 542 imperio
823 449 981 516 nihil
1016 471 1179 527 esse,
1213 447 1389 533 quod
1422 445 1580 511 mihi
1612 447 1857 532 gratius
1893 445 2106 527 facere
2142 445 2349 531 possis.

1446 596 1658 653 LXVI.
2072 665 2075 670 Ι
2162 645 2167 651 .

1204 700 1320 758 Ser.
1340 701 1553 755 Romae
1575 716 1625 755 a.
1646 717 1699 753 u.
1722 716 1769 754 c.
1792 699 1909 754 708.
1985 743 1992 748 .

1003 807 1079 862 M.
1118 801 1394 862 CICERO
1430 803 1496 859 P.
1535 801 1896 858 SERVILIO
1933 801 2099 858 SAL.

653 924 740 1005 A,
790 919 1165 997 Caecinam,
1225 917 1506 983 maxime
1566 916 1898 1003 proprium
1948 914 2271 984 clientem
2299 916 2522 981 familiae

524 1029 796 1094 vestrae,
830 1038 962 1081 non
996 1013 1510 1082 commendarem
1546 1011 1683 1088 tibi,
1720 1034 1872 1078 cum
1905 1012 2158 1090 scirem,
2193 1033 2317 1096 qua
2345 1011 2450 1076 fide
2474 1011 2523 1074 in

525 1128 690 1190 tuos,
727 1135 857 1198 qua
880 1107 1215 1176 clementia
1240 1107 1308 1172 in
1335 1105 1738 1172 calamitosos
1775 1107 2013 1173 soleres
2039 1129 2204 1184 esse,
2237 1107 2458 1175 nisime
2481 1115 2526 1168 et
2604 1153 2605 1159 κ

527 1208 726 1295 patris
748 1206 905 1282 eius,
931 1225 1062 1289 quo
1080 1225 1224 1267 sum
1252 1200 1745 1267 familiarissime
1763 1223 1941 1279 usus,
1965 1201 2276 1269 memoria
2300 1211 2358 1269 et
2379 1200 2522 1264 huius

526 1302 784 1367 fortuna
815 1300 906 1364 ita
947 1305 1263 1371 moveret,
1298 1305 1373 1360 ut
1417 1294 1693 1360 hominis
1730 1295 2030 1362 omnibus
2068 1318 2319 1364 mecum
2349 1292 2523 1359 studiis

525 1394 879 1477 officiisque
909 1389 1409 1458 coniunctissimi
1443 1411 1701 1456 movere
1736 1389 2036 1457 debebat.
2093 1414 2134 1457 a
2168 1401 2230 1458 te
2263 1390 2375 1458 hoc
2397 1387 2524 1453 omni

434 1512 439 1516 ⁴
525 1487 927 1556 contentione
953 1497 1123 1573 peto,
1152 1485 1266 1562 sic,
1300 1494 1374 1551 ut
1400 1484 1639 1551 maiore
1667 1507 1840 1561 cura,
1875 1485 2125 1553 maiore
2149 1485 2338 1552 animi
2357 1483 2524 1557 labore

525 1595 741 1670 petere
774 1603 906 1648 non
939 1581 1200 1668 possim,
1234 1590 1308 1645 ut
1344 1579 1428 1644 ad
1462 1603 1559 1656 ea,
1596 1603 1762 1665 quae
1797 1592 1909 1647 tua
1936 1593 2170 1667 sponte
2203 1582 2332 1648 sine
2363 1578 2525 1648 cuius-

527 1701 726 1764 quam
786 1675 1335 1744 commendatione
1398 1674 1646 1743 faceres
1705 1675 1774 1741 in
1833 1675 2168 1745 hominem
2224 1687 2444 1742 tantum
2483 1683 2527 1737 et

527 1777 724 1843 talem
775 1759 1298 1861 [calamitosum],
1354 1771 1631 1854 aliquem
1675 1770 1970 1836 adferant
2027 1773 2348 1838 cumulum
2390 1789 2526 1834 meae

527 1870 794 1946 litterae,
830 1889 959 1953 quo
995 1864 1340 1931 studiosius
1378 1887 1544 1940 eum,
1581 1864 2102 1950 quibuscumque
2137 1866 2323 1931 rebus
2353 1862 2526 1950 posen,

528 1963 732 2030 iuves.
821 1960 1095 2046 quodsi
1138 1959 1386 2024 Romae
1431 1958 1692 2036 fuisses,
1739 1958 1932 2023 etiam
1977 1961 2253 2025 salutem
2294 1958 2371 2023 A.
2405 1953 2527 2021 Cae-

487 2120 490 2124 .
529 2058 711 2124 cinae
747 2077 1060 2130 essemus,
1115 2065 1187 2118 ut
1223 2052 1436 2138 opinio
1472 2076 1617 2118 mea
1651 2053 1803 2130 fert,
1848 2076 1965 2140 per
1998 2065 2067 2120 te
2105 2053 2430 2129 consecuti,
2471 2049 2525 2111 de

530 2173 659 2235 qua
692 2161 908 2215 tamen
948 2170 1255 2233 magnam
1299 2170 1480 2232 spem
1515 2147 1854 2225 habemus,
1900 2147 2054 2214 freti
2091 2147 2406 2216 clementia
2433 2142 2524 2208 ool-

527 2247 711 2329 legae
745 2243 858 2308 tui.
946 2263 1149 2318 nunc,
1194 2243 1497 2326 quoniam
1542 2254 1723 2308 tuam
1765 2242 2078 2309 iustitiam
2113 2255 2358 2311 secutus
2387 2238 2524 2304 tutis-

492 2403 494 2408 ,
528 2338 764 2404 simum
805 2335 928 2400 sibi
970 2346 1225 2420 portum
1268 2337 1667 2421 provinciam
1709 2339 1901 2403 istam
1947 2338 2160 2406 duxit.
2182 2360 2340 2412 esse,
2379 2332 2525 2400 etiam

423 2481 430 2487 -
529 2443 724 2516 atque
768 2428 960 2496 etiam
1011 2439 1075 2517 te
1118 2451 1280 2515 rogo
1324 2440 1518 2513 atque
1562 2451 1703 2509 οπο,
1759 2441 1831 2501 ut
1875 2453 2024 2496 eum
2074 2444 2139 2499 et
2189 2432 2258 2496 in
2303 2423 2529 2510 reliquiis

405 2583 412 2590 .
527 2524 760 2592 veteris
811 2521 1259 2609 negotiationis
1313 2524 1712 2611 conligendis
1763 2525 1949 2591 iuves
1999 2537 2069 2592 et
2121 2524 2338 2593 ceteris
2382 2519 2528 2586 rebus

530 2632 714 2706 tegas
748 2630 939 2703 atque
973 2619 1223 2683 tueare:
1254 2618 1384 2707 *hoc
1419 2619 1578 2685 mihi
1611 2620 1856 2705 gratius
1892 2619 2108 2688 facere
2143 2619 2297 2686 nihil
2327 2626 2493 2703 potes·

1438 2728 1678 2826 nxvn.

943 2944 948 2947 ξ
971 2952 976 2957 ἱ
1206 2871 1322 2927 Scr.
1344 2871 1557 2928 Romae
1577 2890 1626 2926 a.
1647 2889 1700 2925 u.
1720 2890 1771 2926 c.
1795 2874 1911 2927 708.

857 2973 933 3028 Μ.
972 2972 1246 3030 CICERO
1284 2975 1349 3028 P.
1391 2973 1749 3031 SERVILIO
1786 2974 2059 3057 PRQPR.
2101 2976 2266 3035 SAL.

617 3085 621 3091 ’
656 3087 764 3155 Ex
797 3089 1129 3174 provincia
1159 3106 1305 3155 mea
1334 3086 1683 3167 Ciliciensi,
1716 3090 1821 3155 cui
1857 3090 1980 3156 scis
2015 3103 2197 3178 τρεῖς
2230 3085 2526 3171 διοικήσεις

530 3184 848 3250 Asiaticas
900 3184 1238 3250 attributas
1289 3184 1488 3250 fuisse
1501 3232 1519 3261 ,
1572 3184 1750 3253 nullo
1804 3209 1948 3251 sum
2001 3185 2365 3268 familiarius
2410 3194 2524 3244 usus

530 3300 723 3362 quam
750 3278 1083 3356 Androne,
1120 3279 1492 3345 Artemonis
1529 3279 1682 3357 filio,
1717 3280 2129 3368 Laodicensi,
2163 3298 2414 3363 eumque
2441 3276 2525 3336 ha·

530 3373 641 3438 bui
690 3372 760 3438 in
812 3396 891 3439 ea
942 3373 1198 3458 civitate
1252 3366 1400 3439 cum
1451 3374 1767 3460 hospitem
1781 3421 1800 3451 ,
1854 3386 1993 3440 tum
2045 3375 2425 3447 vehementer
2464 3361 2525 3428 ad

529 3489 709 3532 meae
752 3467 923 3532 vitae
965 3468 1278 3533 rationem
1297 3514 1302 3518 -
1322 3479 1387 3532 et
1441 3469 1968 3534 consuetudinem
2015 3464 2524 3536 accommodatum,

530 3582 722 3646 quem
763 3561 1023 3645 quidem
1067 3562 1269 3636 multo
1304 3562 1497 3627 etiam
1539 3563 1741 3648 pluris
1787 3575 2012 3648 postea
2024 3611 2043 3641 ,
2090 3585 2278 3648 quam
2309 3549 2521 3623 decessi,

530 3658 739 3721 facere
783 3655 995 3740 coepi,
1048 3655 1224 3738 quod
1276 3656 1494 3721 multis
1544 3657 1739 3722 rebus
1789 3669 2092 3744 expertus
2132 3680 2270 3724 sum
2315 3659 2521 3739 gratum

530 3749 851 3814 hominem
893 3750 1148 3834 meique
1192 3773 1560 3818 memorem.
1648 3751 1865 3835 itaque
1917 3777 2066 3819 eum
2098 3753 2330 3818 Romae
2357 3743 2518 3810 liben-

530 3841 769 3908 tissime
802 3843 963 3921 vidi3
998 3835 1131 3910 no‘n
1165 3855 1228 3919 te
1263 3845 1436 3913 enim
1468 3845 1667 3932 fugit,
1705 3847 1816 3930 qui
1846 3847 2136 3933 'plurimis
2163 3846 2235 3910 in
2267 3844 2376 3908 ista
2402 3852 2517 3920 pro·

470 3954 490 3986 *ὲ
530 3934 737 4008 vincia
762 3936 1037 4022 benigne
1065 3938 1292 4017 fecisti,
1318 3946 1517 4026 quam
1545 3941 1732 4009 multi
1756 3941 1924 4029 grati
1941 3940 2351 4028 'reperiantur.·
2388 3930 2512 3994 haess

530 4036 863 4108 propterea
897 4033 1142 4118 scripsi,
1177 4044 1251 4098 ut
1273 4045 1339 4100 et
1374 4057 1477 4102 me
1512 4057 1643 4100 non
1675 4035 1814 4102 sine
1842 4059 2040 4104 causa
2072 4036 2345 4102 laborare
2367 4017 2510 4090 intel-
