2675 4559
514 248 638 313 148
1123 259 1200 313 M.
1237 257 1513 315 TULLII
1548 254 1951 313 CICERONIS

448 376 450 379 ’
507 384 762 464 diesem
783 384 1129 471 desperans
1156 380 1492 447 victoriam
1515 381 1795 467 *primum
1814 379 1998 465 coepi
2023 378 2292 445 suadere
2316 402 2531 465 pacem,

507 482 688 546 cuius
723 481 973 546 fueram
1001 501 1253 565 semper
1289 488 1538 555 auctor3
1558 475 1825 553 deinde,
1863 498 2011 540 cum
2038 475 2121 539 ab
2148 498 2229 541 ea
2252 478 2533 542 sententia

501 576 854 665 Pompeius
897 574 1086 640 valde
1131 573 1531 650 abhorreret,
1578 572 1848 637 suadere
1890 568 2167 646 institui,
2218 582 2289 635 ut
2320 570 2530 636 bellum

504 672 795 737 duceret:
841 670 965 736 hoc
1005 670 1327 736 interdum
1362 668 1676 754 probabat
1711 679 1775 734 et
1818 667 1887 731 in
1922 687 1999 731 ea
2034 667 2351 733 sententia
2382 667 2533 733 vide-

503 765 696 831 batur
727 765 868 831 fore
903 776 967 831 et
1001 764 1229 830 fuisset
1263 764 1554 841 fortasse,
1590 764 1713 829 nisi
1738 762 2020 847 quadam
2047 784 2129 827 ex
2164 784 2380 848 pugna
2412 784 2532 827 coe-

503 860 704 945 pisset
755 860 887 926 suis
933 859 1242 925 militibus
1289 856 1628 923 confidere.
1718 880 1799 923 ex
1844 874 1923 923 eo
1966 868 2257 941 tempore
2307 858 2399 921 vir
2444 855 2529 921 ille

507 976 796 1020 summus
831 953 1048 1018 nullus
1083 954 1430 1038 imperator
1462 950 1615 1015 fuit:
1654 952 1839 1040 signa
1874 950 2077 1017 tirone
2115 961 2182 1015 et
2217 950 2529 1016 collecticio

507 1048 792 1113 exercitu
853 1070 1000 1113 cum
1062 1047 1424 1134 legionibus
1472 1044 1944 1115 ‚robustissimis
1998 1044 2295 1123 contulit3
2354 1045 2525 1109 victus

445 1164 470 1203 a
499 1144 868 1229 turpissime
923 1142 1170 1207 amissis
1217 1142 1407 1207 etiam
1454 1142 1679 1205 castris
1722 1141 1895 1206 solus
1948 1140 2136 1225 fugit.
2227 1140 2393 1205 hunc
2429 1160 2527 1223 ego

502 1236 661 1300 mihi
693 1236 846 1301 belli
879 1235 1072 1303 finem
1107 1235 1263 1312 feci,
1308 1256 1429 1299 nec
1461 1235 1716 1320 putavi,
1762 1256 1908 1299 cum
1942 1234 2181 1320 integri
2214 1255 2392 1319 pares
2422 1253 2525 1297 non

505 1316 880 1404 fuissemus,
925 1329 1162 1393 fractos
1211 1328 1571 1413 superiores
1614 1328 1781 1393 fore·
1764 1376 1782 1405 ,
1830 1328 2095 1392 discessi
2141 1328 2226 1391 ab
2262 1350 2337 1393 eo
2369 1325 2525 1398 belle,

398 1425 408 1436 ‘
503 1424 570 1487 in
605 1444 735 1506 quo
769 1434 880 1487 aut
921 1421 991 1487 in
1025 1421 1162 1489 acie
1199 1421 1560 1488 cadendum
1594 1422 1718 1487 fuit
1754 1435 1867 1488 aut
1908 1424 1977 1487 in
2012 1420 2263 1507 aliquas
2298 1420 2526 1486 insidias

502 1508 914 1583 incidendum
957 1529 1070 1583 aut
1114 1517 1583 1584 deveniendum
1626 1519 1695 1582 in
1744 1516 2003 1583 victoris
2046 1540 2279 1583 manus
2323 1526 2425 1581 aut
2461 1512 2525 1577 ad

502 1612 734 1677 Iubam
797 1612 1298 1699 confugiendum
1361 1624 1474 1677 aut
1535 1611 1883 1698 capiendus
1943 1623 2276 1695 tamquam
2338 1608 2528 1676 exsilio
2608 1662 2611 1667 .

501 1706 680 1773 locus
726 1718 838 1772 aut
881 1707 1334 1775 consciscenda
1368 1729 1538 1772 mors
1584 1706 1971 1771 voluntaria:
2020 1717 2195 1771 certe
2238 1704 2389 1769 nihil
2426 1701 2524 1765 fuit

502 1812 862 1886 praeterea,
917 1803 974 1867 si
1016 1812 1081 1866 te
1127 1802 1355 1867 victori
1397 1802 1597 1866 nolles
1634 1810 1744 1865 aut
1790 1822 1919 1864 non
1956 1800 2230 1865 auderes
2275 1796 2525 1864 commit-

499 1908 652 1961 tere.
725 1918 807 1961 ex
842 1896 1138 1960 omnibus
1175 1906 1389 1960 autem
1422 1895 1523 1972 iis,
1560 1917 1724 1979 quae
1762 1893 1915 1971 dixi,
1951 1894 2367 1962 incommodis
2398 1889 2524 1955 nihil

501 1988 892 2055 tolerabilius
937 1988 1159 2053 exsilio
1172 2036 1191 2065 ,
1238 1989 1613 2073 praesertim
1663 1988 2014 2066 innocenti,
2067 1988 2187 2053 ubi
2230 1987 2399 2053 nulla
2434 1982 2526 2047 ad-

499 2083 717 2149 iuncta
751 2094 849 2147 est
882 2082 1240 2167 turpitud03
1279 2082 1447 2147 addo
1483 2083 1697 2159 etiam,
1734 2104 1882 2147 cum
1917 2105 1993 2147 ea
2028 2083 2193 2150 urbe
2221 2104 2442 2156 careas,
2471 2078 2522 2141 in

499 2196 628 2259 qua
671 2175 829 2239 nihil
874 2176 985 2253 sit,
1039 2176 1213 2260 quod
1256 2176 1473 2242 videre
1516 2177 1722 2263 possis
1768 2176 1903 2243 sine
1948 2176 2198 2243 dolore:
2234 2197 2370 2263 ego
2402 2195 2521 2239 cum

497 2268 684 2345 meis,
738 2270 794 2333 si
835 2270 1182 2355 quicquam
1227 2294 1401 2337 nunc
1445 2272 1823 2355 cuiusquam
1870 2282 1992 2349 est,
2047 2272 2248 2337 etiam
2288 2273 2352 2337 in
2392 2268 2521 2333 meis

437 2383 464 2421 ι
497 2384 636 2427 esse
679 2364 898 2429 malui.
985 2386 1152 2449 quae
1206 2367 1603 2444 acciderunt,
1658 2366 1873 2431 omnia
1924 2365 2059 2431 dixi
2104 2368 2352 2443 futura3
2401 2362 2520 2428 veni
2594 2356 2617 2449 {f

497 2457 789 2536 domum,
852 2480 984 2523 non
1035 2481 1162 2543 quo
1217 2462 1462 2547 optima
1523 2462 1780 2527 vivendi
1834 2461 2125 2528 condicio
2182 2473 2371 2538 esset,
2428 2455 2519 2522 sed
2614 2480 2617 2517 ε

495 2564 739 2629 tamen,
791 2552 847 2617 si
891 2564 1059 2618 esset
1107 2554 1322 2638 aliqua
1366 2556 1573 2621 forma
1604 2557 1698 2622 rei
1740 2556 2070 2641 publica-e,
2124 2568 2441 2640 tamquam
2467 2549 2519 2611 in
2614 2576 2616 2593 ¹

495 2642 738 2710 exsilic.
824 2657 1096 2713 mortem
1131 2648 1288 2713 mihi
1333 2670 1447 2713 cur
1482 2651 1938 2716 consciscerem
1952 2698 1968 2727 ‚
2016 2672 2215 2716 causa
2254 2669 2379 2715 non
2408 2645 2519 2711 visa
2614 2680 2617 2697 ι

493 2749 618 2817 est3
673 2760 790 2805 cur
833 2752 1148 2827 optarem,
1203 2744 1444 2808 multae
1498 2766 1760 2820 causae3
1816 2756 1999 2811 vetus
2024 2758 2144 2810 ·est
2188 2744 2381 2817 enim,
2428 2734 2518 2802 ubi

491 2853 618 2897 non
656 2833 742 2896 sis
779 2836 891 2917 qui
925 2836 1144 2913 fueris,
1179 2860 1310 2901 non
1354 2860 1492 2902 esse
1530 2859 1643 2902 cur
1676 2838 1835 2903 velis
1872 2840 2104 2905 vivere.
2189 2838 2302 2903 sed
2335 2846 2517 2900 tamen

491 2944 719 2989 vacare
755 2927 946 3011 culpa
980 2948 1289 3015 magnum
1324 2942 1422 2995 est
1456 2930 1792 3008 solacium,
1838 2919 2217 3018 praesertim
2254 2952 2393 2997 cum
2424 2926 2515 2990 ha·
2594 2956 2601 2969 ·

479 3018 678 3083 'boam
715 3018 876 3086 duas
911 3038 1035 3099 res,
1072 3024 1305 3106 quibus
1340 3046 1444 3090 me
1480 3036 1859 3103 sustentem,
1897 3026 2283 3111 optimarum
2317 3022 2515 3089 artium
2592 3029 2605 3095 is

489 3112 818 3180 scientiam
857 3127 921 3181 et
955 3117 1381 3183 maximarum
1418 3142 1631 3185 rerum
1674 3120 1976 3207 gloriam3
2030 3142 2305 3204 quarum
2348 3117 2516 3181 altera

487 3205 644 3272 mihi
678 3209 827 3275 vivo
863 3232 1219 3299 numquam
1255 3214 1586 3298 eripietur,
1624 3214 1825 3279 altera
1858 3236 1942 3279 ne
1978 3225 2233 3279 mortuo
2268 3208 2523 3298 quidem3

427 3321 453 3360 5
489 3300 648 3367 haec
683 3302 765 3367 ad
801 3314 864 3369 te
901 3306 1126 3393 scripsi
1161 3306 1496 3372 verbosius
1530 3317 1594 3371 et
1628 3306 1745 3371 tibi
1780 3308 2087 3373 molestus
2122 3307 2241 3385 fui,
2274 3300 2435 3391 quod
2462 3310 2513 3361 te
2602 3314 2605 3324 '

488 3417 634 3460 cum
667 3398 824 3475 mei,
869 3408 1010 3463 tum
1044 3400 1138 3465 rei
1181 3400 1479 3487 publicae
1514 3400 1791 3487 cognovi
1834 3396 2358 3466 amantissimum.
2419 3414 2515 3459 110‘
2602 3388 2605 3401 ¹

486 3500 624 3551 tum
677 3490 794 3555 tibi
839 3514 1026 3557 omne
1071 3515 1288 3558 meum
1335 3493 1666 3563 consilium
1715 3515 1855 3560 esse
1898 3495 2107 3572 volui,
2160 3505 2236 3559 ut
2268 3492 2512 3578 primum

485 3582 679 3647 scires
714 3606 817 3649 me
851 3606 1205 3669 numquam
1233 3588 1510 3653 voluisse
1535 3588 1681 3674 plus
1710 3609 2097 3673 quemquam
2132 3610 2319 3675 posse
2344 3599 2512 3667 quam

483 3675 844 3742 universam
897 3701 1033 3744 rem
1083 3678 1412 3766 publicam
1424 3704 1442 3759 3
1496 3693 1722 3767 postea
1774 3694 1989 3749 autem
2036 3704 2229 3767 quam
2274 3675 2511 3745 alieuius

387 3820 393 3827 .
485 3771 674 3855 culpa
725 3782 976 3837 tantum
1027 3774 1270 3839 valeret
1322 3798 1519 3852 unus,
1573 3786 1648 3840 ut
1698 3776 1921 3842 obsisti
1966 3798 2097 3841 non
2140 3783 2378 3861 posset,
2424 3786 2513 3831 me

485 3864 761 3929 voluisse
794 3888 1018 3951 pacem
1032 3891 1051 3944 3
1099 3867 1333 3933 amisso
1370 3868 1653 3934 exercitu
1683 3880 1755 3935 et
1788 3892 1865 3939 eo
1900 3870 2093 3945 duce,
2128 3870 2195 3935 in
2230 3888 2353 3952 quo
2386 3878 2515 3947 speff
2614 3884 2616 3967 j

481 3954 691 4021 fuerat
734 3981 895 4037 ιιιιο,
948 3984 1054 4025 me
1099 3962 1377 4028 volui-sse
1422 3964 1618 4027 etiam
1668 3962 1928 4047 reliquis
1981 3964 2309 4039 omnibus3
2356 3963 2511 4044 post-

481 4070 676 4133 quam
709 4075 838 4117 ιιοιι
873 4054 1220 4139 potuerim,
1274 4054 1432 4121 mihi
1476 4056 1599 4141 ipsi
1634 4056 1837 4141 „finem
1872 4059 2101 4125 fecisse
2135 4056 2312 4134 belli;
2360 4064 2512 4117 nune
