<?xml version="1.0" encoding="UTF-8"?>
<!DOCTYPE html PUBLIC "-//W3C//DTD XHTML 1.0 Transitional//EN"
    "http://www.w3.org/TR/xhtml1/DTD/xhtml1-transitional.dtd">
<html xmlns="http://www.w3.org/1999/xhtml" xml:lang="en" lang="en">
 <head>
  <title>
</title>
<meta http-equiv="Content-Type" content="text/html;charset=utf-8" />
  <meta name='ocr-system' content='tesseract 3.04.00' />
  <meta name='ocr-capabilities' content='ocr_page ocr_carea ocr_par ocr_line ocrx_word'/>
</head>
<body>
  <div class='ocr_page' id='page_1' title='image "./mtulliiciceroni12unkngoog_0486.png"; bbox 0 0 2675 4559; ppageno 0'>
   <div class='ocr_carea' id='block_1_1' title="bbox 533 232 1975 300">
    <p class='ocr_par' dir='ltr' id='par_1_1' title="bbox 533 232 1975 300">
     <span class='ocr_line' id='line_1_1' title="bbox 533 232 1975 300; baseline 0.003 -5"><span class='ocrx_word' id='word_1_1' title='bbox 533 232 658 296; x_wconf 53' lang='lat'><strong>41:³2</strong></span> <span class='ocrx_word' id='word_1_2' title='bbox 1149 244 1224 297; x_wconf 89' lang='lat' dir='ltr'><strong>M.</strong></span> <span class='ocrx_word' id='word_1_3' title='bbox 1262 232 1539 299; x_wconf 83' lang='lat' dir='ltr'>TULLII</span> <span class='ocrx_word' id='word_1_4' title='bbox 1573 241 1975 300; x_wconf 82' lang='lat' dir='ltr'>CICERONIS</span> 
     </span>
    </p>
   </div>
   <div class='ocr_carea' id='block_1_2' title="bbox 529 364 2516 923">
    <p class='ocr_par' dir='ltr' id='par_1_2' title="bbox 529 364 2516 923">
     <span class='ocr_line' id='line_1_2' title="bbox 529 364 2513 453; baseline -0.001 -22"><span class='ocrx_word' id='word_1_5' title='bbox 529 391 644 435; x_wconf 69' lang='lat' dir='ltr'><strong>nos</strong></span> <span class='ocrx_word' id='word_1_6' title='bbox 683 364 1007 453; x_wconf 80' lang='lat' dir='ltr'><strong>Corcyrae</strong></span> <span class='ocrx_word' id='word_1_7' title='bbox 1041 387 1171 431; x_wconf 87' lang='lat' dir='ltr'><strong>non</strong></span> <span class='ocrx_word' id='word_1_8' title='bbox 1207 366 1594 433; x_wconf 79' lang='lat' dir='ltr'><strong>sederemus.</strong></span> <span class='ocrx_word' id='word_1_9' title='bbox 1660 388 1816 431; x_wconf 90' lang='lat' dir='ltr'><strong>cura</strong></span> <span class='ocrx_word' id='word_1_10' title='bbox 1850 366 2044 453; x_wconf 85' lang='lat' dir='ltr'><strong>igitur</strong></span> <span class='ocrx_word' id='word_1_11' title='bbox 2077 376 2139 431; x_wconf 88' lang='lat' dir='ltr'><strong>te</strong></span> <span class='ocrx_word' id='word_1_12' title='bbox 2173 376 2232 432; x_wconf 91' lang='lat' dir='ltr'><strong>et</strong></span> <span class='ocrx_word' id='word_1_13' title='bbox 2264 364 2513 431; x_wconf 84' lang='lat' dir='ltr'><strong>confirma</strong></span> 
     </span>
     <span class='ocr_line' id='line_1_3' title="bbox 529 459 2514 547; baseline -0.001 -23"><span class='ocrx_word' id='word_1_14' title='bbox 529 475 613 539; x_wconf 69' lang='lat' dir='ltr'><strong>ct,</strong></span> <span class='ocrx_word' id='word_1_15' title='bbox 649 482 797 525; x_wconf 92' lang='lat' dir='ltr'><strong>cum</strong></span> <span class='ocrx_word' id='word_1_16' title='bbox 823 459 1167 527; x_wconf 58' lang='lat' dir='ltr'><strong>commode*</strong></span> <span class='ocrx_word' id='word_1_17' title='bbox 1186 471 1250 525; x_wconf 87' lang='lat' dir='ltr'><strong>et</strong></span> <span class='ocrx_word' id='word_1_18' title='bbox 1285 482 1403 547; x_wconf 91' lang='lat' dir='ltr'><strong>per</strong></span> <span class='ocrx_word' id='word_1_19' title='bbox 1427 459 1862 526; x_wconf 85' lang='lat' dir='ltr'><strong>valetudinem</strong></span> <span class='ocrx_word' id='word_1_20' title='bbox 1898 471 1963 526; x_wconf 92' lang='lat' dir='ltr'><strong>et</strong></span> <span class='ocrx_word' id='word_1_21' title='bbox 1994 482 2107 547; x_wconf 89' lang='lat' dir='ltr'><strong>per</strong></span> <span class='ocrx_word' id='word_1_22' title='bbox 2140 460 2281 525; x_wconf 90' lang='lat' dir='ltr'><strong>anni</strong></span> <span class='ocrx_word' id='word_1_23' title='bbox 2311 470 2514 545; x_wconf 79' lang='lat' dir='ltr'><strong>tempus</strong></span> 
     </span>
     <span class='ocr_line' id='line_1_4' title="bbox 529 554 2513 641; baseline 0.001 -25"><span class='ocrx_word' id='word_1_24' title='bbox 529 555 832 640; x_wconf 73' lang='lat' dir='ltr'><strong>navigare</strong></span> <span class='ocrx_word' id='word_1_25' title='bbox 875 554 1144 641; x_wconf 88' lang='lat' dir='ltr'><strong>poteris,</strong></span> <span class='ocrx_word' id='word_1_26' title='bbox 1196 554 1284 620; x_wconf 85' lang='lat' dir='ltr'><strong>ad</strong></span> <span class='ocrx_word' id='word_1_27' title='bbox 1325 577 1445 620; x_wconf 90' lang='lat' dir='ltr'><strong>nos</strong></span> <span class='ocrx_word' id='word_1_28' title='bbox 1489 554 1961 620; x_wconf 85' lang='lat' dir='ltr'><strong>amantissimos</strong></span> <span class='ocrx_word' id='word_1_29' title='bbox 2006 554 2102 619; x_wconf 88' lang='lat' dir='ltr'><strong>tui</strong></span> <span class='ocrx_word' id='word_1_30' title='bbox 2132 554 2291 620; x_wconf 90' lang='lat' dir='ltr'><strong>veni.</strong></span> <span class='ocrx_word' id='word_1_31' title='bbox 2367 573 2513 619; x_wconf 86' lang='lat' dir='ltr'><strong>nemo</strong></span> 
     </span>
     <span class='ocr_line' id='line_1_5' title="bbox 529 649 2515 736; baseline -0.001 -21"><span class='ocrx_word' id='word_1_32' title='bbox 529 671 640 715; x_wconf 74' lang='lat' dir='ltr'><strong>nos</strong></span> <span class='ocrx_word' id='word_1_33' title='bbox 676 660 870 727; x_wconf 87' lang='lat' dir='ltr'><strong>amat,</strong></span> <span class='ocrx_word' id='word_1_34' title='bbox 906 650 1018 733; x_wconf 90' lang='lat' dir='ltr'><strong>qui</strong></span> <span class='ocrx_word' id='word_1_35' title='bbox 1053 659 1117 714; x_wconf 89' lang='lat' dir='ltr'><strong>te</strong></span> <span class='ocrx_word' id='word_1_36' title='bbox 1149 671 1280 715; x_wconf 91' lang='lat' dir='ltr'><strong>non</strong></span> <span class='ocrx_word' id='word_1_37' title='bbox 1315 650 1570 736; x_wconf 82' lang='lat' dir='ltr'><strong>diligat3</strong></span> <span class='ocrx_word' id='word_1_38' title='bbox 1608 671 1795 715; x_wconf 86' lang='lat' dir='ltr'><strong>carus</strong></span> <span class='ocrx_word' id='word_1_39' title='bbox 1822 649 2116 715; x_wconf 88' lang='lat' dir='ltr'><strong>omnibus</strong></span> <span class='ocrx_word' id='word_1_40' title='bbox 2143 658 2515 735; x_wconf 82' lang='lat' dir='ltr'><strong>exspectatus-</strong></span> 
     </span>
     <span class='ocr_line' id='line_1_6' title="bbox 529 737 2516 827; baseline 0.001 -22"><span class='ocrx_word' id='word_1_41' title='bbox 529 764 650 827; x_wconf 72' lang='lat' dir='ltr'><strong>que</strong></span> <span class='ocrx_word' id='word_1_42' title='bbox 676 742 912 808; x_wconf 87' lang='lat' dir='ltr'><strong>venies.</strong></span> <span class='ocrx_word' id='word_1_43' title='bbox 968 737 1122 808; x_wconf 64' lang='lat' dir='ltr'><strong>cur‘a</strong></span> <span class='ocrx_word' id='word_1_44' title='bbox 1156 754 1228 808; x_wconf 93' lang='lat' dir='ltr'><strong>ut</strong></span> <span class='ocrx_word' id='word_1_45' title='bbox 1266 745 1501 809; x_wconf 85' lang='lat' dir='ltr'><strong>valeas.</strong></span> <span class='ocrx_word' id='word_1_46' title='bbox 1568 743 1762 808; x_wconf 88' lang='lat' dir='ltr'><strong>etiam</strong></span> <span class='ocrx_word' id='word_1_47' title='bbox 1798 754 1992 827; x_wconf 87' lang='lat' dir='ltr'><strong>atque</strong></span> <span class='ocrx_word' id='word_1_48' title='bbox 2028 744 2234 821; x_wconf 88' lang='lat' dir='ltr'><strong>etiam,</strong></span> <span class='ocrx_word' id='word_1_49' title='bbox 2268 744 2404 808; x_wconf 84' lang='lat' dir='ltr'><strong>Tiro</strong></span> <span class='ocrx_word' id='word_1_50' title='bbox 2433 763 2516 806; x_wconf 89' lang='lat' dir='ltr'><strong>no-</strong></span> 
     </span>
     <span class='ocr_line' id='line_1_7' title="bbox 529 834 1562 923; baseline 0.002 -24"><span class='ocrx_word' id='word_1_51' title='bbox 529 847 672 914; x_wconf 62' lang='lat' dir='ltr'><strong>ster,</strong></span> <span class='ocrx_word' id='word_1_52' title='bbox 709 837 874 903; x_wconf 87' lang='lat' dir='ltr'><strong>vale.</strong></span> <span class='ocrx_word' id='word_1_53' title='bbox 927 859 1026 903; x_wconf 84' lang='lat' dir='ltr'><strong>xv.</strong></span> <span class='ocrx_word' id='word_1_54' title='bbox 1064 836 1216 902; x_wconf 78' lang='lat' dir='ltr'><strong>Kal.</strong></span> <span class='ocrx_word' id='word_1_55' title='bbox 1257 834 1562 923; x_wconf 84' lang='lat' dir='ltr'><strong>Corcyra.</strong></span> 
     </span>
    </p>
   </div>
   <div class='ocr_carea' id='block_1_3' title="bbox 731 986 2349 1257">
    <p class='ocr_par' dir='ltr' id='par_1_3' title="bbox 731 986 2349 1257">
     <span class='ocr_line' id='line_1_8' title="bbox 1434 986 1628 1046; baseline -0.026 0"><span class='ocrx_word' id='word_1_56' title='bbox 1434 1043 1439 1046; x_wconf 86' lang='lat'><strong>.</strong></span> <span class='ocrx_word' id='word_1_57' title='bbox 1464 986 1628 1044; x_wconf 87' lang='lat' dir='ltr'><strong>v111.</strong></span> 
     </span>
     <span class='ocr_line' id='line_1_9' title="bbox 731 1087 2349 1161; baseline -0.001 -17"><span class='ocrx_word' id='word_1_58' title='bbox 731 1087 847 1144; x_wconf 85' lang='lat' dir='ltr'><strong>Ser.</strong></span> <span class='ocrx_word' id='word_1_59' title='bbox 869 1090 928 1143; x_wconf 90' lang='lat' dir='ltr'><strong>in</strong></span> <span class='ocrx_word' id='word_1_60' title='bbox 947 1088 1258 1161; x_wconf 76' lang='lat' dir='ltr'><strong>Campania</strong></span> <span class='ocrx_word' id='word_1_61' title='bbox 1276 1096 1513 1146; x_wconf 85' lang='lat' dir='ltr'><strong>exeunte</strong></span> <span class='ocrx_word' id='word_1_62' title='bbox 1532 1107 1721 1145; x_wconf 88' lang='lat' dir='ltr'><strong>mense</strong></span> <span class='ocrx_word' id='word_1_63' title='bbox 1742 1090 2004 1145; x_wconf 86' lang='lat' dir='ltr'><strong>Ianuario</strong></span> <span class='ocrx_word' id='word_1_64' title='bbox 2025 1107 2075 1145; x_wconf 88' lang='lat' dir='ltr'><strong>a.</strong></span> <span class='ocrx_word' id='word_1_65' title='bbox 2098 1108 2152 1145; x_wconf 93' lang='lat' dir='ltr'><strong>u.</strong></span> <span class='ocrx_word' id='word_1_66' title='bbox 2172 1107 2219 1146; x_wconf 89' lang='lat' dir='ltr'><strong>c.</strong></span> <span class='ocrx_word' id='word_1_67' title='bbox 2240 1087 2349 1145; x_wconf 78' lang='lat'><strong>705.</strong></span> 
     </span>
     <span class='ocr_line' id='line_1_10' title="bbox 1104 1190 2004 1257; baseline 0.002 -13"><span class='ocrx_word' id='word_1_68' title='bbox 1104 1191 1172 1257; x_wconf 83' lang='lat' dir='ltr'><strong>Q.</strong></span> <span class='ocrx_word' id='word_1_69' title='bbox 1212 1190 1489 1248; x_wconf 83' lang='lat' dir='ltr'>CICERO</span> <span class='ocrx_word' id='word_1_70' title='bbox 1527 1191 1802 1249; x_wconf 84' lang='lat' dir='ltr'>TIRONI</span> <span class='ocrx_word' id='word_1_71' title='bbox 1837 1190 1894 1248; x_wconf 88' lang='lat' dir='ltr'><strong>S.</strong></span> <span class='ocrx_word' id='word_1_72' title='bbox 1928 1191 2004 1247; x_wconf 91' lang='lat' dir='ltr'><strong>D.</strong></span> 
     </span>
    </p>
   </div>
   <div class='ocr_carea' id='block_1_4' title="bbox 457 1304 2596 2707">
    <p class='ocr_par' dir='ltr' id='par_1_4' title="bbox 465 1304 2596 1958">
     <span class='ocr_line' id='line_1_11' title="bbox 465 1304 2512 1399; baseline 0.007 -36"><span class='ocrx_word' id='word_1_73' title='bbox 465 1331 485 1363; x_wconf 73' lang='lat' dir='ltr'><strong>l</strong></span> <span class='ocrx_word' id='word_1_74' title='bbox 648 1305 936 1391; x_wconf 79' lang='lat' dir='ltr'><strong>Magnae</strong></span> <span class='ocrx_word' id='word_1_75' title='bbox 988 1304 1175 1369; x_wconf 88' lang='lat' dir='ltr'><strong>nobis</strong></span> <span class='ocrx_word' id='word_1_76' title='bbox 1229 1318 1327 1371; x_wconf 89' lang='lat' dir='ltr'><strong>est</strong></span> <span class='ocrx_word' id='word_1_77' title='bbox 1391 1305 1801 1371; x_wconf 76' lang='lat' dir='ltr'><strong>sollicitudini</strong></span> <span class='ocrx_word' id='word_1_78' title='bbox 1853 1306 2157 1399; x_wconf 78' lang='lat' dir='ltr'><strong>valetudo</strong></span> <span class='ocrx_word' id='word_1_79' title='bbox 2207 1317 2342 1383; x_wconf 84' lang='lat' dir='ltr'><strong>tua;</strong></span> <span class='ocrx_word' id='word_1_80' title='bbox 2387 1327 2512 1377; x_wconf 75' lang='lat' dir='ltr'><strong>nam,</strong></span> 
     </span>
     <span class='ocr_line' id='line_1_12' title="bbox 525 1394 2513 1489; baseline 0.001 -29"><span class='ocrx_word' id='word_1_81' title='bbox 525 1398 774 1464; x_wconf 74' lang='lat' dir='ltr'><strong>tametsi</strong></span> <span class='ocrx_word' id='word_1_82' title='bbox 819 1398 932 1483; x_wconf 87' lang='lat' dir='ltr'><strong>qui</strong></span> <span class='ocrx_word' id='word_1_83' title='bbox 976 1398 1244 1465; x_wconf 88' lang='lat' dir='ltr'><strong>veniunt</strong></span> <span class='ocrx_word' id='word_1_84' title='bbox 1287 1394 1599 1466; x_wconf 80' lang='grc' dir='ltr'><strong><em>ἀκίνδυνα</em></strong></span> <span class='ocrx_word' id='word_1_85' title='bbox 1640 1404 1788 1484; x_wconf 73' lang='grc' dir='ltr'><strong><em>μέν,</em></strong></span> <span class='ocrx_word' id='word_1_86' title='bbox 1843 1400 2243 1489; x_wconf 75' lang='grc' dir='ltr'><strong><em>χρονιώτερα</em></strong></span> <span class='ocrx_word' id='word_1_87' title='bbox 2286 1400 2352 1465; x_wconf 82' lang='grc' dir='ltr'><strong>δὲ</strong></span> <span class='ocrx_word' id='word_1_88' title='bbox 2392 1420 2513 1462; x_wconf 88' lang='lat' dir='ltr'><strong>nun-</strong></span> 
     </span>
     <span class='ocr_line' id='line_1_13' title="bbox 521 1492 2513 1580; baseline 0.004 -25"><span class='ocrx_word' id='word_1_89' title='bbox 521 1495 696 1569; x_wconf 72' lang='lat' dir='ltr'><strong>tiant,</strong></span> <span class='ocrx_word' id='word_1_90' title='bbox 715 1504 932 1557; x_wconf 88' lang='lat' dir='ltr'><strong>tamen</strong></span> <span class='ocrx_word' id='word_1_91' title='bbox 957 1493 1026 1557; x_wconf 90' lang='lat' dir='ltr'><strong>in</strong></span> <span class='ocrx_word' id='word_1_92' title='bbox 1043 1515 1281 1580; x_wconf 88' lang='lat' dir='ltr'><strong>magna</strong></span> <span class='ocrx_word' id='word_1_93' title='bbox 1297 1494 1728 1561; x_wconf 77' lang='lat' dir='ltr'><strong>consolatione</strong></span> <span class='ocrx_word' id='word_1_94' title='bbox 1753 1494 1980 1580; x_wconf 86' lang='lat' dir='ltr'><strong>ingens</strong></span> <span class='ocrx_word' id='word_1_95' title='bbox 2005 1495 2175 1563; x_wconf 87' lang='lat' dir='ltr'><strong>inest</strong></span> <span class='ocrx_word' id='word_1_96' title='bbox 2199 1492 2513 1562; x_wconf 77' lang='lat' dir='ltr'><strong>sollicitudo,</strong></span> 
     </span>
     <span class='ocr_line' id='line_1_14' title="bbox 521 1585 2514 1666; baseline 0.001 -19"><span class='ocrx_word' id='word_1_97' title='bbox 521 1587 577 1647; x_wconf 67' lang='lat' dir='ltr'><strong>si</strong></span> <span class='ocrx_word' id='word_1_98' title='bbox 611 1585 847 1651; x_wconf 87' lang='lat' dir='ltr'><strong>diutius</strong></span> <span class='ocrx_word' id='word_1_99' title='bbox 882 1610 923 1651; x_wconf 86' lang='lat' dir='ltr'><strong>a</strong></span> <span class='ocrx_word' id='word_1_100' title='bbox 955 1586 1141 1654; x_wconf 87' lang='lat' dir='ltr'><strong>nobis</strong></span> <span class='ocrx_word' id='word_1_101' title='bbox 1177 1586 1474 1653; x_wconf 83' lang='lat' dir='ltr'><strong>afuturus</strong></span> <span class='ocrx_word' id='word_1_102' title='bbox 1509 1599 1607 1655; x_wconf 87' lang='lat' dir='ltr'><strong>est</strong></span> <span class='ocrx_word' id='word_1_103' title='bbox 1640 1588 1718 1666; x_wconf 89' lang='lat' dir='ltr'><strong>is,</strong></span> <span class='ocrx_word' id='word_1_104' title='bbox 1751 1588 1937 1655; x_wconf 89' lang='lat' dir='ltr'><strong>cuius</strong></span> <span class='ocrx_word' id='word_1_105' title='bbox 1969 1611 2166 1656; x_wconf 89' lang='lat' dir='ltr'><strong>usum</strong></span> <span class='ocrx_word' id='word_1_106' title='bbox 2200 1599 2262 1656; x_wconf 88' lang='lat' dir='ltr'><strong>et</strong></span> <span class='ocrx_word' id='word_1_107' title='bbox 2292 1586 2514 1653; x_wconf 76' lang='lat' dir='ltr'><strong>suavita·</strong></span> 
     </span>
     <span class='ocr_line' id='line_1_15' title="bbox 521 1680 2514 1768; baseline 0.002 -25"><span class='ocrx_word' id='word_1_108' title='bbox 521 1695 648 1745; x_wconf 72' lang='lat' dir='ltr'><strong>tem</strong></span> <span class='ocrx_word' id='word_1_109' title='bbox 693 1680 1112 1747; x_wconf 87' lang='lat' dir='ltr'><strong>desiderando</strong></span> <span class='ocrx_word' id='word_1_110' title='bbox 1159 1682 1487 1749; x_wconf 83' lang='lat' dir='ltr'><strong>sentimus.</strong></span> <span class='ocrx_word' id='word_1_111' title='bbox 1586 1693 1867 1749; x_wconf 80' lang='lat' dir='ltr'><strong>attamen</strong></span> <span class='ocrx_word' id='word_1_112' title='bbox 1911 1704 2300 1768; x_wconf 87' lang='lat' dir='ltr'><strong>quamquam</strong></span> <span class='ocrx_word' id='word_1_113' title='bbox 2348 1680 2514 1747; x_wconf 81' lang='lat' dir='ltr'><strong>videre</strong></span> 
     </span>
     <span class='ocr_line' id='line_1_16' title="bbox 521 1776 2516 1865; baseline 0.001 -26"><span class='ocrx_word' id='word_1_114' title='bbox 521 1791 581 1839; x_wconf 52' lang='lat' dir='ltr'><strong>ius</strong></span> <span class='ocrx_word' id='word_1_115' title='bbox 621 1785 754 1840; x_wconf 85' lang='lat' dir='ltr'><strong>tota</strong></span> <span class='ocrx_word' id='word_1_116' title='bbox 796 1776 1180 1862; x_wconf 80' lang='lat' dir='ltr'><strong>cogitatione</strong></span> <span class='ocrx_word' id='word_1_117' title='bbox 1226 1777 1448 1863; x_wconf 90' lang='lat' dir='ltr'><strong>cupi0,</strong></span> <span class='ocrx_word' id='word_1_118' title='bbox 1492 1789 1708 1843; x_wconf 90' lang='lat' dir='ltr'><strong>tamen</strong></span> <span class='ocrx_word' id='word_1_119' title='bbox 1751 1789 1814 1843; x_wconf 90' lang='lat' dir='ltr'><strong>te</strong></span> <span class='ocrx_word' id='word_1_120' title='bbox 1860 1778 2120 1864; x_wconf 88' lang='lat' dir='ltr'><strong>penitus</strong></span> <span class='ocrx_word' id='word_1_121' title='bbox 2156 1798 2334 1865; x_wconf 89' lang='lat' dir='ltr'><strong>rogo,</strong></span> <span class='ocrx_word' id='word_1_122' title='bbox 2380 1796 2446 1840; x_wconf 86' lang='lat' dir='ltr'><strong>ne</strong></span> <span class='ocrx_word' id='word_1_123' title='bbox 2472 1782 2516 1836; x_wconf 82' lang='lat' dir='ltr'><strong>te</strong></span> 
     </span>
     <span class='ocr_line' id='line_1_17' title="bbox 521 1869 2596 1958; baseline 0 -27"><span class='ocrx_word' id='word_1_124' title='bbox 521 1887 647 1933; x_wconf 71' lang='lat' dir='ltr'><strong>tam</strong></span> <span class='ocrx_word' id='word_1_125' title='bbox 698 1869 932 1956; x_wconf 87' lang='lat' dir='ltr'><strong>longae</strong></span> <span class='ocrx_word' id='word_1_126' title='bbox 983 1869 1379 1956; x_wconf 83' lang='lat' dir='ltr'><strong>navigationi</strong></span> <span class='ocrx_word' id='word_1_127' title='bbox 1431 1881 1494 1937; x_wconf 91' lang='lat' dir='ltr'><strong>et</strong></span> <span class='ocrx_word' id='word_1_128' title='bbox 1545 1870 1688 1936; x_wconf 87' lang='lat' dir='ltr'><strong>viae</strong></span> <span class='ocrx_word' id='word_1_129' title='bbox 1739 1894 1856 1958; x_wconf 91' lang='lat' dir='ltr'><strong>per</strong></span> <span class='ocrx_word' id='word_1_130' title='bbox 1906 1871 2188 1940; x_wconf 87' lang='lat' dir='ltr'><strong>hiemem</strong></span> <span class='ocrx_word' id='word_1_131' title='bbox 2238 1872 2352 1940; x_wconf 88' lang='lat' dir='ltr'><strong>nisi</strong></span> <span class='ocrx_word' id='word_1_132' title='bbox 2394 1869 2516 1933; x_wconf 85' lang='lat' dir='ltr'><strong>bene</strong></span> <span class='ocrx_word' id='word_1_133' title='bbox 2595 1929 2596 1932; x_wconf 74' lang='grc'>,</span> 
     </span>
    </p>

    <p class='ocr_par' dir='ltr' id='par_1_5' title="bbox 457 1961 2515 2323">
     <span class='ocr_line' id='line_1_18' title="bbox 457 1961 2515 2052; baseline 0.002 -29"><span class='ocrx_word' id='word_1_134' title='bbox 457 1987 478 2019; x_wconf 65' lang='lat'><strong>2</strong></span> <span class='ocrx_word' id='word_1_135' title='bbox 521 1963 770 2028; x_wconf 75' lang='lat' dir='ltr'><strong>firmum</strong></span> <span class='ocrx_word' id='word_1_136' title='bbox 823 1963 1182 2029; x_wconf 82' lang='lat' dir='ltr'><strong>committas</strong></span> <span class='ocrx_word' id='word_1_137' title='bbox 1234 1987 1397 2031; x_wconf 89' lang='lat' dir='ltr'><strong>neve</strong></span> <span class='ocrx_word' id='word_1_138' title='bbox 1441 1965 1706 2052; x_wconf 85' lang='lat' dir='ltr'><strong>naviges</strong></span> <span class='ocrx_word' id='word_1_139' title='bbox 1750 1964 1874 2030; x_wconf 86' lang='lat' dir='ltr'><strong>nisi</strong></span> <span class='ocrx_word' id='word_1_140' title='bbox 1919 1966 2268 2052; x_wconf 86' lang='lat' dir='ltr'><strong>explorate.</strong></span> <span class='ocrx_word' id='word_1_141' title='bbox 2348 1964 2438 2028; x_wconf 88' lang='lat' dir='ltr'><strong>vix</strong></span> <span class='ocrx_word' id='word_1_142' title='bbox 2468 1961 2515 2022; x_wconf 85' lang='lat' dir='ltr'><strong>in</strong></span> 
     </span>
     <span class='ocr_line' id='line_1_19' title="bbox 521 2056 2513 2146; baseline 0.006 -30"><span class='ocrx_word' id='word_1_143' title='bbox 521 2056 667 2139; x_wconf 70' lang='lat' dir='ltr'><strong>ipsis</strong></span> <span class='ocrx_word' id='word_1_144' title='bbox 721 2058 906 2123; x_wconf 84' lang='lat' dir='ltr'><strong>tectis</strong></span> <span class='ocrx_word' id='word_1_145' title='bbox 952 2068 1018 2124; x_wconf 91' lang='lat' dir='ltr'><strong>et</strong></span> <span class='ocrx_word' id='word_1_146' title='bbox 1060 2059 1314 2145; x_wconf 85' lang='lat' dir='ltr'><strong>oppidis</strong></span> <span class='ocrx_word' id='word_1_147' title='bbox 1359 2060 1565 2146; x_wconf 88' lang='lat' dir='ltr'><strong>frigus</strong></span> <span class='ocrx_word' id='word_1_148' title='bbox 1612 2060 1863 2125; x_wconf 86' lang='lat' dir='ltr'><strong>infirma</strong></span> <span class='ocrx_word' id='word_1_149' title='bbox 1907 2061 2274 2128; x_wconf 87' lang='lat' dir='ltr'><strong>valetudine</strong></span> <span class='ocrx_word' id='word_1_150' title='bbox 2314 2060 2513 2128; x_wconf 79' lang='lat' dir='ltr'><strong>vitatur,</strong></span> 
     </span>
     <span class='ocr_line' id='line_1_20' title="bbox 517 2149 2515 2256; baseline 0.003 -45"><span class='ocrx_word' id='word_1_151' title='bbox 517 2149 752 2256; x_wconf 66' lang='lat' dir='ltr'><strong>nedum</strong></span> <span class='ocrx_word' id='word_1_152' title='bbox 795 2151 863 2215; x_wconf 92' lang='lat' dir='ltr'><strong>in</strong></span> <span class='ocrx_word' id='word_1_153' title='bbox 907 2152 1070 2216; x_wconf 86' lang='lat' dir='ltr'><strong>mari</strong></span> <span class='ocrx_word' id='word_1_154' title='bbox 1116 2163 1182 2217; x_wconf 94' lang='lat' dir='ltr'><strong>et</strong></span> <span class='ocrx_word' id='word_1_155' title='bbox 1224 2152 1329 2217; x_wconf 85' lang='lat' dir='ltr'><strong>via</strong></span> <span class='ocrx_word' id='word_1_156' title='bbox 1373 2154 1457 2219; x_wconf 90' lang='lat' dir='ltr'><strong>sit</strong></span> <span class='ocrx_word' id='word_1_157' title='bbox 1499 2154 1686 2219; x_wconf 87' lang='lat' dir='ltr'><strong>facile</strong></span> <span class='ocrx_word' id='word_1_158' title='bbox 1730 2154 1954 2220; x_wconf 85' lang='lat' dir='ltr'><strong>abesse</strong></span> <span class='ocrx_word' id='word_1_159' title='bbox 2001 2155 2086 2219; x_wconf 84' lang='lat' dir='ltr'><strong>ab</strong></span> <span class='ocrx_word' id='word_1_160' title='bbox 2134 2155 2351 2220; x_wconf 88' lang='lat' dir='ltr'><strong>iniuria</strong></span> <span class='ocrx_word' id='word_1_161' title='bbox 2398 2163 2515 2216; x_wconf 84' lang='lat' dir='ltr'><strong>tem-</strong></span> 
     </span>
     <span class='ocr_line' id='line_1_21' title="bbox 515 2263 704 2323; baseline 0.032 -24"><span class='ocrx_word' id='word_1_162' title='bbox 515 2263 704 2323; x_wconf 69' lang='lat' dir='ltr'><strong>lmus.</strong></span> 
     </span>
    </p>

    <p class='ocr_par' dir='ltr' id='par_1_6' title="bbox 509 2329 2594 2707">
     <span class='ocr_line' id='line_1_22' title="bbox 795 2329 2594 2426; baseline 0.006 -35"><span class='ocrx_word' id='word_1_163' title='bbox 795 2357 802 2364; x_wconf 90' lang='lat'><strong>·</strong></span> <span class='ocrx_word' id='word_1_164' title='bbox 853 2332 1070 2411; x_wconf 84' lang='grc' dir='ltr'><em>ψῦχος</em></span> <span class='ocrx_word' id='word_1_165' title='bbox 1106 2329 1178 2395; x_wconf 77' lang='grc' dir='ltr'><strong>δὲ</strong></span> <span class='ocrx_word' id='word_1_166' title='bbox 1212 2331 1436 2416; x_wconf 75' lang='grc' dir='ltr'><strong><em>λεπτῷ</em></strong></span> <span class='ocrx_word' id='word_1_167' title='bbox 1468 2334 1675 2419; x_wconf 83' lang='grc' dir='ltr'><em>χρωτὶ</em></span> <span class='ocrx_word' id='word_1_168' title='bbox 1709 2333 2238 2416; x_wconf 81' lang='grc' dir='ltr'><strong><em>πολεμιώτατον,</em></strong></span> <span class='ocrx_word' id='word_1_169' title='bbox 2289 2387 2298 2390; x_wconf 95' lang='grc'>-</span> <span class='ocrx_word' id='word_1_170' title='bbox 2593 2397 2594 2426; x_wconf 26' lang='grc' dir='ltr'><strong>ἶ</strong></span> 
     </span>
     <span class='ocr_line' id='line_1_23' title="bbox 513 2427 2513 2520; baseline -0.01 -6"><span class='ocrx_word' id='word_1_171' title='bbox 513 2427 717 2511; x_wconf 76' lang='lat' dir='ltr'><strong>inquit</strong></span> <span class='ocrx_word' id='word_1_172' title='bbox 759 2428 1132 2516; x_wconf 52' lang='lat' dir='ltr'><strong>Euripide&amp;</strong></span> <span class='ocrx_word' id='word_1_173' title='bbox 1187 2432 1292 2497; x_wconf 84' lang='lat' dir='ltr'><strong>cui</strong></span> <span class='ocrx_word' id='word_1_174' title='bbox 1346 2445 1418 2502; x_wconf 90' lang='lat' dir='ltr'><strong>tu</strong></span> <span class='ocrx_word' id='word_1_175' title='bbox 1469 2448 1784 2520; x_wconf 86' lang='lat' dir='ltr'><strong>quantum</strong></span> <span class='ocrx_word' id='word_1_176' title='bbox 1835 2438 2091 2515; x_wconf 87' lang='lat' dir='ltr'><strong>credas,</strong></span> <span class='ocrx_word' id='word_1_177' title='bbox 2148 2436 2378 2504; x_wconf 70' lang='lat' dir='ltr'><strong>nesciet</strong></span> <span class='ocrx_word' id='word_1_178' title='bbox 2423 2451 2513 2516; x_wconf 85' lang='lat' dir='ltr'><strong>ego</strong></span> 
     </span>
     <span class='ocr_line' id='line_1_24' title="bbox 513 2525 2513 2621; baseline 0.007 -33"><span class='ocrx_word' id='word_1_179' title='bbox 513 2536 680 2591; x_wconf 64' lang='lat' dir='ltr'><strong>uerte</strong></span> <span class='ocrx_word' id='word_1_180' title='bbox 716 2525 1001 2612; x_wconf 86' lang='lat' dir='ltr'><strong>singulos</strong></span> <span class='ocrx_word' id='word_1_181' title='bbox 1037 2527 1174 2593; x_wconf 85' lang='lat' dir='ltr'><strong>eius</strong></span> <span class='ocrx_word' id='word_1_182' title='bbox 1200 2550 1424 2596; x_wconf 89' lang='lat' dir='ltr'><strong>versus</strong></span> <span class='ocrx_word' id='word_1_183' title='bbox 1452 2531 1707 2618; x_wconf 85' lang='lat' dir='ltr'><strong>singula</strong></span> <span class='ocrx_word' id='word_1_184' title='bbox 1731 2534 2097 2599; x_wconf 88' lang='lat' dir='ltr'><strong>testimonia</strong></span> <span class='ocrx_word' id='word_1_185' title='bbox 2132 2546 2305 2621; x_wconf 88' lang='lat' dir='ltr'><strong>puto.</strong></span> <span class='ocrx_word' id='word_1_186' title='bbox 2354 2529 2513 2601; x_wconf 78' lang='lat' dir='ltr'><strong>effice,</strong></span> 
     </span>
     <span class='ocr_line' id='line_1_25' title="bbox 509 2620 2512 2707; baseline 0.002 -24"><span class='ocrx_word' id='word_1_187' title='bbox 509 2623 561 2683; x_wconf 50' lang='grc' dir='ltr'><strong>,εἰ</strong></span> <span class='ocrx_word' id='word_1_188' title='bbox 617 2642 717 2686; x_wconf 86' lang='lat' dir='ltr'><strong>me</strong></span> <span class='ocrx_word' id='word_1_189' title='bbox 762 2620 1003 2707; x_wconf 79' lang='lat' dir='ltr'><strong>diligis,</strong></span> <span class='ocrx_word' id='word_1_190' title='bbox 1056 2632 1130 2687; x_wconf 89' lang='lat' dir='ltr'><strong>ut</strong></span> <span class='ocrx_word' id='word_1_191' title='bbox 1171 2622 1387 2689; x_wconf 86' lang='lat' dir='ltr'><strong>valeas</strong></span> <span class='ocrx_word' id='word_1_192' title='bbox 1434 2637 1497 2692; x_wconf 90' lang='lat' dir='ltr'><strong>et</strong></span> <span class='ocrx_word' id='word_1_193' title='bbox 1541 2637 1615 2692; x_wconf 92' lang='lat' dir='ltr'><strong>ut</strong></span> <span class='ocrx_word' id='word_1_194' title='bbox 1658 2626 1741 2691; x_wconf 86' lang='lat' dir='ltr'><strong>ad</strong></span> <span class='ocrx_word' id='word_1_195' title='bbox 1793 2650 1910 2694; x_wconf 88' lang='lat' dir='ltr'><strong>nos</strong></span> <span class='ocrx_word' id='word_1_196' title='bbox 1954 2629 2179 2695; x_wconf 87' lang='lat' dir='ltr'><strong>firmus</strong></span> <span class='ocrx_word' id='word_1_197' title='bbox 2225 2650 2299 2693; x_wconf 87' lang='lat' dir='ltr'><strong>ac</strong></span> <span class='ocrx_word' id='word_1_198' title='bbox 2338 2625 2512 2691; x_wconf 80' lang='lat' dir='ltr'><strong>valens</strong></span> 
     </span>
    </p>
   </div>
   <div class='ocr_carea' id='block_1_5' title="bbox 509 2714 2592 2873">
    <p class='ocr_par' dir='ltr' id='par_1_7' title="bbox 509 2714 2592 2873">
     <span class='ocr_line' id='line_1_26' title="bbox 509 2714 2592 2872; baseline 0.002 -93"><span class='ocrx_word' id='word_1_199' title='bbox 509 2714 1016 2872; x_wconf 66' lang='lat' dir='ltr'><strong>quamdiprimum</strong></span> <span class='ocrx_word' id='word_1_200' title='bbox 1050 2718 1289 2783; x_wconf 77' lang='lat' dir='ltr'><strong>venias.</strong></span> <span class='ocrx_word' id='word_1_201' title='bbox 1363 2743 1509 2784; x_wconf 84' lang='lat' dir='ltr'><strong>ama</strong></span> <span class='ocrx_word' id='word_1_202' title='bbox 1549 2742 1667 2786; x_wconf 89' lang='lat' dir='ltr'><strong>nos</strong></span> <span class='ocrx_word' id='word_1_203' title='bbox 1702 2732 1767 2787; x_wconf 93' lang='lat' dir='ltr'><strong>et</strong></span> <span class='ocrx_word' id='word_1_204' title='bbox 1802 2723 1963 2788; x_wconf 87' lang='lat' dir='ltr'><strong>vale.</strong></span> <span class='ocrx_word' id='word_1_205' title='bbox 2038 2721 2127 2806; x_wconf 85' lang='lat' dir='ltr'><strong>Q.</strong></span> <span class='ocrx_word' id='word_1_206' title='bbox 2165 2722 2211 2788; x_wconf 84' lang='lat' dir='ltr'><strong>f.</strong></span> <span class='ocrx_word' id='word_1_207' title='bbox 2247 2722 2355 2787; x_wconf 86' lang='lat' dir='ltr'><strong>tibi</strong></span> <span class='ocrx_word' id='word_1_208' title='bbox 2384 2718 2514 2784; x_wconf 85' lang='lat' dir='ltr'><strong>salu·</strong></span> <span class='ocrx_word' id='word_1_209' title='bbox 2591 2776 2592 2784; x_wconf 72' lang='grc'>,</span> 
     </span>
     <span class='ocr_line' id='line_1_27' title="bbox 513 2809 1971 2873; baseline -0.001 -5"><span class='ocrx_word' id='word_1_210' title='bbox 513 2823 635 2872; x_wconf 65' lang='lat' dir='ltr'><strong>tem</strong></span> <span class='ocrx_word' id='word_1_211' title='bbox 739 2809 843 2873; x_wconf 83' lang='lat' dir='ltr'><strong>cit.</strong></span> <span class='ocrx_word' id='word_1_212' title='bbox 1964 2859 1971 2866; x_wconf 88' lang='lat'><strong>.</strong></span> 
     </span>
    </p>
   </div>
   <div class='ocr_carea' id='block_1_6' title="bbox 557 2964 2467 3230">
    <p class='ocr_par' dir='ltr' id='par_1_8' title="bbox 557 2898 2592 3230">
     <span class='ocr_line' id='line_1_28' title="bbox 1479 2964 1585 3019; baseline 0 0"><span class='ocrx_word' id='word_1_213' title='bbox 1479 2964 1585 3019; x_wconf 89' lang='lat' dir='ltr'><strong>IX.</strong></span> 
     </span>
     <span class='ocr_line' id='line_1_29' title="bbox 934 3060 2140 3126; baseline 0.008 -10"><span class='ocrx_word' id='word_1_214' title='bbox 934 3060 1050 3117; x_wconf 81' lang='lat' dir='ltr'><strong>Sor.</strong></span> <span class='ocrx_word' id='word_1_215' title='bbox 1069 3062 1353 3119; x_wconf 84' lang='lat' dir='ltr'><strong>Brundisii</strong></span> <span class='ocrx_word' id='word_1_216' title='bbox 1370 3064 1470 3121; x_wconf 92' lang='lat' dir='ltr'><strong>IV.</strong></span> <span class='ocrx_word' id='word_1_217' title='bbox 1491 3066 1621 3122; x_wconf 84' lang='lat' dir='ltr'><strong>Kal.</strong></span> <span class='ocrx_word' id='word_1_218' title='bbox 1642 3068 1782 3123; x_wconf 90' lang='lat' dir='ltr'><strong>Dec.</strong></span> <span class='ocrx_word' id='word_1_219' title='bbox 1804 3086 1855 3123; x_wconf 88' lang='lat' dir='ltr'><strong>a.</strong></span> <span class='ocrx_word' id='word_1_220' title='bbox 1875 3086 1928 3122; x_wconf 89' lang='lat' dir='ltr'><strong>u.</strong></span> <span class='ocrx_word' id='word_1_221' title='bbox 1951 3086 1999 3123; x_wconf 89' lang='lat' dir='ltr'><strong>c.</strong></span> <span class='ocrx_word' id='word_1_222' title='bbox 2021 3070 2140 3126; x_wconf 82' lang='lat'><strong>704.</strong></span> 
     </span>
     <span class='ocr_line' id='line_1_30' title="bbox 557 3160 2467 3230; baseline 0.002 -15"><span class='ocrx_word' id='word_1_223' title='bbox 557 3160 895 3220; x_wconf 86' lang='lat' dir='ltr'>TULLIUS</span> <span class='ocrx_word' id='word_1_224' title='bbox 929 3163 1034 3218; x_wconf 84' lang='lat' dir='ltr'><strong>ET</strong></span> <span class='ocrx_word' id='word_1_225' title='bbox 1070 3164 1347 3223; x_wconf 87' lang='lat' dir='ltr'>CICERO</span> <span class='ocrx_word' id='word_1_226' title='bbox 1386 3167 1657 3226; x_wconf 86' lang='lat' dir='ltr'>TIRONI</span> <span class='ocrx_word' id='word_1_227' title='bbox 1694 3169 1839 3227; x_wconf 85' lang='lat' dir='ltr'><strong>SUO</strong></span> <span class='ocrx_word' id='word_1_228' title='bbox 1878 3170 2042 3226; x_wconf 85' lang='lat' dir='ltr'><strong>SAL.</strong></span> <span class='ocrx_word' id='word_1_229' title='bbox 2081 3172 2304 3230; x_wconf 91' lang='lat' dir='ltr'><strong>PLUR.</strong></span> <span class='ocrx_word' id='word_1_230' title='bbox 2340 3167 2467 3225; x_wconf 87' lang='lat' dir='ltr'><strong>DIC.</strong></span> 
     </span>
    </p>
   </div>
   <div class='ocr_carea' id='block_1_7' title="bbox 437 3275 2590 4102">
    <p class='ocr_par' dir='ltr' id='par_1_9' title="bbox 497 3275 2590 4034">
     <span class='ocr_line' id='line_1_31' title="bbox 626 3275 2590 3375; baseline 0.007 -36"><span class='ocrx_word' id='word_1_231' title='bbox 626 3275 764 3340; x_wconf 90' lang='lat' dir='ltr'><strong>Nos</strong></span> <span class='ocrx_word' id='word_1_232' title='bbox 811 3299 850 3340; x_wconf 91' lang='lat' dir='ltr'><strong>a</strong></span> <span class='ocrx_word' id='word_1_233' title='bbox 893 3288 985 3354; x_wconf 89' lang='lat' dir='ltr'><strong>te,</strong></span> <span class='ocrx_word' id='word_1_234' title='bbox 1037 3288 1112 3344; x_wconf 90' lang='lat' dir='ltr'><strong>ut</strong></span> <span class='ocrx_word' id='word_1_235' title='bbox 1156 3280 1309 3357; x_wconf 90' lang='lat' dir='ltr'><strong>scis,</strong></span> <span class='ocrx_word' id='word_1_236' title='bbox 1366 3280 1771 3348; x_wconf 85' lang='lat' dir='ltr'><strong>discessimus</strong></span> <span class='ocrx_word' id='word_1_237' title='bbox 1807 3306 1865 3349; x_wconf 81' lang='lat' dir='ltr'><strong>a.</strong></span> <span class='ocrx_word' id='word_1_238' title='bbox 1904 3285 1966 3350; x_wconf 88' lang='lat' dir='ltr'><strong>d.</strong></span> <span class='ocrx_word' id='word_1_239' title='bbox 2002 3310 2115 3351; x_wconf 88' lang='lat'><strong>1111.</strong></span> <span class='ocrx_word' id='word_1_240' title='bbox 2151 3286 2317 3351; x_wconf 90' lang='lat' dir='ltr'><strong>Non.</strong></span> <span class='ocrx_word' id='word_1_241' title='bbox 2351 3282 2507 3351; x_wconf 65' lang='lat' dir='ltr'><strong>Nom</strong></span> <span class='ocrx_word' id='word_1_242' title='bbox 2589 3317 2590 3375; x_wconf 29' lang='lat' dir='ltr'><strong>l</strong></span> 
     </span>
     <span class='ocr_line' id='line_1_32' title="bbox 507 3368 2590 3454; baseline 0.007 -23"><span class='ocrx_word' id='word_1_243' title='bbox 507 3368 870 3435; x_wconf 71' lang='lat' dir='ltr'><strong>Leucadem</strong></span> <span class='ocrx_word' id='word_1_244' title='bbox 905 3371 1195 3438; x_wconf 89' lang='lat' dir='ltr'><strong>venimus</strong></span> <span class='ocrx_word' id='word_1_245' title='bbox 1231 3398 1289 3439; x_wconf 87' lang='lat' dir='ltr'><strong>a.</strong></span> <span class='ocrx_word' id='word_1_246' title='bbox 1328 3375 1389 3440; x_wconf 90' lang='lat' dir='ltr'><strong>d.</strong></span> <span class='ocrx_word' id='word_1_247' title='bbox 1426 3398 1554 3441; x_wconf 87' lang='lat' dir='ltr'><strong>vm.</strong></span> <span class='ocrx_word' id='word_1_248' title='bbox 1587 3377 1685 3441; x_wconf 89' lang='lat' dir='ltr'><strong>Id.</strong></span> <span class='ocrx_word' id='word_1_249' title='bbox 1711 3377 1777 3442; x_wconf 90' lang='lat' dir='ltr'>N</span> <span class='ocrx_word' id='word_1_250' title='bbox 1778 3399 1901 3454; x_wconf 89' lang='lat' dir='ltr'><strong>ov.,</strong></span> <span class='ocrx_word' id='word_1_251' title='bbox 1938 3402 1996 3444; x_wconf 87' lang='lat' dir='ltr'><strong>a.</strong></span> <span class='ocrx_word' id='word_1_252' title='bbox 2035 3379 2097 3444; x_wconf 92' lang='lat' dir='ltr'><strong>d.</strong></span> <span class='ocrx_word' id='word_1_253' title='bbox 2133 3403 2239 3446; x_wconf 84' lang='lat' dir='ltr'><strong>vn.</strong></span> <span class='ocrx_word' id='word_1_254' title='bbox 2259 3376 2507 3444; x_wconf 84' lang='lat' dir='ltr'><strong>Actium3</strong></span> <span class='ocrx_word' id='word_1_255' title='bbox 2588 3379 2590 3431; x_wconf 50' lang='grc' dir='ltr'>ἵ</span> 
     </span>
     <span class='ocr_line' id='line_1_33' title="bbox 501 3463 2504 3556; baseline 0.005 -33"><span class='ocrx_word' id='word_1_256' title='bbox 501 3463 585 3523; x_wconf 63' lang='lat' dir='ltr'><strong>ihi</strong></span> <span class='ocrx_word' id='word_1_257' title='bbox 617 3474 881 3556; x_wconf 87' lang='lat' dir='ltr'><strong>propter</strong></span> <span class='ocrx_word' id='word_1_258' title='bbox 915 3475 1359 3551; x_wconf 87' lang='lat' dir='ltr'><strong>tempestatem</strong></span> <span class='ocrx_word' id='word_1_259' title='bbox 1395 3493 1454 3533; x_wconf 89' lang='lat' dir='ltr'><strong>a.</strong></span> <span class='ocrx_word' id='word_1_260' title='bbox 1493 3470 1552 3533; x_wconf 86' lang='lat' dir='ltr'><strong>d.</strong></span> <span class='ocrx_word' id='word_1_261' title='bbox 1591 3492 1672 3536; x_wconf 80' lang='lat' dir='ltr'><strong>vr.</strong></span> <span class='ocrx_word' id='word_1_262' title='bbox 1712 3470 1809 3534; x_wconf 88' lang='lat' dir='ltr'><strong>Id.</strong></span> <span class='ocrx_word' id='word_1_263' title='bbox 1847 3474 2075 3538; x_wconf 87' lang='lat' dir='ltr'><strong>morati</strong></span> <span class='ocrx_word' id='word_1_264' title='bbox 2110 3496 2344 3538; x_wconf 90' lang='lat' dir='ltr'><strong>sumus.</strong></span> <span class='ocrx_word' id='word_1_265' title='bbox 2390 3464 2504 3532; x_wconf 84' lang='lat' dir='ltr'><strong>inde</strong></span> 
     </span>
     <span class='ocr_line' id='line_1_34' title="bbox 497 3554 2504 3651; baseline 0.006 -34"><span class='ocrx_word' id='word_1_266' title='bbox 497 3583 549 3619; x_wconf 58' lang='grc' dir='ltr'><strong>ει.</strong></span> <span class='ocrx_word' id='word_1_267' title='bbox 593 3556 652 3620; x_wconf 77' lang='lat' dir='ltr'><strong>d.</strong></span> <span class='ocrx_word' id='word_1_268' title='bbox 689 3579 750 3621; x_wconf 90' lang='lat' dir='ltr'><strong>v.</strong></span> <span class='ocrx_word' id='word_1_269' title='bbox 787 3556 888 3622; x_wconf 86' lang='lat' dir='ltr'><strong>Id.</strong></span> <span class='ocrx_word' id='word_1_270' title='bbox 928 3554 1282 3645; x_wconf 86' lang='lat' dir='ltr'><strong>Corcyram</strong></span> <span class='ocrx_word' id='word_1_271' title='bbox 1317 3562 1660 3630; x_wconf 89' lang='lat' dir='ltr'><strong>bellissime</strong></span> <span class='ocrx_word' id='word_1_272' title='bbox 1695 3564 2159 3651; x_wconf 85' lang='lat' dir='ltr'><strong>navigavimus.</strong></span> <span class='ocrx_word' id='word_1_273' title='bbox 2229 3564 2504 3649; x_wconf 78' lang='lat' dir='ltr'><strong>Corcyrae</strong></span> 
     </span>
     <span class='ocr_line' id='line_1_35' title="bbox 501 3651 2502 3746; baseline 0.003 -35"><span class='ocrx_word' id='word_1_274' title='bbox 501 3651 732 3715; x_wconf 68' lang='lat' dir='ltr'><strong>fuimus</strong></span> <span class='ocrx_word' id='word_1_275' title='bbox 768 3672 974 3734; x_wconf 89' lang='lat' dir='ltr'><strong>usque</strong></span> <span class='ocrx_word' id='word_1_276' title='bbox 1011 3656 1097 3719; x_wconf 81' lang='lat' dir='ltr'><strong>ad</strong></span> <span class='ocrx_word' id='word_1_277' title='bbox 1128 3678 1185 3719; x_wconf 89' lang='lat' dir='ltr'><strong>a.</strong></span> <span class='ocrx_word' id='word_1_278' title='bbox 1217 3657 1279 3720; x_wconf 87' lang='lat' dir='ltr'><strong>d.</strong></span> <span class='ocrx_word' id='word_1_279' title='bbox 1307 3680 1432 3722; x_wconf 80' lang='lat' dir='ltr'><strong>xvr.</strong></span> <span class='ocrx_word' id='word_1_280' title='bbox 1462 3658 1550 3722; x_wconf 84' lang='lat' dir='ltr'><strong>K.</strong></span> <span class='ocrx_word' id='word_1_281' title='bbox 1582 3657 1745 3725; x_wconf 89' lang='lat' dir='ltr'><strong>Dec.</strong></span> <span class='ocrx_word' id='word_1_282' title='bbox 1784 3661 2263 3746; x_wconf 87' lang='lat' dir='ltr'><strong>tempestatibus</strong></span> <span class='ocrx_word' id='word_1_283' title='bbox 2297 3651 2502 3722; x_wconf 82' lang='lat' dir='ltr'><strong>retenti-</strong></span> 
     </span>
     <span class='ocr_line' id='line_1_36' title="bbox 497 3744 2588 3839; baseline 0.002 -37"><span class='ocrx_word' id='word_1_284' title='bbox 497 3771 549 3803; x_wconf 64' lang='grc' dir='ltr'><strong>ιι.</strong></span> <span class='ocrx_word' id='word_1_285' title='bbox 585 3747 644 3808; x_wconf 76' lang='lat' dir='ltr'><strong>d.</strong></span> <span class='ocrx_word' id='word_1_286' title='bbox 671 3767 771 3810; x_wconf 87' lang='lat' dir='ltr'><strong>xv.</strong></span> <span class='ocrx_word' id='word_1_287' title='bbox 800 3744 888 3808; x_wconf 86' lang='grc' dir='ltr'><strong>Κ.</strong></span> <span class='ocrx_word' id='word_1_288' title='bbox 916 3746 985 3810; x_wconf 90' lang='lat' dir='ltr'><strong>in</strong></span> <span class='ocrx_word' id='word_1_289' title='bbox 1017 3760 1277 3832; x_wconf 87' lang='lat' dir='ltr'><strong>portum</strong></span> <span class='ocrx_word' id='word_1_290' title='bbox 1297 3748 1806 3837; x_wconf 84' lang='lat' dir='ltr'><strong>Corcyraeorum</strong></span> <span class='ocrx_word' id='word_1_291' title='bbox 1842 3755 1926 3818; x_wconf 89' lang='lat' dir='ltr'><strong>ad</strong></span> <span class='ocrx_word' id='word_1_292' title='bbox 1954 3751 2302 3839; x_wconf 77' lang='lat' dir='ltr'><strong>Cassiopen</strong></span> <span class='ocrx_word' id='word_1_293' title='bbox 2335 3744 2502 3814; x_wconf 79' lang='lat' dir='ltr'><strong>stadia</strong></span> <span class='ocrx_word' id='word_1_294' title='bbox 2587 3821 2588 3832; x_wconf 9' lang='grc' dir='ltr'>ἵ</span> 
     </span>
     <span class='ocr_line' id='line_1_37' title="bbox 497 3837 2588 3933; baseline 0.006 -35"><span class='ocrx_word' id='word_1_295' title='bbox 497 3859 630 3899; x_wconf 58' lang='lat'><strong>1:211.</strong></span> <span class='ocrx_word' id='word_1_296' title='bbox 666 3840 1125 3923; x_wconf 84' lang='lat' dir='ltr'><strong>processimus3</strong></span> <span class='ocrx_word' id='word_1_297' title='bbox 1162 3843 1254 3909; x_wconf 89' lang='lat' dir='ltr'><strong>ibi</strong></span> <span class='ocrx_word' id='word_1_298' title='bbox 1288 3846 1517 3911; x_wconf 87' lang='lat' dir='ltr'><strong>retenti</strong></span> <span class='ocrx_word' id='word_1_299' title='bbox 1553 3848 1759 3912; x_wconf 83' lang='lat' dir='ltr'><strong>ventis</strong></span> <span class='ocrx_word' id='word_1_300' title='bbox 1785 3870 2007 3914; x_wconf 85' lang='lat' dir='ltr'><strong>sumus</strong></span> <span class='ocrx_word' id='word_1_301' title='bbox 2044 3869 2244 3933; x_wconf 86' lang='lat' dir='ltr'><strong>usque</strong></span> <span class='ocrx_word' id='word_1_302' title='bbox 2271 3845 2350 3911; x_wconf 89' lang='lat' dir='ltr'><strong>ad</strong></span> <span class='ocrx_word' id='word_1_303' title='bbox 2382 3866 2430 3906; x_wconf 82' lang='lat' dir='ltr'><strong>a·</strong></span> <span class='ocrx_word' id='word_1_304' title='bbox 2454 3837 2500 3899; x_wconf 80' lang='lat' dir='ltr'><strong>d·</strong></span> <span class='ocrx_word' id='word_1_305' title='bbox 2587 3852 2588 3881; x_wconf 64' lang='lat'>¹</span> 
     </span>
     <span class='ocr_line' id='line_1_38' title="bbox 501 3931 2500 4034; baseline 0.008 -44"><span class='ocrx_word' id='word_1_306' title='bbox 501 3951 652 4034; x_wconf 53' lang='lat' dir='ltr'><strong>Tm:</strong></span> <span class='ocrx_word' id='word_1_307' title='bbox 677 3931 766 3994; x_wconf 81' lang='lat' dir='ltr'><strong>K.</strong></span> <span class='ocrx_word' id='word_1_308' title='bbox 855 3932 1126 4014; x_wconf 83' lang='lat' dir='ltr'><strong>interea,</strong></span> <span class='ocrx_word' id='word_1_309' title='bbox 1180 3938 1291 4021; x_wconf 90' lang='lat' dir='ltr'><strong>qui</strong></span> <span class='ocrx_word' id='word_1_310' title='bbox 1335 3939 1568 4026; x_wconf 88' lang='lat' dir='ltr'><strong>cupide</strong></span> <span class='ocrx_word' id='word_1_311' title='bbox 1612 3940 1883 4027; x_wconf 76' lang='lat' dir='ltr'><strong>profecti</strong></span> <span class='ocrx_word' id='word_1_312' title='bbox 1926 3952 2103 4020; x_wconf 87' lang='lat' dir='ltr'><strong>sunt,</strong></span> <span class='ocrx_word' id='word_1_313' title='bbox 2155 3938 2331 4005; x_wconf 84' lang='lat' dir='ltr'><strong>multi</strong></span> <span class='ocrx_word' id='word_1_314' title='bbox 2371 3953 2500 4000; x_wconf 79' lang='lat' dir='ltr'><strong>nau·</strong></span> 
     </span>
    </p>

    <p class='ocr_par' dir='ltr' id='par_1_10' title="bbox 437 4021 2497 4102">
     <span class='ocr_line' id='line_1_39' title="bbox 437 4021 2497 4102; baseline 0.004 -23"><span class='ocrx_word' id='word_1_315' title='bbox 437 4035 453 4067; x_wconf 62' lang='grc' dir='ltr'>Ξ</span> <span class='ocrx_word' id='word_1_316' title='bbox 497 4027 696 4099; x_wconf 62' lang='lat' dir='ltr'><strong>tregia</strong></span> <span class='ocrx_word' id='word_1_317' title='bbox 730 4021 1037 4091; x_wconf 83' lang='lat' dir='ltr'><strong>fecerunt.</strong></span> <span class='ocrx_word' id='word_1_318' title='bbox 1107 4051 1226 4095; x_wconf 91' lang='lat' dir='ltr'><strong>nos</strong></span> <span class='ocrx_word' id='word_1_319' title='bbox 1262 4054 1339 4097; x_wconf 93' lang='lat' dir='ltr'><strong>eo</strong></span> <span class='ocrx_word' id='word_1_320' title='bbox 1377 4032 1479 4099; x_wconf 88' lang='lat' dir='ltr'><strong>die</strong></span> <span class='ocrx_word' id='word_1_321' title='bbox 1517 4034 1725 4101; x_wconf 86' lang='lat' dir='ltr'><strong>cenati</strong></span> <span class='ocrx_word' id='word_1_322' title='bbox 1760 4035 2095 4102; x_wconf 86' lang='lat' dir='ltr'><strong>solvimus:</strong></span> <span class='ocrx_word' id='word_1_323' title='bbox 2140 4034 2283 4099; x_wconf 86' lang='lat' dir='ltr'><strong>inde</strong></span> <span class='ocrx_word' id='word_1_324' title='bbox 2316 4037 2497 4096; x_wconf 76' lang='lat' dir='ltr'><strong>austro</strong></span> 
     </span>
    </p>
   </div>
   <div class='ocr_carea' id='block_1_8' title="bbox 2586 3886 2588 4072">
    <p class='ocr_par' dir='ltr' id='par_1_11' title="bbox 2586 3886 2588 4072">
     <span class='ocr_line' id='line_1_40' title="bbox 2586 3886 2588 4072; baseline 0 0"><span class='ocrx_word' id='word_1_325' title='bbox 2586 3886 2588 4072; x_wconf 95' lang='lat' dir='ltr'><strong> </strong></span> 
     </span>
    </p>
   </div>
  </div>
 </body>
</html>
