2675 4559
754 319 1313 380 EPISTOLARUM
1345 323 1481 379 X11
1520 309 1733 382 13.'14.'
1888 393 1891 398 ,
2031 364 2037 374 ,
2134 319 2263 384 293

195 439 686 508 tetradrachmis
739 443 1018 510 triticum
1071 445 1245 530 apud
1289 445 1698 514 Dolabellam
1752 463 1876 518 est.
1932 453 2057 518 nisi
2108 457 2263 538 quid

195 537 482 602 navibus
515 536 1036 604 Laudicenorum
1072 539 1491 626 supportarit,
1528 544 1654 608 cito
1690 545 1862 612 fame
1897 559 2118 632 pereat
2151 573 2264 614 ne-

195 653 378 698 cesse
434 642 560 709 est3
614 655 696 698 ne
750 645 1127 720 supportare
1175 635 1408 720 possit,
1461 648 1525 702 et
1571 635 1783 704 Cassii
1835 641 2055 708 classis
2098 643 2263 708 bene

191 747 468 812 magna,
522 727 626 790 cui
667 738 922 812 praeest
965 726 1270 802 Sextilius
1315 729 1557 809 Rufus,
1614 744 1677 798 et
1721 741 1878 812 tres,
1932 757 2093 822 quas
2146 758 2261 800 nos

192 819 617 897 adduximus,
653 841 804 907 ego,
841 821 1200 900 Turullius,
1237 823 1565 901 Patiscus,
1602 826 1790 892 facile
1826 829 2259 913 praestabunt.

191 925 254 978 te
289 914 446 978 volo
483 913 649 980 bene
685 935 942 1000 sperare
979 927 1044 982 et
1077 937 1213 982 rem
1247 916 1595 1004 publicam,
1632 930 1706 985 ut
1742 942 1855 985 vos
1890 921 2033 987 istic
2068 945 2262 1008 expe-

188 1005 401 1084 dietis,
431 1007 530 1072 ita
561 1030 680 1094 pro
705 1021 924 1075 nostra
957 1021 1138 1096 parte
1165 1012 1456 1078 celeriter
1482 1037 1522 1078 a
1546 1014 1747 1079 nobis
1760 1015 2046 1100 expediri
2075 1037 2261 1102 posse

186 1101 538 1168 confidere.
601 1103 762 1169 vale.
819 1104 1086 1169 d.1dib.
1123 1105 1269 1173 Iun.
1307 1103 1551 1193 Cypm,
1590 1131 1629 1172 a
1667 1105 2257 1196 Crommyuacride.

1148 1257 1308 1314 XIV.

605 1355 722 1412 Ser.
741 1356 961 1428 Pergae
978 1357 1079 1413 lv.
1101 1357 1295 1414 Nonas
1311 1359 1505 1416 Iunias
1525 1379 1577 1418 a.
1596 1379 1651 1416 u.
1672 1379 1721 1417 c.
1744 1363 1863 1418 711.

575 1458 992 1516 LENTULUS
1031 1460 1393 1519 CICERONI
1430 1461 1576 1520 SUO
1614 1463 1671 1520 S.
1708 1465 1777 1520 P.
1814 1465 1888 1520 D.

317 1571 502 1638 Cum
517 1573 795 1639 Brutum
821 1583 1109 1638 nostrum
1137 1576 1581 1641 convenissem
1608 1599 1883 1661 eumque
1918 1579 2162 1644 tardius
2191 1581 2259 1644 in

187 1667 425 1731 Asiam
461 1677 802 1732 venturum
837 1666 1430 1746 animadverterem,
1465 1669 1534 1733 in
1568 1671 1801 1736 Asiam
1835 1671 2017 1750 redii,
2052 1684 2125 1738 ut
2160 1696 2259 1737 re-

185 1763 423 1848 liquias
459 1761 589 1830 mei
613 1761 849 1828 laboris
879 1763 1268 1850 conligerem
1296 1775 1364 1829 vet
1390 1765 1732 1850 pecuniam
1758 1784 1954 1848 quam
1980 1766 2259 1851 primum

186 1857 472 1922 Romam
506 1855 842 1922 mitterem..
895 1857 1150 1922 interim
1186 1859 1463 1944 cognovi
1497 1859 1565 1922 in
1580 1857 1791 1943 Lysia
1824 1881 1964 1924 esse
1992 1859 2257 1926 classem

185 1949 576 2016 Dolabellae
621 1950 1024 2036 ampliusque
1072 1963 1328 2018 centum
1374 1953 1559 2018 navis
1592 1952 1943 2030 onerarias,
1986 1953 2055 2018 in
2096 1975 2257 2037 quas

185 2045 512 2112 exercitus
549 2045 686 2110 eius
721 2045 942 2131 inponi
975 2058 1220 2132 posset,
1257 2046 1452 2132 idque
1486 2046 1897 2114 Dolabellam
1932 2069 2011 2114 ea
2044 2061 2256 2113 mente

191 2161 630 2226 comparasse,
667 2151 768 2218 ut,
805 2141 860 2205 si
897 2137 1126 2226 Syriae
1165 2165 1310 2228 spes
1347 2165 1497 2208 eum
1530 2143 1837 2208 frustrata
1872 2153 2068 2220 esset,
2106 2164 2257 2208 con-

191 2233 528 2315 scenderet
559 2234 630 2300 in
661 2233 846 2300 navis
881 2246 946 2300 et
978 2236 1232 2302 Italiam
1267 2247 1513 2323 peteret
1548 2259 1745 2322 seque
1782 2258 1929 2302 cum
1954 2237 2255 2304 Antoniis

189 2341 254 2394 et
312 2327 580 2413 reliquis
639 2329 994 2394 latronibus
1056 2331 1499 2419 coniungeret:
1566 2332 1749 2398 cuius
1812 2331 1908 2398 rei
1956 2342 2135 2400 tanto
2189 2333 2257 2396 in

189 2424 416 2488 timore
451 2423 580 2500 fui,
615 2432 688 2486 ut
721 2424 1016 2490 omnibus
1053 2426 1244 2492 rebus
1279 2426 1513 2492 relictis
1552 2447 1699 2491 cum
1744 2425 2155 2512 paucioribus
2194 2439 2256 2492 et

189 2517 546 2584 minoribus
581 2518 854 2584 navibus
890 2519 974 2585 ad
1007 2521 1150 2587 illas
1182 2521 1276 2586 ire
1313 2532 1580 2588 conatus
1618 2522 1757 2586 sim.
1838 2543 2007 2605 quae
2039 2543 2161 2596 ree,
2200 2521 2252 2584 si

186 2637 228 2676 a
261 2611 538 2678 Rhodiis
573 2633 704 2678 non
739 2633 945 2680 essem
987 2613 1459 2700 interpellatus,
1504 2613 1777 2680 fortasse
1824 2624 1959 2678 tota
2004 2613 2256 2678 sublata

186 2719 380 2784 esset,
417 2716 635 2771 tamen
669 2724 908 2792 magna
933 2726 1016 2772 ex
1049 2719 1228 2792 parte
1263 2709 1605 2794 profligata
1632 2719 1745 2786 est,
1784 2706 2087 2791 quoniam
2114 2707 2255 2788 qui-

185 2801 341 2866 dem
387 2800 607 2865 classis
645 2799 952 2886 dissipata
982 2811 1082 2865 est
1125 2801 1439 2866 adventus
1474 2801 1675 2866 nostri
1720 2799 1977 2877 timore,
2022 2799 2253 2863 milites

186 2893 522 2980 dueesque
553 2894 960 2981 effugerunt,
1009 2894 1333 2960 onerariae
1379 2917 1601 2960 omnes
1636 2894 1721 2960 ad
1762 2917 1961 2959 unam
1996 2917 2036 2959 a
2070 2893 2254 2958 nobis

187 3001 340 3056 sunt
391 3001 720 3076 exceptae.
809 3001 980 3056 certe
1022 3027 1111 3038 —
1145 2990 1322 3074 quod
1362 2991 1643 3058 maxime
1686 2991 1870 3056 timui
1903 3027 1992 3038 —
2034 2989 2255 3056 videor

187 3107 330 3151 esse
369 3097 782 3162 consecutus,
827 3093 900 3150 ut
932 3105 1061 3149 non
1093 3084 1296 3170 possit
1331 3083 1675 3150 Dolabella
1715 3085 1785 3148 in
1821 3085 2075 3150 Italiam
2112 3108 2256 3170 per-

189 3178 410 3245 venire
444 3201 568 3245 nec
603 3179 734 3244 suis
769 3179 958 3249 sociis
993 3179 1258 3244 firmatis
1293 3178 1517 3243 durius
1552 3179 1735 3242 vobis
1772 3178 2025 3244 efficere
2056 3197 2256 3262 nego-

188 3273 374 3338 tium.
447 3271 687 3338 Rhodii
729 3294 848 3338 nos
893 3284 958 3338 et
1003 3295 1140 3338 rem
1183 3272 1509 3358 publicam
1554 3293 1750 3357 quam
1794 3271 1982 3336 'valde
2028 3271 2255 3356 despe-

187 3367 505 3444 raverint,
559 3391 641 3432 ex
684 3367 940 3443 litteris,
993 3389 1158 3451 quas
1202 3367 1461 3479 publice
1506 3366 1680 3443 misi,
1737 3387 2104 3452 cognosces.
2194 3377 2257 3430 et

187 3461 458 3546 quidem
484 3463 688 3526 multo
711 3461 968 3547 parcius
997 3461 1250 3547 scripsi3
1285 3461 1503 3526 mirari
1482 3460 1683 3525 noli.
1720 3460 1884 3525 mira
1912 3471 2006 3526 est
2035 3479 2256 3525 eorum

191 3556 492 3622 amentia.
597 3569 720 3622 nec
771 3579 955 3622 meae
1003 3556 1174 3621 ullae
1236 3556 1539 3642 privatim
1590 3555 1861 3622 iniuriae
1913 3576 2253 3638 umquam3

189 3652 400 3716 malus
439 3651 690 3716 animus
725 3671 946 3716 eorum
980 3649 1048 3714 in
1083 3661 1302 3718 nostra
1335 3652 1567 3728 salute,
1614 3649 1931 3736 cupiditas
1974 3648 2257 3734 partium

185 3746 496 3823 aliarum,
539 3744 1012 3830 perseverantia
1055 3744 1123 3809 in
1167 3745 1635 3830 contemptione
1680 3743 1903 3830 optimi
1946 3742 2255 3826 cuiusque

185 3840 462 3908 ferenda
505 3839 664 3905 mihi
684 3861 838 3922 ,non
881 3838 1024 3905 fuit.
1111 3861 1232 3905 nee
1275 3849 1493 3906 tamen
1538 3837 1743 3904 omnis
1788 3837 2071 3924 perditos
2114 3858 2255 3901 esse

185 3946 381 4021 put03
439 3933 556 3999 sed
599 3934 769 3999 idem
811 3932 934 4011 illi,
987 3933 1101 4018 qui
1144 3945 1284 4000 tum
1326 3933 1683 4019 fugientem
1726 3945 1975 4019 patrem
2016 3950 2254 4006 meum,

185 4030 306 4114 qui
340 4029 427 4094 L.
464 4029 848 4107 Lentulum,
895 4028 1007 4113 qui
1039 4029 1452 4115 Pompeium,
1495 4029 1611 4114 qui
1646 4039 1887 4094 ceteros
1922 4026 2091 4092 viros
2128 4027 2257 4092 cla-

187 4124 479 4191 rissimos
523 4143 654 4190 non
697 4136 1102 4210 receperunt,
1154 4124 1326 4191 idem
1380 4135 1712 4211 tamquam
1756 4123 1971 4209 aliquo
2012 4121 2147 4189 fato
2193 4135 2256 4188 et
