2675 4559
346 202 352 209 ’
457 228 1023 289 EPISTOLARUM
1053 232 1166 323 An
1205 216 1684 311 (1.1’111111111111
1716 238 1793 292 11.
1831 240 1989 297 5-1.
2094 200 2255 295 ’449

175 358 424 425 etenim
463 352 822 440 εἰλικρινὲς
835 320 1145 421 iudicium
1173 354 1309 421 sine
1337 360 1837 444 oppugnatione,
1874 361 2011 430 sine
2045 365 2255 452 gratia

103 448 111 451 ’
169 463 404 519 nostra
442 459 604 515 erat.
674 459 822 517 ante
857 449 1030 532 quod
1060 448 1286 515 Idibus
1323 463 1388 517 et
1422 453 1727 537 postridie
1761 455 1974 523 fuerat
2009 458 2253 525 dictum
2284 482 2313 523 s
2416 546 2423 549 ί

175 547 256 613 de
285 566 456 632 agro
478 540 818 628 Campano
847 552 1062 607 actum
1095 543 1191 619 iri,
1227 565 1359 609 non
1386 555 1483 610 est
1512 557 1745 613 actum.
1797 550 1867 615 in
1902 551 2023 617 hac
2060 574 2255 621 causa

171 638 338 706 mihi
375 658 557 723 aqua
591 636 828 702 haeret.
917 636 1031 701 sed
1065 635 1254 722 plura
1287 658 1484 721 quam
1521 642 2001 723 constitueram3
2040 668 2257 712 coram

175 735 372 801 enim.
469 731 646 808 vale,
687 729 776 795 mi
825 730 1064 815 optime
1110 741 1173 796 et
1208 732 1605 816 optatissime
1639 734 1864 815 frater,
1902 750 1967 805 et
2000 740 2253 807 advola.

172 829 354 895 idem
390 836 460 891 te
497 824 682 911 pueri
718 824 918 888 nostri
951 834 1208 911 rogant:
1255 824 1416 892 illud
1452 828 1721 908 scilicet,
1769 832 2058 912 cenabis,
2106 856 2255 900 cum

173 943 462 989 venens.

1047 1068 1180 1125 VII.
1237 1068 1397 1138 [IX.]

603 1170 719 1227 Scr.
738 1171 954 1227 Romae
972 1188 1164 1227 mense
1181 1172 1493 1229 Februario
1514 1193 1564 1231 a.
1586 1194 1641 1231 u.
1660 1194 1711 1233 0.
1729 1178 1851 1235 699.

517 1272 831 1330 MARCUS
868 1272 1164 1339 QUINTO
1199 1276 1496 1333 FRATRI
1532 1278 1919 1359 SALUTEM.

302 1398 720 1465 Placiturum
770 1397 888 1463 tibi
941 1421 1080 1465 esse
1124 1399 1361 1466 librum
1402 1424 1619 1469 meum
1664 1406 2037 1491 suspicabar
2044 1432 2063 1486 3
2098 1419 2253 1476 tam
2288 1430 2313 1468 1

172 1495 368 1561 valde
403 1493 758 1581 placuisse,
804 1515 1002 1577 quam
1037 1494 1291 1573 scribis,
1337 1497 1525 1563 valde
1571 1500 1847 1585 gaudeo.
1934 1502 2113 1612 quod
2147 1527 2253 1570 me
2304 1505 2309 1511 ’

173 1590 495 1655 admones
551 1587 631 1653 de
676 1590 712 1670 †
751 1610 884 1653 non
937 1590 1228 1655 curantia
1279 1591 1671 1676 suadesque,
1726 1606 1801 1660 ut
1850 1596 2251 1663 meminerim

171 1684 355 1751 Iovis
391 1682 774 1796 orationem,
812 1705 978 1768 quae
1015 1695 1112 1749 est
1145 1686 1214 1749 in
1249 1696 1535 1751 extremo
1568 1686 1679 1753 illo
1714 1687 1901 1767 libre,
1940 1712 2062 1777 ego
2098 1714 2253 1758 vero

173 1779 445 1847 memini
493 1788 562 1843 et
599 1776 712 1843 illa
757 1777 973 1843 omnia
1016 1778 1174 1843 mihi
1217 1780 1425 1865 magis
1470 1782 1695 1867 scripsi
1744 1804 1940 1866 quam
1994 1785 2253 1851 ceteris:

175 1875 292 1940 sed
333 1886 562 1939 tamen
604 1908 710 1936 -—.
780 1871 1116 1957 postridie,
1170 1895 1365 1957 quam
1409 1885 1480 1939 tu
1526 1897 1596 1941 es
1639 1876 1995 1961 profectus,
2048 1880 2254 1946 multa
2287 1902 2313 1940 2

173 1979 366 2043 nocte
433 1989 590 2033 cum
637 1965 928 2033 Vibullio
981 1966 1128 2031 veni
1181 1967 1264 2031 ad
1315 1968 1735 2053 Pompeium3
1801 1992 2077 2056 cumque
2129 1996 2251 2060 ego

177 2062 464 2149 egissem
501 2060 584 2126 de
617 2060 758 2125 istis
793 2059 1096 2146 operibus
1133 2072 1326 2145 atque
1359 2062 1910 2150 inscriptionibus,
1944 2088 2062 2151 per
2096 2068 2255 2133 mihi

175 2156 466 2243 benigne
501 2154 860 2239 respondit3
894 2177 1222 2241 magnam
1236 2178 1417 2241 spem
1452 2157 1693 2236 attulit3
1730 2180 1880 2224 cum
1906 2158 2146 2228 Crasso
2182 2185 2253 2229 se

180 2250 345 2316 dixit
377 2252 562 2334 loqui
595 2250 762 2315 velle
795 2249 1080 2335 mihique
1116 2262 1191 2317 ut
1223 2250 1397 2317 idem
1429 2251 1711 2319 facerem
1746 2254 1969 2321 suasit.
2060 2252 2254 2323 Cras-

177 2368 324 2411 sum
373 2345 710 2411 consulem
753 2368 835 2411 ex
879 2356 1110 2411 senatu
1155 2345 1420 2411 domum
1468 2346 1695 2413 reduxi
1706 2372 1725 2425 3
1780 2348 2061 2435 suscepit
2113 2374 2251 2417 rem
2332 2431 2339 2437 ,

179 2439 476 2524 dixitque
513 2462 682 2517 esse,
728 2440 906 2523 quod
942 2435 1212 2507 Clodius
1257 2442 1383 2507 hoc
1417 2451 1705 2528 tempore
1742 2454 2003 2529 cuperet
2037 2457 2094 2510 et
2135 2468 2253 2531 per
2318 2508 2323 2515 .

180 2556 247 2600 se
295 2541 364 2601 et
409 2554 528 2617 per
569 2532 957 2618 Pompeium
1001 2536 1308 2621 consequi
1318 2561 1336 2613 3
1389 2546 1617 2621 putare
1670 2559 1770 2614 se,
1824 2537 1880 2601 si
1924 2558 2047 2622 ego
2101 2560 2253 2605 eum

179 2650 312 2693 non
349 2624 738 2711 inpedirem,
783 2650 972 2711 posse
1006 2650 1112 2695 me
1149 2628 1417 2715 adipisci
1463 2630 1601 2695 sine
1636 2630 2041 2696 contentione
2076 2631 2252 2714 quod

180 2720 451 2787 vellem:
505 2728 710 2784 totum
756 2720 816 2783 ei
851 2722 1188 2807 negotium
1212 2722 1487 2808 „permisi
1528 2743 1759 2804 meque
1792 2722 1862 2787 in
1897 2722 2035 2789 eius
2070 2736 2252 2809 pote-

183 2824 351 2881 state
389 2812 526 2877 dixi
569 2811 729 2877 fore.
815 2812 1106 2879 interfuit
1150 2814 1302 2882 huic
1335 2816 1627 2881 sermoni
1659 2814 1740 2880 P.
1780 2812 2057 2882 Crassus
2091 2818 2253 2885 adu-

179 2908 456 2985 lescens,
491 2907 712 2984 nostri,
748 2917 822 2972 ut
856 2906 1001 2985 scis,
1037 2909 1557 2975 studiosissimus.
1608 2909 1770 2973 illud
1804 2922 2040 2989 autem,
2078 2915 2253 2999 quod

187 3003 366 3089 cupit
383 2999 677 3079 Clodius,
715 3011 813 3067 est
845 3002 1084 3089 legatio
1113 3003 1330 3089 aliqua
1346 3038 1435 3051 —-
1450 3004 1505 3068 si
1537 3002 1749 3067 minus
1782 3027 1903 3090 per
1934 3018 2249 3085 senatum,

185 3116 303 3181 per
346 3096 662 3183 populum
693 3130 782 3142 —
823 3094 1029 3161 libera
1071 3106 1180 3161 aut
1228 3094 1621 3183 By‘zantium
1666 3107 1779 3162 aut
1823 3102 1909 3162 ad
1949 3098 2253 3184 Brogita-

185 3212 332 3256 rum
367 3203 484 3257 aut
517 3202 890 3275 utrumquet
925 3190 1118 3277 plena
1143 3212 1246 3257 res
1281 3214 1711 3259 nummorum.
1766 3192 1943 3275 quod
1970 3214 2092 3279 ego
2116 3214 2250 3259 non

185 3284 458 3350 nimium
485 3284 728 3361 laboro,
757 3285 948 3351 etiam
965 3285 1022 3350 si
1045 3284 1259 3351 minus
1285 3285 1605 3371 adsequor
1631 3286 1806 3369 quod
1834 3285 2000 3351 volo.
2052 3286 2251 3351 Pom·-

188 3378 372 3462 peius
409 3390 624 3444 tamen
659 3400 807 3445 cum
844 3374 1082 3445 Crasso
1128 3378 1385 3445 locutus
1419 3392 1542 3459 est3
1586 3380 1886 3445 videntur
1918 3380 2251 3467 negotium

190 3475 567 3561 suscepisse.
655 3474 710 3539 si
744 3475 1110 3558 perficiunt,
1156 3475 1395 3561 optime
1406 3500 1425 3553 3
1472 3475 1528 3540 si
1560 3475 1773 3540 minus
1786 3522 1805 3553 ,
1842 3475 1935 3541 ad
1960 3485 2250 3541 nostrum

189 3564 414 3633 Iovem
457 3578 872 3634 revertamur.
954 3592 1011 3635 a.
1050 3568 1112 3633 d.
1146 3592 1237 3633 111.
1273 3568 1433 3635 Idus
1466 3567 1663 3635 Febr.
1700 3579 1959 3635 senatus
1996 3569 2250 3635 consul-
2284 3588 2311 3631 s

191 3670 330 3727 tum
358 3673 456 3729 est
482 3663 727 3729 factum
753 3663 834 3731 de
869 3664 1113 3731 ambitu
1147 3663 1218 3729 in
1237 3663 1498 3729 Afranii
1525 3663 1925 3743 sententiam,
1959 3668 2027 3730 in
2054 3688 2249 3749 quam

194 3774 314 3840 ego
351 3756 668 3835 dixeram,
716 3780 864 3824 cum
907 3769 978 3824 tu
1023 3758 1309 3836 adesses3
1366 3759 1483 3825 sed
1525 3780 1763 3845 magno
1808 3780 1957 3827 cum
2002 3759 2250 3845 gemitu

194 3860 450 3917 senatus
502 3852 798 3919 consules
848 3874 979 3917 non
1031 3862 1185 3918 sunt
1235 3852 1557 3938 persecuti
1604 3875 1827 3919 eorum
1880 3852 2248 3929 sententias,

195 3940 333 4025 qui,
377 3944 652 4011 Afranio
695 3966 846 4013 cum
882 3955 1098 4013 essent
1139 3946 1425 4025 adsensi,
1478 3946 1896 4025 addiderunt,
1948 3958 2023 4013 ut
2064 3970 2249 4033 prae-

196 4045 361 4103 tores
391 4037 483 4105 ita
517 4050 902 4117 crearentur,
935 4050 1012 4107 ut
1045 4040 1182 4107 dies
1217 4041 1555 4129 sexaginta
1588 4040 1821 4127 privati
1857 4052 2087 4109 essent.
2171 4060 2248 4106 eo

301 4137 516 4185 Cimonis
534 4142 616 4186 vol.
635 4140 710 4186 lx.
1804 4140 1873 4196 29
