2675 4559
710 302 1267 361 ams'rohABUM
1290 303 1377 384 ιι.
1416 305 1604 364 1213.
2094 298 2181 365 37

139 469 246 509 --,
277 430 383 497 sed
415 428 634 495 suavis
669 426 912 513 accipio
947 426 1218 505 litteras,
1255 426 1359 493 vel
1396 449 1557 511 quas
1592 430 1881 515 proxime
1916 454 2181 520 accepe-

139 548 298 604 ram,
347 546 540 609 quam
581 521 940 609 prudentis!
995 544 1190 607 quam
1233 521 1417 587 multi
1462 534 1526 589 et
1569 524 1763 590 officii
1796 538 1861 592 et
1904 530 2177 597 consilii!

135 622 256 687 etsi
283 618 492 685 omnia
525 618 619 685 sic
665 617 1118 686 constitueram
1151 616 1309 683 mihi
1346 618 1626 703 agenda,
1662 632 1732 685 ut
1768 632 1841 687 tu
1876 624 2179 691 admone-

133 715 277 793 bas,
325 724 540 779 tamen
584 712 1039 777 confirmantur
1081 722 1302 777 nostra
1335 712 1626 790 consilia,
1680 738 1827 781 cum
1872 719 2177 785 sentimus

133 807 549 895 prudentibus
601 806 1002 894 fideliterque
1055 806 1471 872 suadentibus
1522 807 1696 873 idem
1746 809 1966 877 videri.
2056 835 2177 899 ego

134 904 414 991 Appium
447 939 538 951 —
571 914 646 969 ut
679 924 871 989 saepe
907 912 1120 967 tecum
1162 900 1417 967 locutus
1462 924 1607 967 sum
1639 938 1726 950 -—
1760 906 1945 971 valde
1980 906 2177 993 diligo

131 1021 350 1083 meque
387 998 474 1063 ab
511 1018 590 1063 eo
633 996 814 1083 diligi
857 996 1071 1061 statim
1117 1007 1413 1081 coeptum
1460 1018 1629 1074 esse,
1676 1008 1751 1062 ut
1794 998 2177 1066 simultatem

133 1092 558 1179 deposuimus,
595 1091 796 1168 sensi3
837 1112 990 1155 nam
1028 1101 1094 1156 et
1135 1089 1525 1155 honorificus
1558 1090 1627 1155 in
1660 1114 1765 1157 me
1800 1093 2023 1158 consul
2056 1093 2179 1158 fuit

131 1199 186 1252 et
215 1186 437 1252 suavis
473 1186 719 1251 amicus
755 1194 820 1249 et
861 1183 1184 1249 studiosus
1229 1183 1587 1251 studiorum
1631 1186 1824 1251 etiam
1868 1208 2177 1253 meorum.

128 1304 260 1347 mea
299 1302 464 1347 vero
517 1278 732 1343 officia
785 1278 844 1343 ei
897 1300 1028 1343 non
1073 1278 1353 1345 defuisse
1404 1287 1476 1344 tu
1522 1302 1591 1345 es
1636 1281 1847 1359 testis,
1902 1280 2007 1346 cui
2049 1280 2179 1347 iam

126 1372 406 1459 κωμικὸς
440 1372 712 1459 μάρτυς,
750 1382 823 1437 ut
855 1372 1100 1457 opinor,
1138 1372 1385 1438 accedit
1410 1372 1683 1451 Phania,
1719 1386 1784 1441 et
1814 1376 2177 1443 mehercule

123 1470 308 1535 etiam
345 1469 554 1555 pluris
590 1490 740 1533 eum
772 1466 930 1545 feci,
974 1466 1148 1551 quod
1191 1478 1256 1533 te
1291 1468 1495 1533 amari
1538 1468 1621 1534 ab
1658 1492 1733 1535 eo
1770 1472 1960 1535 sensi.
2046 1472 2176 1536 iam

119 1588 214 1630 me
249 1562 557 1649 Pompeii
591 1572 798 1627 totum
835 1583 976 1627 esse
1011 1560 1136 1625 scis
1147 1585 1166 1637 3
1211 1561 1491 1625 Brutum
1528 1586 1568 1626 a
1600 1585 1707 1627 me
1750 1565 1950 1629 amari
1992 1566 2177 1631 intel-

119 1660 296 1746 legis.
388 1657 550 1742 quid
583 1655 682 1722 est
714 1678 978 1733 causae,
1025 1676 1140 1720 cur
1171 1654 1329 1719 mihi
1376 1676 1507 1721 non
1541 1655 1609 1719 in
1638 1657 1877 1742 ‘optatis
1914 1659 1995 1722 sit
2028 1681 2179 1724 con-
2252 1704 2254 1706 ·

119 1752 310 1839 plecti
347 1750 674 1817 hominem
708 1751 1042 1816 florentem
1079 1759 1316 1826 aetate,
1354 1748 1615 1833 opibus,
1661 1749 2039 1828 honoribus,
2072 1748 2179 1817 'in-

118 1848 340 1933 genio,
392 1845 640 1923 liberis,
690 1844 1069 1931 propinquis
1082 1892 1101 1922 ,
1157 1843 1475 1909 adfinibus
1489 1892 1508 1921 ‚
1562 1844 1815 1921 amicis,
1868 1846 2181 1931 collegam

117 1964 336 2007 meum
387 1941 763 2027 praesertim
817 1950 883 2005 e't
931 1939 1002 2003 in
1053 1939 1194 2024 ipsa
1247 1938 1501 2025 collegii
1552 1938 1747 2005 laude
1801 1951 1865 2005 et
1916 1940 2183 2006 scientia

115 2036 480 2103 studiosum
513 2035 679 2100 mei?
721 2034 883 2101 haec
919 2056 994 2099 eo
1029 2032 1322 2120 pluribus
1360 2033 1613 2119 scripsi,
1651 2034 1826 2118 quod
1864 2058 1989 2099 non
2023 2034 2181 2099 nihil

113 2128 571 2216 significabant
605 2140 752 2194 tuae
787 2128 1036 2193 litterae
1071 2126 1487 2201 subdubitare
1525 2141 1597 2203 te,
1636 2149 1765 2212 qua
1792 2151 2000 2195 essem
2027 2152 2181 2216 erga

111 2226 298 2289 illum
345 2223 695 2309 uoluntate.
786 2221 978 2287 credo
1023 2233 1087 2287 te
1140 2222 1397 2287 audisse
1452 2222 1725 2306 aliquidz
1778 2222 2015 2289 falsum
2062 2235 2177 2302 est,

111 2319 272 2383 mihi
313 2317 537 2395 crede,
575 2316 632 2382 si
666 2316 822 2401 quid
857 2316 1110 2381 audisti.
1181 2339 1387 2401 genus
1422 2316 1859 2383 institutorum
1893 2328 1959 2383 et
1988 2318 2181 2383 ratio-

112 2436 274 2479 num
329 2434 620 2476 mearum
671 2409 1252 2476 dissimilitudinem
1309 2432 1441 2475 non
1492 2412 1735 2477 nullam
1787 2412 1981 2477 habet
2034 2435 2181 2478 cum

111 2508 285 2572 illius
326 2504 871 2575 administratione
907 2503 1301 2590 provinciae:
1349 2527 1431 2571 ex
1467 2527 1543 2571 eo
1579 2507 1842 2590 quidam
1878 2506 2181 2591 suspicati

111 2604 392 2668 fortasse
429 2610 600 2677 sunt,
635 2600 994 2664 animorum
1029 2599 1453 2677 contentione,
1487 2622 1618 2664 non
1646 2601 2017 2685 opinionum
2052 2600 2182 2665 dis-

115 2696 415 2761 sensione
450 2716 554 2759 me
591 2693 676 2758 ab
712 2714 788 2758 eo
825 2694 1221 2779 discrepare,
1263 2692 1423 2759 nihil
1460 2703 1675 2759 autem
1712 2694 1839 2759 feci
1872 2713 2179 2776 umquam

113 2812 332 2875 neque
377 2788 539 2867 dixi,
594 2788 768 2872 quod
803 2800 1024 2855 contra
1067 2788 1238 2853 illius
1283 2787 1817 2854 existimationem
1863 2808 2001 2851 esse
2046 2786 2181 2850 vel-

113 2886 272 2951 lem
367 2894 515 2969 post
565 2882 690 2948 hoc
741 2882 1072 2969 negotium
1123 2893 1339 2949 autem
1393 2893 1457 2948 et
1507 2872 1928 2949 temeritatem
1979 2881 2211 2946 nostri-

113 2977 504 3043 Dolabellae
540 2976 1018 3062 deprecatorem
1054 2998 1156 3042 me
1191 2998 1309 3062 pro
1344 2970 1515 3041 illius
1560 2968 1842 3062 periculo
1876 2973 2176 3061 praebeo.

115 3082 251 3136 erat
307 3070 381 3134 in
433 3069 659 3135 eadem
712 3069 982 3155 epistola
1043 3076 1062 3107 ‘
1073 3080 1373 3135 veternus
1428 3070 1758 3135 civitatis’.
1814 3070 2179 3155 gaudebam

113 3189 272 3231 sane
319 3175 387 3229 et
432 3165 802 3250 congelasse
843 3174 1135 3229 nostrum
1180 3163 1458 3228 amicum
1500 3164 1787 3230 laetabar
1829 3165 1978 3230 otio.
2068 3186 2179 3228 ex-

111 3272 330 3325 trema
369 3258 625 3345 pagella
675 3258 952 3346 pupugit
995 3280 1102 3323 me
1145 3267 1258 3321 tuo
1303 3255 1748 3343 chirographo.
1847 3256 2004 3341 quid
2049 3256 2181 3319 ais?

111 3350 470 3419 Caesarem
513 3374 688 3417 nunc
733 3352 1020 3418 defendit
1058 3348 1298 3417 Curio?
1352 3350 1497 3435 quis
1540 3349 1663 3416 hoc
1697 3361 1951 3434 putarat
1994 3368 2183 3435 prae-

115 3458 216 3513 ter
248 3447 397 3512 me?
450 3470 600 3511 nam
611 3494 634 3525 ,
680 3447 776 3513 'ita
809 3447 1054 3523 vivam,
1098 3444 1345 3531 putavi.
1398 3490 1401 3496 ·
1434 3445 1501 3509 di
1533 3444 1929 3511 inmortales!
1987 3465 2183 3528 quam

113 3563 240 3649 ego
277 3540 483 3605 risum
524 3551 816 3607 nostrum
857 3538 1178 3606 desiderol
1229 3538 1390 3605 mihi
1434 3550 1573 3605 erat
1614 3539 1682 3603 in
1726 3538 1968 3616 anime,
2022 3559 2184 3623 quo—

115 3634 296 3700 niam
340 3633 842 3701 iurisdictionem
885 3631 1315 3712 confeceram,
1370 3634 1657 3701 civitates
1700 3634 2180 3720 locupletatam,

117 3728 484 3815 publicanis
531 3729 724 3795 etiam
767 3728 1110 3816 superioris
1151 3729 1337 3794 lustri
1382 3728 1629 3813 reliqua
1680 3728 1817 3795 sine
1862 3727 2181 3793 sociorum

117 3822 250 3889 ulla
293 3823 560 3907 querela
606 3844 1077 3899 conservatam,
1131 3822 1395 3909 privatis
1440 3822 1706 3889 summis
1749 3819 1985 3885 infimis
2038 3817 2179 3883 fue-

10 3978 13 3981 .
119 3940 254 3983 ram
292 3916 638 3995 iucundus,
672 3917 1039 4004 proficisci
1021 3940 1088 3983 ιιι
1116 3914 1413 3982 Ciliciam
1445 3916 1649 3981 Nonis
1677 3913 1875 3979 Maiis
1912 3922 1996 3988 et,
2032 3932 2183 3977 cum

119 4013 328 4095 prima
371 4010 620 4077 aestiva
663 4011 1018 4098 attigissem
1059 4034 1188 4077 rem
1221 4011 1689 4093 militaremque
1724 4008 2177 4089 conlocassem,

117 4102 435 4173 decedere
481 4128 564 4173 ex
611 4117 868 4173 senatus
913 4106 1224 4173 consulto.
1315 4104 1505 4191 cupio
1548 4116 1613 4171 te
1656 4101 1931 4171 aedilem
1964 4100 2182 4169 videre
