2675 4559
536 237 1090 296 EPISTOLARUM
1122 239 1233 294 AD
1270 239 1339 304 Q.
1375 239 1753 296 FRATREM
1787 241 1834 296 1.
1869 243 1924 298 1.
2137 229 2271 296 423

194 362 656 439 simultatibus,
691 361 923 427 Asiam
956 361 1284 428 liberasti?
1328 362 1588 440 etenim,
1623 364 1680 429 si
1715 387 1884 430 unus
1920 364 2114 432 homo
2148 387 2266 432 no·-

194 457 348 524 bilis
376 457 671 542 queritur
701 456 918 542 palam
953 467 1039 533 te,
1074 455 1248 540 quod
1275 456 1575 534 edixeris,
1610 479 1695 524 ne
1728 458 1813 523 ad
1845 459 2034 525 ludos
2068 481 2266 546 pecu-

192 553 346 618 niae
374 551 893 626 denumerentur,
924 547 1069 614 HS.
1086 570 1187 614 oo,
1222 549 1346 614 sibi
1377 550 1706 636 eripuisse,
1743 562 1985 636 quanta
2009 553 2269 624 tandem

192 645 477 733 pecunia
510 641 927 730 penderetur,
962 643 1017 708 si
1052 642 1340 708 omnium
1373 644 1662 722 nomine,
1709 646 2103 730 quicumque
2136 645 2270 712 Ro-

192 761 347 806 mae
372 738 565 804 ludos
587 737 895 814 facerent,
930 735 1105 820 quod
1132 748 1269 802 erat
1292 737 1424 802 iam
1450 737 1832 816 institutum,
1861 741 2270 826 erogaretur?

196 853 601 918 quamquam
635 830 755 896 has
782 830 1077 914 querelas
1111 830 1442 896 hominum
1469 841 1834 897 nostrorum
1865 833 1977 898 illo
2004 833 2268 899 consilio

196 926 659 1015 oppressimus,
694 924 922 1010 quod
902 947 969 990 ιιι
1007 923 1173 990 Asia
1205 925 1422 992 nescio
1457 947 1738 1011 quonam
1771 925 1985 1006 modo,
2021 927 2268 994 Romae

194 1022 465 1106 quidem
506 1041 640 1086 non
686 1019 994 1085 mediocri
1040 1041 1187 1085 cum
1232 1020 1652 1087 admiratione
1692 1021 2019 1100 laudatur,
2072 1022 2268 1106 quod,

198 1137 353 1182 cum
391 1115 476 1180 ad
512 1114 825 1200 templum
859 1125 1475 1200 monumentumque
1505 1125 1800 1180 nostrum
1833 1115 2120 1182 civitates
2155 1137 2269 1202 pe-

200 1210 431 1276 cunias
467 1208 931 1286 decrevissent,
976 1229 1251 1294 cumque
1284 1209 1354 1274 id
1387 1219 1456 1275 et
1498 1231 1618 1295 pro
1650 1209 1812 1276 meis·
1843 1210 2098 1298 magnis
2131 1228 2267 1276 me-

197 1303 339 1370 ritis
378 1315 444 1370 et
476 1325 599 1390 pro
630 1304 757 1369 tuis
792 1304 1091 1370 maximis
1136 1303 1464 1370 beneficiis
1499 1326 1754 1370 summa
1786 1327 1906 1370 sua
1939 1303 2266 1370 voluntate

200 1398 525 1476 fecissent,
560 1398 1067 1482 nominatimque
1098 1399 1207 1464 lex
1240 1398 1594 1485 exciperet,
1628 1409 1704 1465 ut
1737 1399 1822 1464 ad
1855 1400 2167 1486 templum
2203 1409 2267 1465 et

199 1505 688 1558 monumentum
731 1513 963 1579 capere
1002 1493 1221 1558 liceret
1234 1541 1251 1571 ‚
1300 1513 1578 1577 cumque
1610 1493 1712 1570 id,
1758 1493 1932 1577 quod
1969 1492 2266 1570 dabatur,

201 1607 333 1652 non
368 1597 539 1652 esset
570 1585 997 1664 interiturum,
1030 1587 1149 1652 sed
1182 1587 1250 1652 in
1276 1587 1667 1652 ornamentis
1700 1585 1922 1671 templi
1955 1586 2266 1664 futurum,

200 1694 275 1748 ut
306 1701 443 1748 non
477 1681 635 1748 mihi
669 1681 883 1767 potius
929 1703 1126 1766 quam
1169 1682 1409 1767 populo
1444 1681 1738 1747 Romano
1785 1703 1862 1748 ac
1895 1681 1996 1746 dis
2029 1680 2268 1745 inmor-

201 1775 449 1842 talibus
476 1774 699 1840 datum
744 1774 1097 1853 videretur,
1133 1786 1350 1841 tamen
1383 1776 1480 1851 id,
1523 1775 1592 1840 in
1627 1795 1758 1860 quo
1794 1786 1931 1840 erat
1965 1774 2266 1861 dignitas,

202 1881 339 1936 erat
384 1870 523 1946 lex,
568 1880 706 1934 erat
744 1891 996 1948 eorum,
1040 1870 1155 1954 qui
1188 1869 1542 1979 faciebant,
1585 1869 1912 1946 voluntas,
1950 1867 2267 1954 accipien-

206 1967 363 2031 dum
398 1985 528 2030 ιιοιι
554 1965 799 2050 putavi,
836 1985 985 2030 cum
1012 1964 1153 2028 aliis
1181 1963 1263 2029 de
1288 1964 1530 2041 causis,
1566 1973 1704 2028 tum
1731 1963 1924 2030 etiam
1953 1973 2026 2028 ut
2051 1962 2264 2028 animo

205 2059 509 2144 aequiore
562 2059 804 2124 ferrent
852 2059 929 2136 ii,
981 2059 1217 2142 quibus
1268 2079 1390 2124 nec
1444 2058 1786 2123 deberetur
1843 2079 1964 2124 nec
2023 2057 2262 2125 liceret.
2375 2124 2378 2126 ,

203 2163 593 2239 quapropter
641 2152 944 2218 incumbe
988 2163 1121 2217 toto
1166 2151 1378 2217 animo
1423 2163 1489 2218 et
1531 2151 1746 2218 studio
1789 2151 1964 2217 omni
2007 2151 2076 2216 in
2121 2173 2264 2216 eam
2290 2170 2342 2212 ιι

202 2248 538 2324 rationem,
589 2268 723 2330 qua
774 2245 988 2312 adhuc
1036 2269 1194 2312 usus
1242 2269 1342 2324 es,
1395 2256 1469 2311 ut
1511 2267 1651 2324 eos,
1706 2266 1868 2330 quos
1921 2257 2072 2311 tuae
2113 2244 2268 2310 fidei
2392 2305 2396 2308 ,

202 2340 633 2428 potestatique
680 2351 941 2406 senatus
992 2338 1404 2426 populusque
1448 2339 1783 2406 Romanus
1836 2339 2152 2405 commisit
2203 2349 2268 2404 et

204 2433 503 2510 credidit,
558 2433 791 2520 diligas
843 2445 909 2499 et
960 2433 1135 2498 omni
1187 2434 1433 2498 ratione
1487 2445 1708 2500 tueare
1761 2443 1827 2499 et
1879 2455 2018 2500 esse
2071 2453 2268 2517 quam

207 2527 605 2594 beatissimos
641 2526 821 2594 velis.
876 2527 1049 2612 quod
1084 2527 1141 2592 si
1176 2537 1257 2608 te⁹
1275 2548 1414 2593 sors
1452 2526 1636 2591 Afris
1671 2537 1785 2592 aut
1815 2526 2128 2612 Hispanis
2155 2537 2266 2591 aut

208 2620 417 2688 Gallis
470 2621 910 2708 praefecisset,
971 2620 1340 2686 inmanibus
1395 2641 1472 2685 ac
1532 2619 1824 2686 barbaris
1875 2618 2264 2694 nationibus,

206 2729 423 2784 tamen
460 2727 627 2782 essct
659 2715 1072 2781 humanitatis
1108 2725 1259 2780 tuae
1295 2714 1628 2779 consulere
1663 2735 1886 2778 eorum
1915 2711 2267 2778 commodis

206 2823 269 2878 et
314 2810 580 2876 utilitati
621 2809 939 2894 salutique
985 2809 1251 2874 servire:
1308 2829 1456 2895 cum
1503 2828 1655 2872 vero
1691 2807 1752 2873 ei
1793 2806 2016 2894 generi
2059 2805 2268 2870 homi-

204 2927 362 2972 num
404 2906 791 2992 praesimus,
844 2926 975 2970 ιιοιι
1004 2903 1209 2968 -modo
1244 2903 1314 2966 in
1347 2923 1481 2986 quo
1513 2901 1656 2986 ipso
1693 2900 1804 2976 sit,
1849 2901 1965 2966 sed
1997 2900 2192 2967 etiam
2226 2923 2268 2964 a

206 3023 337 3086 quo
373 2999 459 3065 ad
494 3001 654 3066 alios
689 2999 1057 3086 pervenisse
1091 3008 1356 3084 putetur
1389 2995 1776 3072 humanitas,
1811 3006 1982 3060 certe
2014 2995 2094 3060 iis
2123 3017 2266 3060 eam

205 3092 613 3181 potissimum
648 3093 929 3159 tribuere
967 3092 1308 3168 debemus,
1345 3114 1388 3156 a
1417 3088 1654 3173 quibus
1689 3089 2084 3172 accepimus3
2135 3107 2266 3151 non
2290 3106 2342 3147 ιε

208 3188 380 3254 enim
414 3210 519 3255 me
553 3187 739 3253 hoc‘
720 3209 851 3252 iam
894 3187 1120 3252 dicere
1152 3184 1452 3271 pudebit,
1500 3181 1876 3269 praesertim
1918 3180 1988 3246 in
2023 3204 2101 3248 ea
2135 3182 2269 3246 vita

208 3293 406 3367 atque
454 3281 537 3346 iis
588 3281 781 3349 rebus
834 3280 1065 3368 gestis,
1128 3279 1196 3344 in
1250 3277 1488 3363 quibus
1540 3297 1671 3341 non
1722 3285 1933 3362 potest
1988 3274 2268 3340 residere

205 3378 475 3446 inertiae
510 3388 625 3442 aut
658 3375 937 3442 levitatis
971 3375 1107 3440 ulla
1138 3373 1430 3459 suspitio,
1463 3394 1584 3437 nos
1607 3393 1706 3448 ea,
1741 3391 1908 3456 quae
1943 3367 2268 3434 consecuti

208 3493 453 3550 sumus,
486 3471 567 3536 iis
604 3470 831 3536 studiis
860 3481 921 3535 et
959 3469 1204 3535 artibus
1232 3489 1378 3533 esse
1403 3467 1690 3553 adeptos,
1727 3484 1893 3549 quae
1921 3463 2050 3528 sint
2081 3461 2268 3528 nobis

210 3565 529 3634 Graeciae
554 3565 986 3632 monumentis
1012 3561 1492 3650 disciplinisque
1526 3559 1777 3628 tradita.
1831 3579 1964 3644 qua
1988 3579 2058 3624 re
2083 3578 2272 3644 prae-

207 3673 307 3726 ter
342 3681 752 3728 communem
784 3658 1009 3736 fidem,
1052 3677 1221 3742 quae
1254 3656 1552 3722 omnibns
1587 3653 1886 3728 debetur,
1937 3661 2272 3738 praeterea

206 3776 331 3821 nos
362 3754 474 3820 isti
506 3754 841 3820 hominnm
876 3751 1099 3840 generi
1143 3751 1490 3838 praecipue
1533 3749 1766 3816 debere
1811 3746 2129 3822 videmur,
2175 3755 2272 3822 ut,

210 3871 489 3936 quorum
532 3848 893 3936 praeceptis
928 3868 1149 3913 sumus
1184 3845 1445 3921 eruditi,
1490 3843 1665 3930 apud
1707 3863 1818 3909 eos
1851 3841 2054 3928 ipsos,
2097 3837 2272 3924 quod

211 3945 351 4011 ab
331 3943 413 4010 iis
450 3943 882 4020 didicerimus,
918 3940 1190 4008 velimus
1226 3959 1620 4050 expromere.
2307 3989 2379 4046 10

343 4041 573 4182 Atque
600 4037 709 4104 ille
746 4037 1007 4121 quidem
1040 4034 1334 4122 princeps
1369 4032 1612 4120 ingenii
1648 4043 1710 4100 et
1740 4029 2065 4098 doctrinae
2082 4029 2274 4098 Plato
2305 4061 2360 4104 ,ο
