2675 4559
424 731 449 770 1

484 197 615 264 330
1097 209 1174 264 M.
1212 207 1486 266 TULLII
1521 205 1922 264 CICERONIS

1399 379 1615 435 XXIV.

1154 481 1273 538 Ser.
1292 481 1506 537 Romae
1526 499 1575 536 a.
1596 498 1650 536 ιι.
1673 498 1722 536 c.
1743 481 1862 535 708.

1111 582 1387 640 CICERO
1425 581 1701 639 SERVIO
1739 581 1905 638 SAL.

613 703 785 771 Cum
810 716 1002 772 antea
1038 705 1373 792 capiebam
1399 727 1482 772 ex
1507 703 1721 771 officio
1745 725 1892 770 meo
1919 704 2326 790 voluptatem,
2357 705 2496 788 quod

2603 712 2606 748 ³

482 798 927 878 memineram,
963 820 1160 882 quam
1195 799 1311 864 tibi
1347 796 1686 884 diligenter
1719 797 2084 883 Lysonem,
2129 797 2423 883 hospitem
2450 809 2498 863 et
2604 801 2605 872 ξ

479 891 863 960 familiarem
886 915 1124 970 meum,
1144 893 1715 969 commendassem,
1743 903 1882 957 tum
1910 911 2087 969 vere,
2103 901 2325 977 postea
2339 911 2498 974 quam
2604 899 2605 906 ’

482 1007 563 1052 ex
594 985 821 1052 litteris
866 987 1005 1054 eius
1048 986 1321 1073 cognovi
1365 985 1483 1052 tibi
1519 1007 1667 1052 eum
1713 985 1878 1050 falso
1913 995 2286 1070 suspectum
2316 983 2496 1056 fuisse,

481 1077 1035 1148 vehementissime
1085 1080 1359 1146 laetatus
1411 1101 1554 1145 sum
1596 1100 1702 1146 me
1753 1089 1886 1144 tam
1931 1078 2365 1165 diligentem'
2347 1101 2408 1142 ιιι
2443 1097 2502 1142 eo

483 1174 987 1240 commendando
1021 1172 1247 1241 fuisse·
1283 1174 1376 1238 ita
1409 1173 1578 1240 enim
1607 1172 1859 1258 scripsit
1893 1172 1979 1238 ad
2013 1193 2144 1249 me,
2179 1170 2302 1238 sibi
2329 1193 2501 1238 meam

482 1267 1094 1334 commendationem
1136 1266 1416 1332 maximo
1473 1265 1842 1332 adiumento
1876 1266 2112 1345 fuisse,
2158 1264 2328 1350 quod
2359 1265 2429 1330 ad
2455 1276 2502 1328 te

480 1359 765 1426 delatum
798 1360 1038 1426 diceret
1080 1381 1219 1426 sese
1256 1371 1479 1426 contra
1513 1359 1892 1446 dignitatem
1936 1371 2124 1426 tuam
2170 1361 2400 1426 Romae
2439 1358 2500 1423 de

479 1464 542 1520 te
582 1453 763 1538 loqui
806 1453 1062 1520 solitum
1106 1475 1276 1532 esse3
1330 1454 1410 1520 de
1458 1475 1586 1538 quo
1631 1455 1752 1520 etsi
1801 1476 1922 1540 pro
1964 1465 2086 1520 tua
2129 1454 2418 1520 facilitate
2455 1461 2501 1516 et

477 1542 873 1614 humanitate
906 1559 1257 1634 purgatum
1292 1571 1362 1613 se
1393 1547 1510 1614 tibi
1544 1547 1764 1614 scribit
1791 1570 1952 1624 esse,
1991 1557 2214 1614 tamen
2245 1548 2498 1634 primum,

479 1652 552 1707 ut
587 1639 821 1720 debeO,
855 1643 972 1710 tibi
1008 1642 1319 1712 maximas
1355 1643 1596 1728 gratias
1631 1663 1786 1728 ago,
1823 1665 1972 1708 cum
2011 1653 2265 1710 tantum
2296 1642 2500 1708 litterae

478 1758 660 1804 meae
702 1748 1077 1824 potuerunt,
1120 1749 1193 1804 ut
1234 1738 1313 1803 iis
1354 1738 1536 1804 lectis
1569 1758 1826 1802 omnem
1859 1735 2287 1804 offensionem
2329 1735 2500 1820 suspi-

476 1831 697 1908 tionis,
758 1853 955 1917 quam
1006 1831 1323 1898 habueras
1377 1833 1458 1897 de
1511 1830 1806 1916 Lysone,
1861 1831 2252 1916 deponeres3
2309 1828 2500 1896 deinde

480 1924 703 1990 credas
744 1925 904 1991 mihi
955 1925 1315 1992 adfirmanti
1365 1924 1558 1990 velim
1607 1945 1710 1988 me
1762 1923 1887 1990 hoc
1931 1947 2070 1992 non
2119 1947 2236 2012 pro
2277 1923 2494 2010 Lysone

476 2018 685 2104 magis
720 2039 917 2102 quam
958 2040 1077 2104 pro
1111 2018 1408 2084 omnibus
1453 2016 1758 2093 scribere,
1802 2015 2138 2086 hominem
2171 2041 2306 2086 esse
2336 2014 2495 2082 nemi-

476 2133 656 2188 nem,
700 2112 813 2195 qui
847 2133 1157 2196 umquam
1191 2112 1577 2178 mentionem
1612 2111 1707 2176 tui
1743 2112 1880 2180 sine
1915 2123 2036 2179 tua
2071 2135 2315 2180 summa
2341 2107 2494 2176 laude
2607 2137 2609 2144 ·

473 2674 749 2760 unisque
782 2698 852 2742 se
894 2675 1118 2744 litteris
1153 2677 1315 2742 meis
1351 2677 1566 2743 omnia
1601 2689 2018 2744 consecutum
2063 2689 2275 2764 putet,
2317 2687 2494 2740 tamen
2609 2685 2611 2710 ²

474 2203 699 2269 fecerit
706 2229 725 2281 3
772 2204 951 2290 Lyso
988 2227 1139 2272 vero
1183 2227 1329 2270 cum
1365 2228 1618 2271 mecum
1662 2227 1860 2292 prope
1908 2207 2148 2274 cotidie
2183 2216 2342 2273 esset
2369 2225 2493 2268 una·

475 2317 601 2380 que
636 2298 898 2375 viveret,
933 2321 1064 2363 non
1100 2300 1327 2377 solum,
1364 2299 1519 2383 quia
1564 2299 1838 2366 libenter
1870 2323 1976 2366 me
2017 2302 2240 2368 audire
2273 2298 2494 2365 arbitra-

472 2389 693 2468 batur,
746 2390 859 2456 sed
904 2392 1056 2475 quia
1097 2393 1401 2458 libentius
1453 2394 1592 2479 ipse
1644 2394 2065 2478 loquebatur,
2121 2395 2328 2460 omnia
2369 2389 2492 2455 mihi

473 2495 586 2550 tua
620 2495 685 2552 et
727 2484 901 2550 facta
934 2496 999 2551 et
1043 2485 1213 2552 dicta
1256 2486 1581 2552 laudabat,
1673 2499 2068 2574 quapropter
2103 2489 2221 2554 etsi
2264 2510 2304 2552 a
2343 2498 2398 2552 te
2425 2485 2496 2549 ita

473 2589 811 2658 tractatur,
860 2591 934 2647 ιιι
975 2581 1106 2649 iam
1148 2603 1279 2648 non
1316 2582 1633 2650 desideret
1669 2583 2287 2650 commendationem
2321 2601 2494 2646 meam

476 2793 517 2834 a
548 2780 612 2836 te
646 2782 797 2856 peto
832 2772 900 2836 in
933 2771 1240 2837 maiorem
1275 2771 1560 2850 modum,
1597 2783 1672 2839 ut
1705 2794 1853 2839 eum
1885 2772 2080 2838 etiam
2117 2783 2304 2856 atque
2335 2767 2493 2834 etiam

473 2863 601 2932 tuis
652 2863 907 2943 officiis,
960 2865 1339 2932 liberalitate
1397 2867 1816 2952 conplectare.
1913 2867 2261 2933 scriberem
2309 2863 2384 2929 ad
2428 2871 2492 2932 te,

474 2957 681 3040 qualis
716 2958 815 3023 vir
848 2970 1035 3037 esset,
1073 2971 1142 3024 ut
1178 2960 1614 3046 superioribus
1645 2961 1872 3026 litteris
1899 2961 2202 3037 feceram,
2234 2959 2350 3025 nisi
2371 2975 2490 3023 eum

471 3051 604 3117 iam
636 3073 753 3139 per
786 3076 855 3119 se
889 3055 1101 3140 ipsum
1135 3055 1253 3119 tibi
1286 3055 1441 3120 satis
1479 3077 1616 3120 esse
1651 3067 1878 3120 notum
1913 3055 2269 3122 arbitrarer.

1413 3205 1600 3262 XXV.

1141 3305 1255 3362 Ser.
1274 3307 1490 3362 Romae
1511 3325 1562 3362 a.
1580 3326 1635 3363 n.
1659 3325 1706 3364 c.
1727 3309 1846 3364 708.

1099 3408 1375 3466 CICERO
1413 3408 1692 3466 SERVIO
1731 3409 1896 3466 SAL.

599 3525 1037 3610 Hagesaretus
1072 3523 1450 3602 Larisaeus,
1497 3524 1750 3612 magnis
1785 3525 1942 3590 meis
1979 3523 2298 3591 beneficiis
2329 3539 2483 3584 orna·-

472 3631 577 3686 tus
610 3618 678 3684 in
702 3619 1037 3684 consulatu
1064 3639 1228 3694 mee,
1264 3639 1510 3684 memor
1535 3629 1602 3684 et
1637 3629 1860 3705 gratus
1894 3618 2019 3684 fuit
2043 3639 2272 3701 meque
2293 3621 2484 3701 postea

469 3711 951 3799 diligentissime
994 3711 1217 3778 coluit.
1264 3734 1416 3777 eum
1459 3711 1576 3779 tibi
1610 3733 1848 3799 magno
1883 3734 2074 3800 opere
2121 3704 2475 3778 commendo,

467 3817 539 3871 ιιι
575 3817 641 3872 et.
677 3805 991 3892 hospitem
1026 3815 1092 3871 et
1132 3803 1514 3874 familiarem
1549 3827 1766 3874 meum
1801 3818 1868 3873 et
1909 3819 2163 3894 gratum
2196 3802 2475 3898 hominem

467 3911 531 3965 et
562 3899 775 3964 virum
810 3901 1051 3968 bonum
1084 3909 1148 3965 et
1180 3899 1533 3988 principem
1560 3900 1834 3968 civitatis
1869 3925 2026 3968 suae
2059 3911 2121 3968 et
2154 3909 2260 3966 tua
2289 3890 2474 3961 neceb-

466 3989 759 4057 situdine
782 3993 1243 4080 dignissimum.
1297 4007 1672 4082 pergratum
1707 3995 1864 4062 mihi
1897 3995 2140 4074 feceris,
2175 3993 2228 4059 si
2261 3983 2472 4055 dederis

2606 3321 2611 3622 1
