2675 4559
696 190 1251 248 EPISTOLARUM
1283 191 1449 247 xm.
1488 193 1710 248 17—19.
1845 269 1848 272 ι
2107 181 2235 248 327

1130 311 1294 366 XIX.

857 404 975 461 Scr.
993 405 1208 461 Romae
1227 423 1279 460 a.
1297 422 1353 460 u.
1373 423 1422 460 c.
1445 407 1565 461 708.

816 497 1091 585 ΟΙῼΕΒΟ
1130 496 1406 556 SERVIO
1444 498 1608 554 SAL.

312 593 486 662 Cum
514 597 778 683 Lysone
804 595 1103 662 Patrensi
1138 606 1235 661 est
1267 596 1425 660 mihi
1453 596 1715 681 quidem
1748 596 2094 686 hospitium
2128 623 2238 666 ve-
2273 621 2296 660 1

61 751 66 777 ὶ
180 703 305 769 tus,
341 711 540 776 quam
568 711 692 777 ego
718 689 1253 757 necessitudinem
1280 701 1499 756 sancte
1527 690 1858 757 colendam
1892 704 2070 778 puto.
2123 695 2238 760 sed

59 786 64 814 ³
178 808 258 852 ea
310 807 511 851 causa
560 797 648 850 est
700 784 893 850 etiam
946 806 1094 849 cum
1146 785 1287 849 aliis
1340 779 1753 871 conpluribus
1766 833 1785 863 ,
1837 787 2237 854 familiaritas

57 933 60 942 .
178 889 360 943 tanta
393 878 571 943 nullo
607 899 754 942 cum
797 877 1046 963 hospite
1058 903 1076 956 3
1124 889 1190 944 et
1234 901 1312 944 ea
1359 900 1505 944 cum
1539 877 1769 944 officiis
1815 880 1952 945 eius
1996 882 2236 959 multis,

57 964 58 976 ¹
176 985 317 1037 tum
354 972 552 1038 etiam
588 970 1045 1037 consuetudine
1082 972 1401 1038 cotidiana
1447 972 1538 1038 sic
1573 983 1671 1038 est
1705 977 1923 1058 aucta,
1966 984 2038 1038 ut
2079 975 2238 1039 nihil

175 1067 259 1132 sit
302 1065 742 1131 familiaritate
782 1075 1001 1130 nostra
1045 1065 1465 1131 coniunctius.
1552 1066 1608 1131 is
1653 1088 1799 1132 cum
1835 1068 2079 1136 Romae
2125 1090 2238 1131 an-

174 1183 335 1225 num
371 1181 572 1246 prope
605 1159 698 1224 ita
732 1159 987 1235 fuisset,
1031 1171 1102 1224 ut
1135 1182 1390 1226 mecum
1425 1160 1705 1238 viveret,·
1726 1162 1844 1227 etsi
1881 1184 2133 1228 eramus
2166 1162 2238 1226 in

174 1276 421 1340 magna
454 1276 568 1339 spe
603 1264 666 1318 te
701 1253 861 1320 meis
901 1253 1126 1318 litteris
1163 1255 1839 1339 commendationeque
1886 1255 2239 1342 diligentis-

175 1349 338 1412 sime
375 1347 699 1412 facturum
742 1347 840 1425 id,
895 1346 1068 1432 quod
1102 1347 1342 1424 fecisti,
1395 1358 1470 1413 ut
1504 1347 1642 1414 eius
1676 1371 1815 1414 rem
1850 1359 1915 1414 et
1947 1349 2236 1414 fortunas

174 1439 464 1506 absentis
500 1451 781 1518 tuerere,
841 1451 1087 1518 tamen,
1141 1433 1316 1525 quod
1362 1441 1431 1505 in
1473 1441 1664 1506 unius
1709 1453 2022 1528 potestate
2057 1453 2239 1508 erant

173 1534 397 1600 omnia
451 1544 516 1600 et
568 1534 739 1618 quod
782 1533 962 1619 Lyso
1013 1534 1226 1599 fuerat
1266 1533 1335 1597 in
1379 1546 1598 1599 nostra
1641 1556 1835 1600 causa
1876 1536 2236 1619 nostrisque

171 1627 543 1714 praesidiis,
596 1627 826 1694 cotidie
881 1627 1122 1711 aliquid
1173 1626 1577 1693 timebamus.
1667 1628 1970 1694 effectum
2021 1640 2237 1694 tamen

173 1733 267 1788 est
307 1732 377 1787 et
410 1721 607 1806 ipsius
642 1720 978 1807 splendore
1016 1731 1080 1785 et
1113 1732 1331 1786 nostro
1359 1722 1877 1806 reliquorumque
1911 1721 2236 1806 hospitum
2309 1763 2316 1771 ·

173 1816 425 1893 stadie,
470 1826 542 1880 ut
575 1815 818 1893 omnia,
853 1835 1018 1898 quae
1054 1815 1393 1892 vellemus,
1430 1838 1470 1879 a
1505 1811 1784 1880 Caesare
1820 1815 2236 1901 impetraren-

171 1921 308 1986 tur3
369 1909 542 1993 quod
592 1908 926 1995 intelleges
970 1931 1051 1974 ex
1102 1908 1179 1972 iis
1222 1909 1477 1985 litteris,
1532 1929 1692 1993 quas
1741 1905 1982 1976 Caesar
2035 1908 2120 1973 ad
2169 1920 2235 1975 te

175 2003 375 2068 dedit.
462 2024 633 2067 nunc
683 2024 812 2067 non
866 1998 1054 2066 modo
1095 2023 1228 2067 non
1269 2001 1650 2066 remittimus
1704 2001 1820 2067 tibi
1867 2002 2110 2087 aliquid
2142 2025 2236 2068 ‚ex
2269 2024 2296 2064 ι

172 2107 398 2160 nostra
442 2095 1016 2172 commendatione,
1070 2095 1254 2180 quasi
1290 2095 1505 2181 adepti
1549 2095 1678 2160 iam
1716 2096 1958 2173 omnia,
2006 2095 2120 2162 sed
2157 2118 2234 2161 eo

173 2189 617 2254 vehementius
654 2212 695 2254 a
728 2201 792 2255 te
828 2188 1287 2267 contendimus,
1322 2200 1396 2254 ut
1427 2188 1760 2274 Lysonem
1792 2189 1860 2254 in
1893 2189 2086 2255 fidem
2120 2212 2234 2254 ne-

176 2283 759 2368 cessitudinemque
786 2296 965 2349 tuam
988 2284 1291 2371 recipias:
1330 2283 1513 2348 cuius
1541 2283 1740 2349 dubia
1773 2283 2033 2349 fort'u'na
2066 2283 2236 2348 timi-

173 2379 322 2443 dius
370 2388 585 2443 tecum
628 2378 1007 2464 agebamus,
1060 2389 1353 2444 verentes
1397 2401 1480 2443 ne
1523 2378 1682 2463 quid
1737 2379 2054 2447 accideret
2099 2379 2234 2444 eius

170 2471 384 2549 modi,
437 2481 512 2535 ut
560 2494 642 2536 ne
694 2482 765 2536 tu
811 2471 1070 2555 quidem
1112 2471 1356 2537 mederi
1398 2494 1651 2557 posses3
1705 2473 2038 2559 explorata
2082 2493 2234 2538 vero

172 2567 313 2630 eius
377 2565 841 2642 incolumitate,
906 2564 1118 2629 omnia
1170 2588 1209 2629 a
1261 2576 1324 2631 te
1387 2565 1599 2630 studio
1663 2587 1913 2630 summo
1967 2586 2236 2652 curaque

170 2673 350 2747 peto.
440 2678 606 2743 quae
657 2682 741 2724 ne
794 2660 1048 2745 singula
1098 2674 1497 2735 enumerem,
1552 2670 1752 2724 totam
1802 2658 1922 2722 tibi
1973 2659 2235 2723 domum

172 2753 578 2829 commend0,
602 2752 670 2818 in
694 2753 795 2817 his
820 2753 1291 2818 adulescentem
1319 2751 1524 2818 filium
1548 2753 1708 2829 eius,
1736 2771 1929 2834 quem
1950 2747 2027 2815 O.
2046 2751 2234 2816 Mae-

171 2847 323 2912 nius
354 2844 708 2925 Gemellus,
746 2847 940 2912 cliens
976 2870 1177 2922 meus,
1215 2867 1364 2910 cum
1396 2846 1464 2911 in
1499 2844 1858 2910 calamitate
1897 2844 2101 2911 exsilii
2135 2844 2236 2908 sui

173 2940 511 3006 Patrensis
547 2941 702 3006 civis
739 2940 947 3007 factus
983 2952 1181 3018 esset,
1224 2939 1636 3006 Patrensium
1679 2938 1933 3024 legibus
1969 2939 2234 3025 adopta-

174 3033 299 3112 vit,
367 3045 442 3099 ut
492 3034 628 3100 eius
688 3035 889 3122 ipsius
952 3034 1321 3099 hereditatis
1383 3034 1486 3100 ius
1540 3053 1928 3116 causamque
1991 3044 2230 3098 tueare.

178 3139 377 3215 caput
410 3128 568 3194 illud
604 3141 727 3207 est,
772 3141 845 3193 ut
878 3128 1234 3238 Lysonem,
1279 3149 1475 3212 quem
1509 3147 1632 3212 ego
1675 3126 1886 3190 virum
1920 3126 2234 3211 optimum
2266 3149 2291 3189 s

176 3221 741 3308 gratissimumque
760 3224 1054 3310 cognovi,
1081 3222 1351 3309 recipias
1376 3222 1446 3286 in
1463 3219 1999 3288 necessitudinem
2025 3231 2233 3296 tuam3

178 3315 359 3399 quod
393 3317 450 3381 si
482 3317 740 3393 feceris,
782 3338 915 3382 non
950 3316 1171 3381 dubito
1207 3316 1365 3401 quin
1397 3315 1466 3379 in
1500 3335 1578 3380 eo
1613 3313 1940 3400 diligendo
1977 3314 2234 3387 ceteris-

178 3433 308 3494 que
344 3405 569 3497 postea
602 3411 1107 3477 commendando
1140 3410 1340 3487 idem,
1390 3409 1561 3493 quod
1597 3429 1748 3493 ege,
1794 3407 1881 3472 sis
1914 3407 2136 3472 iudicii
2171 3417 2235 3472 et

178 3504 527 3570 voluntatis
562 3505 916 3572 habiturus.
979 3504 1152 3588 quod
1186 3525 1335 3571 cum
1370 3502 1508 3568 fieri
1541 3502 1951 3567 vehementer
1985 3500 2234 3578 studeo,

180 3609 322 3662 tum
355 3599 550 3664 etiam
583 3599 742 3665 illud
776 3620 1030 3676 vereor,
1074 3620 1184 3675 ne,
1230 3597 1285 3662 si
1328 3597 1542 3661 minus
1577 3596 1895 3661 cumulate
1931 3593 2234 3661 videbere

181 3691 413 3760 fecisse
448 3694 692 3779 aliquid
725 3694 861 3759 eius
898 3715 1121 3769 causa,
1164 3713 1269 3757 me
1311 3691 1419 3756 ille
1452 3690 1867 3776 neglegenter
1910 3688 2235 3774 scripsisse

183 3797 385 3872 putet,
418 3809 551 3853 non
583 3799 648 3855 te
682 3788 951 3853 oblitum
988 3787 1143 3863 mei3
1180 3785 1403 3869 quanti
1437 3783 1606 3852 enim
1625 3805 1744 3850 me
1777 3782 2051 3858 faceres,
2088 3803 2236 3847 cum

188 3904 268 3946 ex
320 3882 719 3949 sermonibus
770 3882 1103 3948 cotidianis
1155 3881 1344 3958 meis,
1396 3891 1534 3946 tum
1579 3901 1660 3945 ex
1713 3878 1991 3964 epistolis
2045 3876 2237 3945 etiam

187 3977 311 4041 tuis
346 3977 556 4064 potuit
589 3997 1001 4063 cognoscere.-
