2675 4559
512 281 633 345 IOU
1119 287 1196 341 M.
1235 284 1509 342 TULLII
1544 280 1943 339 CICERONIS

505 435 832 501 sslztugnm
882 412 937 478 si
971 410 1129 476 mihi
1163 407 1659 495 supplicationes
1695 428 1825 470 non
1860 404 2309 482 decernuntur,
2349 404 2513 490 longe

505 513 625 573 alia
665 506 1030 573 condicione
1067 526 1190 591 ego
1226 525 1373 569 sum
1406 523 1485 569 ac
1518 500 1712 569 ceteri
1746 500 2181 586 imperatores.

1446 747 1522 803 X.
1541 748 1599 803 b.

839 852 957 909 Ser.
977 852 1241 909 Naronae
1260 850 1438 907 Nonis
1454 848 1865 907 Decembribus
1884 864 1936 902 a.
1953 863 2009 901 u.
2031 862 2081 901 c.
2101 846 2219 902 709.

637 981 689 1041 Ε
693 999 778 1062 go
813 986 960 1062 post
1006 972 1500 1061 supplicationes
1535 971 1693 1035 mihi
1726 970 2014 1035 decretas
2059 968 2130 1033 in
2162 966 2508 1033 Dalmatiam

505 1073 828 1157 Jtnrufssstus
853 1092 997 1135 sum
1006 1094 1027 1148 3
1057 1091 1170 1135 sex
1197 1067 1434 1154 oppida
1459 1066 1522 1131 vi
1550 1062 1984 1152 oppugnando
2012 1062 2155 1149 cepi
2181 1092 2218 1130 a·
2235 1091 2271 1130 s
2288 1091 2323 1130 κ-
2346 1082 2507 1125 unum

505 1169 645 1235 lum„
677 1164 849 1249 quod
877 1174 1015 1229 erat
1038 1161 1413 1237 maximum,
1441 1170 1670 1243 quater
1692 1181 1732 1224 a
1760 1178 1863 1223 me
1887 1156 2022 1221 iam
2048 1166 2328 1241 captum3
2361 1162 2507 1238 quat-

509 1281 649 1321 mm·
685 1258 852 1322 enim
885 1254 1076 1320 turris
1111 1264 1176 1319 et
1210 1265 1513 1338 quattuor
1547 1274 1763 1317 muros
1799 1250 1942 1337 cepi
1977 1261 2045 1315 et
2086 1272 2296 1316 arcem
2328 1267 2505 1312 eorum

505 1369 721 1425 tntum,
759 1372 839 1415 ex
874 1371 1005 1433 qua
1037 1370 1141 1413 me
1175 1348 1375 1424 nives,
1411 1347 1683 1432 frigora,
1718 1344 1955 1411 imbres
1991 1344 2406 1418 detruserunt3
2433 1338 2508 1403 in-

505 1449 850 1529 digneque,
901 1444 992 1507 mi
1038 1440 1297 1521 Oicem,
1353 1442 1660 1529 oppidum
1706 1452 1964 1526 captum
2009 1451 2076 1505 et
2120 1440 2349 1505 bellum
2388 1457 2507 1500 oon-

505 1545 741 1605 ssstun]
776 1537 1136 1621 relinquere
1171 1559 1317 1602 sum
1352 1546 1631 1601 coactus.
1723 1555 1851 1622 qua
1884 1557 1956 1599 re
1992 1544 2057 1601 te
2091 1538 2268 1619 rogo,
2301 1531 2350 1595 si
2382 1548 2507 1612 opus

505 1637 649 1705 sris,
705 1632 787 1697 sd
841 1628 1188 1697 Caesarem
1247 1652 1463 1697 meam
1514 1652 1776 1696 causam
1827 1650 1986 1715 agas
2039 1648 2267 1712 meque
2315 1622 2415 1689 tibi
2456 1619 2507 1683 in

509 1729 709 1789 amnis
745 1726 942 1811 partis
979 1725 1455 1791 defendendum
1488 1734 1673 1811 putes
1686 1771 1705 1801 ,
1750 1723 1873 1788 hoc
1908 1722 2277 1789 existimans
2288 1766 2305 1797 ,
2344 1713 2508 1781 nemi-

505 1845 649 1885 uem
701 1835 761 1885 te
805 1820 900 1884 tui
935 1820 1353 1885 amantiorem
1397 1818 1655 1883 habere.
1742 1818 1905 1883 vale.
1999 1815 2151 1880 data
2182 1811 2371 1879 Nonis
2401 1808 2508 1872 De·
2605 1827 2610 1839 ‘¹

509 1915 888 1990 seminibus,
924 1913 1205 1977 Narona.

1477 2068 1582 2123 XI.

1173 2170 1290 2226 Scr.
1309 2170 1527 2225 Romae
1546 2186 1595 2224 a.
1616 2188 1671 2224 u.
1691 2188 1738 2225 c.
1762 2170 1879 2225 709.

1006 2272 1082 2327 Μ.
1120 2267 1395 2327 CICERO
1431 2271 1759 2329 VATINIO
1794 2271 1952 2326 ΙΜΡ.
1995 2271 2055 2329 S.

637 2381 838 2443 Grata
899 2377 1018 2441 tibi
1087 2400 1233 2442 mea
1301 2398 1441 2443 esse
1472 2425 1478 2428 v
1506 2377 1720 2443 officia
1788 2398 1918 2442 non
1986 2377 2210 2452 miror3
2278 2364 2503 2456 cognovi
2609 2394 2610 2434 3

505 2473 669 2537 enim
725 2483 788 2537 te
839 2470 1274 2557 gratissimum
1326 2471 1641 2548 omnium,
1692 2471 1888 2555 idque
1941 2489 2290 2553 numquam
2334 2457 2504 2527 destiti
2609 2488 2610 2522 ι

501 2569 898 2649 praedicar&
957 2586 1080 2630 nec
1131 2565 1302 2629 enim
1356 2576 1428 2629 tu
1478 2564 1636 2628 mihi
1685 2564 1967 2629 habuisti
2018 2564 2207 2628 modo
2256 2556 2502 2646 gratiam,
2608 2582 2611 2618 ³

505 2685 653 2721 vffru
665 2685 725 2721 111
779 2659 970 2723 etiam
1015 2657 1516 2724 cumulatissime
1557 2658 1885 2723 rettulisti:
1939 2679 2136 2741 quam
2178 2655 2259 2719 ob
2299 2671 2417 2717 rem
2452 2649 2503 2708 ’ἰπ
2609 2655 2610 2713 l

509 2753 760 2837 reliquis
814 2753 940 2817 tuis
983 2753 1177 2818 rebus
1220 2752 1517 2817 omnibus
1569 2752 1709 2837 pari
1760 2773 1865 2816 me
1918 2752 2149 2817 studio·
2172 2770 2317 2835 erga
2362 2757 2413 2807 te
2454 2746 2499 2801 et
2609 2772 2610 2802 1

505 2849 725 2909 sauls-m
761 2848 1086 2911 voluntate
1121 2868 1489 2931 cognosces.
1578 2846 1752 2929 quod
1785 2846 1943 2909 mihi
1978 2846 2277 2911 feminam
2309 2836 2503 2925 prima·
2608 2866 2611 2901 ι

505 2945 657 3001 riam
673 2989 689 3013 ἲ
725 2940 1134 3025 Pompeiam,
1168 2960 1436 3005 uxorem
1470 2951 1679 3015 tuam,
1721 2941 2163 3017 commendas,
2198 2957 2334 3003 cum
2366 2930 2502 2997 Sura
2605 2971 2610 3004 u

503 3049 717 3097 nostru
761 3033 975 3097 statim
1019 3033 1144 3100 tuis
1188 3034 1415 3098 litteris
1458 3033 1640 3099 lectis
1674 3034 1927 3099 locutus
1963 3056 2138 3110 sum,
2182 3041 2252 3095 ut
2284 3028 2337 3093 ei
2375 3018 2501 3087 meis
2608 3053 2610 3084 τ

509 3129 713 3189 vsrhis
749 3125 1004 3204 diceret,
1041 3139 1134 3205 ut,
1170 3126 1481 3212 quicquid
1507 3149 1669 3213 opus
1704 3139 1893 3203 esset,
1930 3127 2088 3192 mihi
2122 3118 2500 3191 denuntiares
2608 3142 2611 3150 ·

503 3245 601 3285 ms
641 3221 879 3300 omnia,
914 3243 1082 3305 quae
1096 3225 1214 3303 [ea]
1230 3222 1451 3299 vellet,
1497 3242 1748 3286 summo
1784 3220 1995 3286 studio
2031 3236 2302 3301 curaque
2334 3210 2501 3275 factu·
2609 3239 2610 3272 ;

501 3341 641 3377 rum
661 3341 673 3377 :2
709 3317 924 3400 itaque
957 3315 1193 3381 faciam
1229 3336 1522 3399 eamque,
1559 3315 1613 3379 si
1650 3336 1811 3401 opus
1848 3307 1988 3381 esse
2024 3311 2359 3382 videbitur,
2390 3302 2499 3385 ipse
2609 3325 2610 3364 ῑ

501 3409 892 3474 ιτη-,ηιᾙῑῑίαω
980 3421 1054 3474 tu
1098 3420 1314 3475 tamen
1349 3410 1411 3474 ei
1454 3408 1646 3474 velim
1691 3409 1962 3485 scribas,
2012 3418 2085 3474 ut
2128 3404 2355 3471 nullam
2392 3411 2499 3459 rem
2609 3419 2610 3424 ¹

501 3525 709 3581 nsque
745 3515 876 3565 tam
909 3525 1214 3588 magnam
1247 3524 1456 3586 neque
1491 3513 1624 3567 tam
1657 3525 1924 3588 parvam
1957 3511 2155 3588 p'utet,
2189 3515 2345 3581 quae
2374 3480 2497 3560 mihi

501 3613 609 3657 :rut
649 3593 920 3659 ‹fiffioilis
957 3607 1070 3660 aut
1102 3618 1331 3680 parum
1366 3619 1469 3662 me
1506 3596 1703 3681 digna
1738 3596 2059 3661 videatur:
2103 3588 2334 3663 omnia,
2364 3596 2496 3683 (luffe

505 3693 561 3753 in
601 3689 725 3753 tuis
759 3687 952 3753 rebus
989 3712 1209 3775 agam,
1247 3700 1311 3755 et
1346 3712 1478 3755 non
1510 3689 1830 3755 laboriosa
1864 3689 2020 3755 mihi
2054 3702 2118 3754 et
2150 3688 2395 3751 honesta
2423 3692 2499 3734 vl·

442 3815 444 3817 ·
505 3785 833 3846 ciebantur.
942 3781 1022 3848 de
1066 3782 1413 3867 Dionysi0,
1467 3784 1521 3849 si
1564 3806 1669 3849 me
1723 3789 1928 3859 amas,
1992 3780 2251 3848 confice:
2310 3782 2500 3855 quam-

501 3897 771 3957 cumque
823 3876 884 3941 ei
935 3876 1128 3942 fidem
1179 3876 1460 3955 dederis,
1515 3878 1854 3963 praestabo
1864 3902 1885 3956 3
1938 3879 1993 3943 si
2036 3894 2184 3941 vero
2232 3860 2495 3951 inprobus

501 3973 713 4045 suffit,
749 3982 820 4035 ut
855 3983 978 4049 est,
1025 3972 1222 4037 duces
1257 3994 1407 4037 eum
1448 3968 1835 4059 [captivum]
1872 3972 1939 4036 in
1976 3964 2301 4052 triumpho.
2363 3947 2496 4019 Del·

501 4065 681 4125 ium-is
741 4064 803 4127 di
854 4066 1020 4133 male
1071 4066 1340 4146 faciant,
1393 4066 1505 4151 qui
1559 4066 1677 4132 tibi
1727 4068 1977 4133 molesti
2028 4060 2200 4131 sunt!
2266 4050 2391 4125 sed,
2434 4048 2495 4104 Ut
