2675 4559
2181 0 2248 44 -‘L‘
2295 0 2498 54 RQ*

445 227 525 291 56
1057 236 1138 290 Μ.
1175 233 1451 291 TULLII
1486 229 1889 289 CICERONIS

445 367 761 447 prinsipes
797 359 882 426 ad
906 381 1010 424 me
1041 357 1408 424 detulerunt
1442 365 1737 442 sumptus
1764 354 2021 422 decerni
2054 354 2282 441 legatis
2318 355 2524 419 nimis

385 479 405 519 s
449 483 713 539 [stagnus
729 503 745 532 ,
799 476 946 520 cum
1001 452 1308 517 solvendo
1364 451 1653 517 civitates
1704 471 1835 514 non
1888 459 2121 515 essent.
2225 449 2333 515 hic
2384 472 2525 535 ego

445 539 645 615 multa
698 550 889 615 simul
939 547 1240 633 cogitavi.
1328 545 1608 632 primum
1652 555 1715 610 te
1758 544 2081 611 hominem
2123 566 2256 610 non
2300 544 2526 610 solum

445 673 505 711 su
517 651 824 731 pituitam,
878 664 1106 708 verum
1152 641 1374 717 etiam,
1428 649 1504 705 ut
1545 660 1719 704 nunc
1762 638 2112 723 loquimur,
2165 637 2522 716 urbanum,

445 767 565 807 mm
625 736 981 803 arbitrabar
1019 755 1259 823 genere
1301 735 1425 799 isto
1476 733 1873 820 legationum
1924 731 2256 811 delectari,
2310 732 2521 817 idque

446 863 545 899 sne.
585 835 855 899 arbitror
891 830 1218 917 Synnadis
1262 850 1380 915 pro
1426 827 1730 893 tribunali
1773 827 1989 892 multis
2036 827 2250 893 verbis
2286 826 2522 913 dispu-

445 931 705 991 tavisse:
753 926 1065 1013 primum,
1111 925 1242 1011 Ap.
1282 920 1630 988 Claudium
1676 922 1927 988 senatui
1970 923 2339 1009 populoque
2375 922 2523 988 Ro-

445 1047 653 1095 τιιειιωΨ
693 1043 821 1087 non
847 1018 1324 1085 Midaeensium
1356 1016 1715 1084 testimonio
1733 1053 1820 1063 -—
1843 1017 1912 1082 in
1948 1039 2026 1082 ea
2052 1016 2225 1082 enim
2251 1017 2519 1083 civitate

445 1119 677 1179 ruffi-[tiu
713 1119 881 1180 facta
907 1126 1004 1179 est
1020 1150 1126 1191 ——‚
1163 1114 1280 1178 sed
1310 1135 1430 1177 sua
1457 1122 1681 1198 sponte
1709 1134 1848 1178 esse
1876 1111 2235 1189 laudatum3
2272 1111 2514 1177 deinde

447 1235 541 1275 ms
585 1215 669 1271 ita
701 1205 936 1274 'vidisse
966 1207 1253 1273 accidere
1288 1205 1526 1282 multis,
1562 1216 1637 1270 ut
1670 1227 1892 1271 eorum
1920 1226 2116 1271 causa
2148 1206 2515 1292 legationes

445 1307 717 1367 Humum
771 1302 1092 1379 venirent,
1153 1300 1270 1365 sed
1322 1299 1423 1364 his
1473 1300 1900 1386 legationibus
1956 1321 2088 1364 non
2138 1299 2517 1366 meminisse

445 1403 642 1459 ulium
673 1411 924 1482 tempus
951 1394 1259 1460 laudandi
1284 1404 1398 1459 aut
1420 1394 1636 1459 locum
1662 1394 1828 1472 dari3
1860 1393 2073 1459 studia
2098 1394 2256 1485 mihi
2281 1416 2515 1459 eorum

445 1495 725 1575 plaeere,
769 1490 943 1573 quod
987 1490 1053 1554 in
1099 1499 1161 1555 te
1205 1489 1371 1554 bene
1406 1489 1633 1554 merito
1667 1489 1837 1575 grati
1882 1499 2122 1566 essent,
2167 1489 2515 1554 consilium

449 1599 525 1650 nn
541 1611 645 1647 mn
693 1584 893 1648 videri
938 1582 1197 1649 minime
1242 1584 1703 1661 necessarium3
1760 1582 1816 1648 si
1854 1593 2068 1648 autem
2111 1583 2351 1648 vellent
2396 1583 2515 1648 de-

445 1683 681 1743 *xlm-are.
729 1679 794 1743 in
829 1700 906 1744 eo
943 1678 1228 1743 officium
1262 1700 1486 1755 suum,
1531 1678 1940 1742 laudaturum
1978 1699 2111 1755 me,
2147 1677 2203 1742 si
2238 1677 2354 1760 qui
2389 1700 2512 1741 suo

445 1791 701 1859 sumptu
745 1773 1005 1838 functus
1053 1783 1221 1838 esset
1256 1772 1497 1849 officim
1552 1793 2032 1848 concessurum,
2086 1771 2145 1836 si·
2184 1771 2479 1857 legitimo
2491 1796 2509 1848 3

443 1891 565 1931 nnn
633 1868 1119 1951 permissurum,
1185 1867 1240 1931 si
1299 1866 1565 1931 infinito.
1672 1866 1827 1950 quid
1890 1866 2061 1932 enim
2121 1865 2512 1952 reprehendi

445 1967 685 2047 factust?
737 1962 860 2025 nisi
905 1961 1079 2045 quod
1124 1960 1306 2025 addis
1353 1960 1563 2026 visum
1593 1982 1749 2025 esse
1794 1960 2178 2043 quibusdam
2223 1959 2511 2025 edictum

445 2083 653 2123 mcum
721 2054 904 2139 quasi
957 2054 1245 2119 consulto
1299 2053 1385 2119 ad
1444 2054 1599 2119 istas
1650 2055 2001 2140 legationes
2063 2054 2510 2140 impediendas

445 2175 577 2215 sess
631 2148 1200 2212 accommodatum.
1288 2147 1419 2212 iam
1451 2169 1584 2212 non
1629 2158 1761 2213 tam
1802 2147 1961 2212 mihi
1996 2148 2292 2213 videntur
2338 2149 2511 2213 iniu-

441 2247 597 2307 rium
637 2243 846 2307 faeere
880 2241 953 2317 ii,
1007 2242 1120 2325 qui
1155 2242 1316 2307 haec
1353 2242 1709 2329 disputant,
1762 2264 1959 2327 quam
1994 2243 2049 2307 si
2095 2243 2276 2308 cuius
2314 2266 2509 2309 aures

380 2362 403 2395 4
441 2339 521 2399 ‚ad
561 2339 725 2399 haim
754 2335 1247 2423 disputationem
1280 2348 1522 2422 patent.
1577 2337 1825 2403 Romae
1851 2337 2156 2423 conposui
2191 2338 2505 2414 edictum3

441 2435 593 2495 nihil
625 2430 839 2495 addidi
865 2430 989 2496 nisi
1016 2432 1192 2515 quod
1218 2432 1548 2518 publicani
1574 2454 1678 2498 me
1703 2442 2031 2518 rogarunt,
2058 2454 2208 2496 cum
2230 2431 2505 2497 Samum

441 2527 521 2591 ad
557 2551 657 2591 mn
709 2525 1027 2591 venissent
1040 2573 1059 2604 ,
1106 2536 1180 2590 ut
1225 2526 1304 2591 de
1343 2538 1453 2591 tuo
1491 2526 1699 2593 edicto
1744 2525 2011 2591 totidem
2046 2525 2257 2591 verbis
2295 2535 2505 2591 trans-

441 2623 669 2683 ferrem
705 2620 772 2685 in
805 2642 1041 2687 meum.
1098 2620 1583 2707 diligentissime
1618 2621 1924 2707 scriptum
1953 2631 2145 2706 caput
2170 2631 2288 2698 est,
2325 2622 2505 2705 quod

437 2719 709 2799 pertinet
745 2715 825 2779 ad
871 2715 1252 2781 minuendos
1289 2726 1585 2801 sumptus
1622 2715 1981 2793 civitatum,
2018 2736 2147 2799 quo
2182 2715 2251 2779 in
2287 2715 2501 2801 capite

441 2827 581 2871 suut
641 2809 959 2891 quaedam
1010 2831 1208 2887 nova,
1273 2811 1579 2875 salutaria
1631 2810 2024 2888 civitatibus,
2068 2810 2323 2895 vquibus
2378 2834 2501 2898 ego

437 2927 673 2987 magns
717 2925 908 2987 opere
961 2903 1274 2981 delector3
1328 2903 1453 2969 hoc
1496 2926 1677 2982 vei-0,
1734 2928 1813 2971 ex
1860 2927 1987 2989 quo
2036 2905 2304 2992 suspitio
2349 2918 2504 2970 nata

437 3011 529 3059 est
581 3023 677 3059 rus
729 2997 1078 3079 exquisisse
1114 2998 1386 3081 aliquid,
1438 2997 1507 3063 in
1552 3021 1681 3083 quo
1727 3010 1790 3066 te
1836 2999 2254 3077 offenderem,
2309 3002 2502 3066 trala-

437 3093 653 3151 ticium
697 3101 810 3155 est.
883 3112 1092 3175 neque
1137 3092 1308 3157 enim
1344 3115 1518 3159 eram
1556 3105 1686 3159 tam
1730 3094 2070 3179 desipiens,
2107 3105 2179 3159 ut
2213 3095 2501 3179 privatae

434 3187 525 3247 τρὶ
565 3211 756 3251 mulsa
801 3186 1004 3273 legari
1047 3197 1373 3272 putarem,
1421 3189 1532 3272 qui
1568 3199 1631 3254 et
1676 3189 1793 3254 tibi
1825 3211 1956 3254 non
1990 3188 2239 3275 privato
2275 3200 2341 3253 et
2384 3212 2501 3274 pro

437 3307 501 3343 ro
541 3307 665 3343 lum
701 3280 951 3367 privata
984 3305 1133 3359 sua,
1188 3283 1303 3349 sed
1339 3283 1627 3369 publica,
1680 3305 1811 3348 non
1846 3283 1913 3347 in
1948 3283 2226 3368 privam,
2282 3283 2397 3348 sed
2432 3284 2499 3347 in

437 3379 689 3455 μιήςιῑίτῑτιῑι
721 3375 889 3442 urbis
925 3387 1131 3442 terrae
1158 3378 1442 3454 consili0,
1478 3376 1581 3464 [id
1608 3388 1705 3443 est
1738 3377 1806 3441 in
1836 3374 2111 3463 senatu,]
2152 3388 2226 3442 ut
2258 3379 2499 3464 gratias

437 3483 729 3551 agerent,
779 3469 1227 3535 mittebantur:
1282 3492 1492 3554 neque
1538 3492 1684 3536 cum
1731 3470 1902 3535 edixi
1935 3493 2018 3535 ne
2063 3471 2206 3556 quis
2250 3472 2500 3536 iniussu

433 3583 573 3623 mum
613 3561 1146 3647 proficisceretur,
1194 3564 1437 3630 exclusi
1472 3587 1582 3629 eos
1600 3613 1619 3642 ,
1654 3564 1766 3649 qui
1800 3588 1904 3631 me
1938 3567 2005 3630 in
2043 3578 2252 3632 castra
2286 3577 2353 3631 et
2387 3567 2500 3650 qui

437 3675 605 3719 trans
645 3659 930 3720 Taurum
963 3658 1263 3743 persequi
1294 3680 1427 3723 non
1463 3669 1742 3744 possent.
1798 3682 1947 3725 nam
1982 3660 2051 3723 id
2086 3671 2184 3725 est
2216 3660 2498 3725 maxime

433 3751 501 3811 iu
557 3751 677 3815 mis
733 3750 952 3815 litteris
1002 3751 1443 3817 inridendum:
1512 3753 1667 3836 quid
1722 3753 1893 3819 enim
1948 3764 2111 3831 erat,
2167 3755 2342 3838 quod
2394 3776 2501 3819 me

437 3871 509 3927 ij:
521 3871 573 3907 rs
585 3871 613 3911 s
621 3871 653 3927 *1
667 3857 964 3912 merentur
1005 3846 1073 3911 in
1117 3858 1328 3913 castra
1364 3847 1734 3913 Taurumve
1770 3847 2142 3925 transirent,
2187 3870 2335 3914 cum
2372 3870 2496 3934 ego

437 3939 756 4003 Laudis-„ea
801 3961 1006 4024 usque
1043 3942 1127 4006 ad
1160 3942 1454 4008 Iconium
1490 3942 1610 4008 iter
1644 3942 1735 4007 ita
1768 3942 2059 4021 fecerim,
2104 3953 2177 4007 ut
2217 3964 2325 4007 me
2360 3964 2499 4007 om-

437 4035 606 4095 nium
649 4035 896 4102 illarum
932 4035 1347 4114 dioecesium,
1404 4058 1569 4120 quae
1606 4036 1697 4102 cis
1731 4036 2023 4102 Taurum
2058 4046 2235 4115 sunt,
2291 4036 2501 4101 omni-
