2675 4559
804 227 1357 286 EPISTOLARUM
1389 227 1488 286 v1.
1527 229 1576 284 1.
1802 193 1806 198 ’
2083 221 2206 286 119

211 357 321 420 1ιιιιι
338 377 465 419 esse
492 351 821 439 perspieiO,
848 351 1020 435 quod
1048 351 1305 434 quidem
1330 351 1689 416 seiunctum
1716 353 1796 416 sit
1824 355 1909 418 ab
1925 356 2206 428 omnium

206 448 451 526 interitu,
486 448 572 513 ab
606 447 801 512 altera
835 445 1133 531 teipsum
1165 465 1518 530 numquam
1543 445 1828 512 timuisse
1856 459 2028 514 certo
2053 451 2206 515 scio·

204 542 485 626 reliquum
512 552 609 606 est
634 550 703 605 ut
736 550 799 604 te
825 539 895 603 id
925 539 1157 624 ipsum,
1196 537 1368 621 quod
1404 558 1525 625 ego
1552 539 1736 622 quasi
1763 542 2206 607 consolationis
2241 563 2266 602 a

202 635 319 700 loco
359 655 553 720 pono,
604 633 881 698 maxime
935 631 1281 709 excruciet,
1336 638 1670 697 commune
1721 633 2074 718 periculum
2114 636 2208 701 rei

202 728 490 814 publicae;
536 727 717 792 cuius
753 727 915 791 tanti
954 726 1136 803 mali,
1182 725 1474 810 quamvis
1511 723 1680 790 docti
1726 727 1844 792 viri
1877 729 2078 792 multa
2112 728 2209 792 di-

204 832 348 899 cant,
388 831 604 888 tamen
638 841 859 886 vereor
890 841 973 884 ne
1008 817 1357 883 consolatio
1391 819 1566 883 nulla
1607 821 1810 904 possit
1842 841 1996 886 vera
2027 844 2209 907 repe-

198 913 290 978 riri
316 924 563 999 praeter
593 914 799 990 illam,
845 934 1011 996 quae
1046 923 1223 977 tanta
1266 923 1392 989 est,
1436 923 1746 996 quantum
1787 913 1856 977 in
1899 915 2208 998 cuiusque

204 1007 381 1071 animo
412 1007 659 1072 roboris
696 1017 793 1072 est
826 1016 1019 1088 atque
1053 1026 1412 1070 nervorum.
1484 1005 1539 1068 si
1573 1006 1741 1071 enim
1775 1007 1938 1072 bene
1973 1008 2206 1071 sentire

203 1110 459 1184 recteque
512 1100 729 1166 facere
782 1099 935 1164 satis
980 1109 1077 1164 est
1127 1099 1209 1162 ad
1260 1099 1426 1163 bene
1477 1097 1790 1183 beateque
1841 1100 2205 1176 vivendum,

202 1215 390 1259 vereor
418 1217 502 1260 ne
538 1217 709 1271 eum,
745 1194 859 1277 qui
892 1215 960 1258 se
988 1193 1370 1294 optimorum
1395 1193 1798 1258 consiliorum
1825 1194 2208 1259 conscientia

201 1297 517 1353 sustentare
570 1287 805 1372 possit,
858 1286 1162 1351 miserum
1214 1309 1354 1352 esse
1402 1286 1585 1352 nefas
1639 1287 1722 1352 sit
1770 1287 1998 1352 dicere.
2085 1309 2205 1352 nec

202 1379 341 1444 enim
370 1402 483 1446 nos
518 1381 793 1445 arbitror
824 1380 1127 1445 victoriae
1160 1380 1458 1464 praemiis
1493 1381 1718 1445 ductos
1752 1381 2020 1466 patriam
2057 1381 2206 1444 olim

200 1485 251 1538 et
276 1474 493 1540 liberos
530 1487 596 1540 et
634 1475 924 1539 fortunas
956 1475 1315 1556 reliquisse3
1352 1474 1466 1539 sed
1500 1473 1822 1557 quoddam
1847 1474 2030 1538 nobis
2065 1474 2206 1539 offi-

200 1567 341 1632 cium
370 1569 609 1634 iustum
646 1579 710 1634 et
734 1567 921 1654 'pium
956 1578 1020 1632 et
1053 1567 1339 1632 debitum
1373 1567 1465 1632 rei
1497 1567 1790 1650 publicae
1825 1579 2204 1650 nostraeque

200 1660 457 1746 dignitati
488 1663 872 1728 videbamur
906 1661 1084 1744 sequi
1097 1707 1115 1736 ,
1150 1682 1297 1736 nec,
1334 1680 1482 1725 eum
1515 1660 1582 1724 id
1616 1660 2038 1737 faciebamus,
2073 1673 2206 1726 tam

200 1776 416 1820 eramus
448 1768 766 1832 amentes,
811 1767 883 1820 ut
917 1755 1244 1840 explorata
1276 1753 1462 1818 nobis
1498 1763 1666 1818 esset
1705 1751 1987 1817 victoria.
2077 1774 2206 1836 qua
2237 1773 2264 1814 4

198 1870 251 1912 re
281 1849 325 1912 si
354 1849 419 1914 id
452 1848 687 1924 evenit,
723 1849 898 1932 quod⁴
926 1847 1430 1934 ingredientibus
1454 1845 1640 1910 nobis
1674 1846 1741 1910 in
1767 1867 2026 1910 causam
2060 1867 2205 1930 pro-
2249 1929 2252 1931 Α

198 1943 437 2024 positum
468 1943 595 2008 fuit
632 1942 917 2008 accidere
950 1964 1160 2026 posse,
1194 1963 1320 2006 non
1350 1940 1653 2007 debemus
1686 1939 1778 2004 ita
1811 1940 2039 2004 cadere.
2071 1940 2207 2004 ani-

198 2034 318 2112 mis,
367 2037 545 2119 quasi
594 2035 833 2119 aliquid
877 2035 1186 2111 evenerit,
1230 2034 1402 2118 quod
1445 2033 1582 2098 fieri
1623 2037 1813 2118 posse
1853 2055 2204 2118 numquam

196 2129 532 2210 putarimus..
613 2129 809 2204 simus
839 2129 1039 2214 igitur
1074 2151 1163 2192 ea.
1180 2139 1416 2204 mente,
1453 2148 1646 2210 quam
1679 2127 1840 2191 ratio
1875 2137 1940 2192 et
1972 2126 2202 2192 veritas

198 2223 567 2304 praescribit,
611 2234 683 2288 ut
726 2222 883 2288 nihil
926 2223 993 2286 in
1036 2221 1169 2288 vita
1218 2221 1406 2286 nobis
1458 2221 1910 2306 praestandum
1954 2232 2206 2306 praeter

202 2315 414 2400 eulpam
457 2321 793 2403 putemus,
840 2337 1042 2400 eaque
1086 2321 1233 2380 cum
1268 2321 1627 2392 careamus,
1673 2314 1885 2379 omnia
1927 2315 2204 2379 humana

198 2407 408 2490 placate
456 2422 523 2478 et
580 2411 903 2477 moderate
955 2409 1255 2474 feramus.
1353 2418 1574 2492 atque
1593 2407 1754 2473 haec
1803 2430 1878 2473 eo
1931 2409 2200 2494 pertinet

200 2502 391 2580 oratio,
438 2515 515 2570 ut
558 2504 823 2590 perditis
868 2503 1059 2568 rebus
1106 2501 1402 2568 omnibus
1446 2513 1658 2568 tamen
1707 2502 1848 2586 ipsa
1889 2501 2090 2566 virtus
2135 2523 2202 2566 se

205 2607 519 2664 sustentare
570 2620 754 2682 posse
798 2598 1114 2674 videatur3
1170 2597 1283 2662 sed
1328 2596 1385 2660 si
1428 2607 1523 2660 est
1567 2617 1710 2680 spes
1755 2595 1970 2677 aliqua
2009 2595 2202 2659 rebus

200 2693 627 2768 communibus,
664 2713 741 2758 ea
774 2703 865 2769 tu,
902 2693 1287 2776 quicumque
1322 2699 1526 2753 status
1553 2699 1648 2754 est
1674 2688 1948 2764 futurus,
1987 2709 2199 2752 carere

200 2804 301 2848 non
332 2785 539 2852 debes.
633 2796 823 2869 atque
858 2786 1017 2850 haec
1060 2785 1215 2848 mihi
1251 2783 1550 2848 scribenti
1584 2781 1943 2846 veniebat
1923 2804 1990 2844 ιιι
2023 2803 2200 2846 men·
2235 2800 2260 2840 5

202 2885 302 2940 tem
323 2901 419 2944 me
447 2903 591 2945 esse
620 2901 787 2956 eum,
823 2879 1003 2944 cuius
1030 2889 1102 2942 tu
1121 2876 1627 2963 desperationem
1655 2897 1954 2954 accusare
1983 2875 2200 2940 solitus

202 2990 341 3036 esses
371 2993 689 3056 quemque
726 2971 1111 3037 auctoritate
1132 2982 1242 3036 tua
1278 2980 1680 3035 cunctantem
1714 2981 1776 3034 et
1811 2968 2202 3034 diffidentem

203 3065 465 3145 excitare;
511 3089 644 3150 quo
680 3065 935 3149 quidem
971 3077 1255 3151 tempore
1288 3087 1418 3130 non
1454 3086 1574 3150 ego
1611 3085 1868 3128 causam
1901 3074 2200 3138 nostram,

202 3157 292 3220 sed
320 3161 649 3224 consilium
690 3159 1108 3245 inprobabam
1122 3183 1141 3222 ι
1187 3180 1329 3223 sero
1373 3157 1544 3222 enim
1588 3177 1706 3219 nos
1747 3156 1826 3219 iis
1863 3155 2056 3218 armis
2091 3155 2203 3218 ad-

202 3253 403 3316 versari
434 3253 755 3328 videbam,
790 3273 955 3336 quae
989 3253 1189 3316 multo
1218 3261 1366 3316 ante
1402 3248 1774 3314 confirmata
1806 3269 1922 3331 per
1953 3257 2204 3310 nosmet

201 3337 341 3424 ipsos
390 3357 595 3423 erant,
648 3346 1071 3429 dolebamque
1124 3344 1269 3430 pilis
1322 3352 1386 3408 et
1436 3339 1668 3428 gladiis
1683 3387 1700 3416 ,
1753 3360 1882 3403 non
1927 3338 2202 3402 consiliis

200 3454 375 3518 neque
424 3439 927 3507 auctoritatibus·
953 3439 1186 3504 nostris
1238 3438 1319 3503 de
1362 3437 1500 3500 iure
1542 3433 1800 3520 publico
1844 3430 2200 3516 disceptari.

202 3546 377 3611 neque
411 3555 531 3619 ego
566 3557 671 3610 ea,
705 3541 871 3617 quae
905 3533 1079 3598 facta
1110 3542 1287 3608 sunt,
1332 3530 1470 3595 fore
1505 3551 1652 3594 cum
1686 3527 2006 3603 dicebam,
2043 3525 2206 3590 divi-

202 3622 404 3691 nabam
435 3629 671 3707 futura,
707 3628 841 3705 sed,
876 3628 1050 3712 quod
1084 3637 1148 3692 et
1178 3625 1322 3692 fieri
1353 3633 1542 3710 posse
1575 3635 1640 3690 et
1674 3623 2014 3689 exitiosum
2043 3621 2226 3713 forez

204 3714 247 3776 si
274 3721 597 3801 evenisset,
632 3723 959 3799 videbam,
990 3720 1062 3785 id
1092 3742 1175 3785 ne
1210 3719 1526 3785 accideret
1559 3717 1883 3792 timebam,
1918 3735 2204 3798 praeser-

204 3806 299 3874 tim
334 3835 503 3894 cum,
548 3817 603 3882 si
642 3817 801 3882 mihi
832 3816 1103 3882 alterum
1146 3825 1364 3880 utrum
1397 3809 1478 3878 de
1521 3823 1754 3878 eventu
1789 3820 1982 3891 atque
2028 3807 2204 3870 exitu

205 3921 385 3971 rerum
416 3911 909 3994 promittendum
942 3920 1128 3986 esset,
1163 3907 1231 3973 id
1264 3907 1572 3982 futurum,
1607 3903 1781 3987 quod
1825 3900 2054 3978 evenit,
2093 3923 2204 3965 ex-

206 3993 477 4075 ploratius
492 4026 743 4089 possem
766 4002 1162 4090 promittere.
1194 4001 1275 4067 iis
1303 3999 1474 4068 enim
1489 3999 1682 4064 rebus
1697 3993 2204 4082 praestabamus,
