2675 4559
421 851 473 889 ΕΓ*

421 2115 469 2151 37

417 3391 465 3427 ΕΞ

502 223 637 293 426
1064 209 1069 214 ’
1117 233 1194 288 Μ.
1232 230 1509 290 'sunm
1541 228 1941 287 omnnoms

506 372 580 428 ut
612 369 856 427 remoto
891 356 1160 442 imperio
1196 378 1272 421 ac
1306 356 1375 420 vi
1408 353 1743 441 potestatis
1778 363 1843 419 et
1874 351 2152 418 fascium
2185 350 2516 437 publicanos

507 477 656 522 cum
684 450 956 519 Graecis
989 448 1199 537 gratia
1235 459 1429 533 atque
1455 448 1830 513 auctoritate
1856 446 2214 533 coniungas
2247 456 2309 511 et
2339 445 2413 510 ab
2442 445 2518 519 iis,

508 548 592 615 de
624 546 860 633 quibus
895 545 1135 630 optime
1169 554 1243 610 tu
1275 542 1541 608 meritus
1577 564 1652 608 es
1684 552 1749 607 et
1774 541 1885 625 qui
1919 540 2044 606 tibi
2069 539 2283 605 omnia
2308 539 2520 615 debent,

509 643 628 707 hoc
663 652 873 727 petas,
903 649 978 720 ut
1009 637 1317 705 facilitate
1351 659 1469 703 sua
1493 657 1611 701 nos
1640 658 1785 701 eam
1810 634 2365 710 necessitudinem,
2387 654 2523 716 quae

509 749 605 799 est
637 734 823 800 nob’n
859 755 1011 800 cum
1041 731 1431 820 publicanis,
1478 729 1768 795 obtinere
1799 741 1865 795 et
1900 736 2288 794 conservare
2317 727 2525 812 patian-

513 843 628 895 tur.
718 828 834 895 ned
885 826 1043 911 quid
1095 848 1222 911 ego
1262 836 1327 890 te
1366 825 1530 890 haec
1572 823 1817 901 hortor,
1868 843 2042 908 quae
2090 835 2163 889 tu
2206 844 2333 887 non
2372 820 2525 885 modo

509 923 720 989 facere
765 931 948 1010 potes
992 930 1106 986 tua
1148 931 1376 1004 sponte
1409 918 1548 983 sine
1582 918 1960 1001 cuiusquam
2008 914 2395 1004 praeceptis,
2440 912 2528 977 sed
2607 979 2608 1002 3

513 1019 702 1085 etiam
735 1038 973 1102 magna
1005 1014 1134 1081 iam
1170 1036 1252 1080 ex
1285 1023 1467 1099 parte
1500 1011 1864 1099 perfecisti?
1895 1034 2027 1077 non
2056 1011 2240 1077 enim
2259 1007 2528 1075 desistunt
2595 1007 2608 1067 ’ᾗ

509 1112 697 1179 nobis
747 1133 938 1197 agere
993 1109 1224 1177 cotidie
1285 1109 1530 1195 gratias
1589 1108 2080 1176 honestissimae
2135 1118 2203 1173 et
2252 1104 2528 1171 maximae

513 1206 872 1281 societatem
909 1204 1085 1288 quod
1121 1203 1383 1288 quidem
1415 1202 1574 1267 mihi
1604 1202 1843 1268 idcirco
1866 1202 2220 1268 iucundius
2246 1211 2359 1277 est,
2391 1194 2525 1283 quod

509 1299 677 1365 idem
709 1297 955 1366 faciunt
991 1294 1247 1367 Graeci.
1337 1296 1598 1363 difficile
1634 1307 1729 1361 est
1774 1307 1987 1361 autem
2033 1318 2147 1373 ea,
2194 1314 2358 1379 quae
2391 1312 2527 1357 com-

509 1391 743 1468 modis,
786 1390 1058 1459 utilitate
1103 1402 1168 1459 et
1209 1413 1411 1477 prope
1455 1402 1686 1457 natura
1728 1390 1977 1457 diversa
2013 1401 2201 1467 sunt,
2245 1388 2524 1453 voluntate

509 1486 916 1572 coniungere·
999 1496 1065 1551 at
1099 1509 1176 1555 ea
1211 1486 1496 1569 quidem,
1530 1506 1695 1569 quae
1731 1507 1927 1571 supra
1960 1486 2208 1572 scripta
2239 1492 2398 1557 sunt,
2428 1500 2527 1543 non

509 1595 581 1647 ut
621 1592 686 1648 te
731 1579 1161 1656 instituerem,
1210 1572 1436 1665 scripsi
1470 1615 1560 1627 -—
1590 1601 1801 1664 neque
1847 1578 2020 1645 enim
2071 1575 2405 1666 prudentia
2441 1584 2525 1637 tua

513 1676 888 1759 cuiusquam
919 1685 1263 1762 praecepta
1297 1673 1619 1742 desiderat
1651 1709 1767 1750 --,
1822 1673 1935 1738 sed
1978 1696 2087 1739 me
2123 1672 2193 1738 in
2238 1665 2525 1737 scribendo

509 1770 1030 1854 commemoratio
1061 1780 1215 1835 tuae
1245 1768 1499 1836 virtutis
1529 1767 1897 1834 delectavit:
1936 1789 2333 1852 quamquam
2362 1763 2422 1827 in
2448 1758 2523 1824 his

509 1864 737 1931 fitteris
774 1863 1028 1950 longior
1071 1863 1200 1941 fui,
1241 1883 1440 1947 quam
1482 1874 1595 1928 aut
1640 1862 1873 1929 vellem
1918 1873 2031 1927 aut
2067 1854 2268 1947 {luam
2302 1880 2397 1925 mc
2432 1875 2524 1941 pu-

513 1958 639 2024 tavi
673 1958 833 2025 fore.

621 2048 861 2118 'Unum
905 2062 1031 2128 est,
1085 2051 1262 2136 quod
1313 2050 1433 2117 tibi
1476 2072 1598 2137 ego
1650 2051 2021 2137 praecipere
2075 2071 2211 2116 non
2264 2045 2521 2115 desinam,

509 2168 716 2231 neque
756 2156 820 2212 tc
862 2146 1102 2232 patiar,
1153 2157 1467 2230 quantum
1510 2144 1629 2211 erit
1678 2146 1747 2211 in
1799 2167 1937 2222 me,
1989 2166 2147 2211 cum
2199 2139 2522 2226 exceptione

505 2240 783 2304 laudariz
829 2260 1059 2304 omnes
1087 2238 1287 2315 enim,
1334 2240 1445 2323 qui
1479 2239 1668 2306 istinc
1702 2239 1997 2317 veniunt,
2043 2240 2143 2305 ita
2177 2238 2259 2304 de
2291 2248 2393 2301 tua
2421 2231 2519 2296 vir·

509 2343 674 2409 tute,
725 2330 1121 2416 integritate,
1175 2332 1570 2399 humanitate
1624 2345 2160 2412 commemorant,
2214 2342 2288 2397 ut
2326 2330 2388 2401 in
2425 2323 2519 2389 &¹5⁹

509 2425 771 2493 summis
813 2424 1114 2491 laudibus
1161 2426 1483 2512 excipiant
1526 2451 1723 2495 unam
1766 2428 2168 2494 iracundiam
2180 2453 2199 2505 3
2255 2422 2413 2510 quod
2448 2417 2519 2481 vi-

505 2523 668 2587 tium
718 2542 868 2587 cum
919 2520 988 2585 in
1037 2520 1160 2585 hac
1221 2521 1476 2607 privata
1527 2522 1970 2607 cotidianaque
2023 2523 2163 2588 vita
2214 2518 2365 2586 levis
2411 2532 2518 2579 esse

509 2615 700 2683 animi
735 2626 928 2701 atque
972 2614 1206 2682 infirmi
1252 2615 1535 2696 videtur,
1580 2628 1717 2683 tum
1762 2639 1914 2682 vero
1948 2616 2113 2683 nihil
2156 2626 2254 2693 est
2285 2625 2406 2679 tam
2432 2606 2519 2671 de·

509 2715 739 2789 forme,
794 2732 992 2795 quam
1037 2710 1120 2777 ad
1166 2733 1491 2778 summum
1534 2711 1874 2796 imperium
1909 2712 2105 2777 etiam
2152 2707 2516 2778 acerbitatem

505 2816 768 2871 naturae
803 2804 1174 2890 adiungere.
1245 2828 1377 2889 qua
1408 2828 1479 2872 re
1504 2805 1665 2871 illud
1698 2828 1827 2871 non
1862 2800 2233 2891 suscipiam,
2265 2812 2352 2878 ut,
2382 2813 2513 2883 <1¹1⁸e

505 2899 585 2963 dc
618 2898 950 2964 iracundia
978 2898 1104 2963 dici
1132 2899 1339 2968 solent
1373 2923 1414 2964 a
1440 2899 1819 2967 doctissimis
1855 2900 2247 2975 hominibus,
2278 2918 2351 2963 ca
2380 2906 2516 2957 nune

505 2990 620 3056 tihi
649 3012 987 3076 exponam,
1025 3014 1176 3059 cum
1211 3004 1276 3059 et
1309 2993 1501 3060 nimis
1534 2994 1768 3080 longus
1797 3016 1937 3060 esse
1963 2995 2163 3060 nolim
2190 3004 2252 3060 et
2279 3013 2354 3057 ex
2383 2980 2513 3051 mul·

505 3104 715 3153 torum
768 3086 1020 3172 scriptis
1065 3110 1143 3156 ea
1186 3086 1379 3153 facile
1420 3088 1627 3173 possis
1674 3110 2089 3175 cognoscere:
2145 3087 2328 3164 illud,
2375 3072 2512 3165 quod

505 3191 597 3247 est
639 3180 947 3267 epistolae
990 3182 1351 3268 proprium,
1396 3193 1471 3250 ut
1503 3183 1557 3249 is
1572 3231 1595 3261 ,
1636 3184 1722 3251 ad
1766 3205 1960 3270 quem
1994 3185 2313 3258 scribitur,
2356 3178 2425 3243 de
2451 3170 2510 3235 iis

505 3275 725 3353 rebus,
769 3297 930 3360 quas
962 3276 1249 3362 ignorat,
1297 3278 1530 3346 certior
1559 3278 1702 3356 fiat,
1746 3278 2371 3365 praetermittendum
2401 3284 2508 3334 eflfle

501 3391 628 3435 non
665 3381 843 3455 puto.
933 3369 1025 3439 sic
1059 3370 1145 3435 ad
1187 3393 1309 3437 nos
1344 3394 1565 3442 omnes
1609 3371 1745 3439 fere
1793 3372 2118 3451 defemnt,
2170 3369 2348 3445 nihil,
2392 3377 2506 3427 0³¹⁸

505 3462 667 3532 absit
709 3463 1070 3541 iracundia,
1123 3475 1195 3534 te
1231 3465 1373 3534 fieri
1424 3489 1620 3554 posse
1668 3467 2043 3546 iucundius,
2097 3468 2238 3546 sed,
2290 3480 2419 3529 cum
2460 3463 2507 3513 te

505 3558 774 3626 alicuius
837 3558 1191 3646 inprobitas
1253 3562 1769 3648 perversitasque
1831 3563 2270 3637 commoverit,
2332 3554 2411 3620 do
2456 3557 2503 3653 {0

505 3653 716 3723 animo
758 3652 1049 3731 incitari,
1097 3664 1172 3724 ut
1214 3656 1298 3721 ab
1345 3658 1645 3724 omnibus
1680 3668 1796 3724 tua
1829 3657 2223 3725 desideretur
2260 3655 2506 3721 humam-

503 3765 627 3811 tss:
665 3768 795 3833 qua
819 3770 910 3824 re,
947 3748 1252 3833 quoniam
1285 3750 1354 3816 in
1388 3774 1533 3820 eam
1566 3751 1879 3819 rationem
1907 3752 2076 3819 vitae
2110 3773 2227 3818 nos
2256 3768 2371 3814 non
2400 3751 2501 3803 “m

501 3841 815 3927 cupiditas
852 3843 1172 3927 quaedam
1205 3845 1453 3931 gloriae
1487 3869 1685 3932 quam
1717 3870 1824 3913 res
1865 3847 2013 3935 ipsa
2044 3870 2123 3914 ac
2156 3848 2390 3915 fortuna
2416 3831 2503 3896 ὅθ’

501 3933 709 4039 djlxit,
753 3946 827 4000 ut
871 3937 1297 4023 sempiternus
1345 3964 1553 4009 sermo
1589 3942 1921 4010 hominum
1958 3944 2037 4011 de
2080 3943 2266 4011 nobis
2292 3936 2500 4003 futtffl1⁸

501 4035 611 4100 fflt,
661 4047 1030 4109 caveamus,
1085 4046 1395 4118 quantum
1441 4037 1697 4107 efficere
1742 4050 1807 4105 et
1850 4040 2156 4127 consequi
2195 4038 2498 4127 posmmffi
