2675 4559
485 261 1040 322 EPISTOLARUM
1072 263 1183 318 AD
1221 261 1289 330 Q.
1324 263 1702 320 FRATREM
1735 265 1812 320 11.
1851 247 2064 322 10.11‡'
2171 251 2303 320 453

1078 435 1183 492 XI.
1240 435 1462 504 [XIII.]

522 537 643 595 Ser.
668 539 882 596 Romae
906 557 958 597 a.
986 541 1039 596 d.
1064 539 1225 598 XVI.
1250 539 1386 596 Kal.
1410 539 1646 596 Martias
1671 559 1722 596 a.
1741 559 1798 596 u.
1819 558 1867 597 c.
1895 541 2014 596 700.

563 641 877 699 MARCUS
916 641 1213 708 QUINTO
1249 641 1546 698 FRATRI
1583 643 1970 704 SALUTEM.

366 762 507 830 Risi
542 763 785 829 ‘nivem
822 775 1027 830 atram
1039 765 1077 844 ’,
1114 777 1303 852 teque
1338 764 1526 832 hilari
1561 767 1774 832 animo
1811 788 1952 832 esse
1987 776 2054 833 et
2086 789 2306 853 prom-3
2334 789 2359 828 ι

234 869 348 946 pto
385 856 468 925 ad
501 857 842 924 iocandum
876 860 1064 926 valde
1101 883 1203 926 me
1238 860 1437 926 iuvat.
1509 861 1591 925 de
1624 860 1938 947 Pompeio
1975 860 2302 928 adsentior

232 952 386 1030 tibi,
421 953 525 1018 vel
560 962 634 1016 tu
667 952 881 1038 potius
916 953 1103 1019 mihi:
1148 978 1330 1033 nam,
1365 965 1439 1021 ut
1475 956 1620 1033 scis,
1655 955 1786 1020 iam
1818 954 2070 1041 pridem
2102 955 2297 1020 istum

233 1056 427 1112 canto
474 1043 871 1113 Caesarem-
930 1047 1087 1113 mihi
1140 1049 1362 1127 crede,
1416 1050 1484 1116 in
1520 1048 1682 1114 'sinu
1735 1060 1859 1128 est,
1913 1071 2122 1133 neque
2176 1071 2299 1135 ego

234 1141 581 1226 discingor.
687 1163 1005 1228 cognosce
1056 1165 1228 1210 nunc
1279 1144 1470 1210 Idus:
1535 1143 1821 1210 decimus
1885 1154 2022 1209 erat
2073 1140 2299 1209 Caelio
2335 1167 2360 1205 2
2475 1141 2478 1146 ’

234 1234 409 1312 dies3
443 1234 771 1302 Domitius
806 1237 1050 1304 iudices
1086 1239 1170 1304 ad
1203 1261 1545 1304 numerum
1579 1260 1710 1305 non
1745 1238 1990 1305 habuit.
2075 1259 2303 1304 vereor

234 1351 321 1394 ne
357 1328 549 1394 homo
592 1340 795 1396 taeter
830 1343 893 1398 et
928 1332 1133 1412 ferus,
1169 1332 1335 1398 Pola
1372 1331 1669 1412 Servius,
1707 1333 1788 1400 ad
1826 1331 2301 1399 accusationem

235 1423 482 1500 veniat3
534 1447 686 1490 nam
737 1437 956 1492 noster
1000 1424 1261 1493 Caelius
1313 1427 1504 1493 valde
1563 1439 1973 1514 oppugnatur
2016 1453 2058 1494 a
2107 1438 2301 1515 gente

236 1514 511 1582 Clodia:
546 1520 701 1584 certi
734 1519 893 1585 nihil
928 1531 1026 1586 est
1061 1521 1294 1600 adhuc,
1332 1521 1446 1587 sed
1472 1544 1786 1588 veremur.
1843 1522 2069 1588 eodem
2105 1522 2302 1607 igitur

236 1612 343 1676 die
378 1611 593 1699 Tyriis
629 1624 727 1679 est
767 1625 1025 1680 senatus
1063 1616 1249 1683 datus
1284 1615 1616 1700 frequens3
1668 1615 2035 1698 frequentes
2080 1626 2302 1681 contra

236 1705 491 1792 Syriaci
524 1707 869 1792 publicani.
939 1709 1351 1776 vehementer
1384 1721 1654 1776 vexatus
1698 1708 2042 1786 Gabinius,
2079 1709 2305 1794 exagi-·

234 1801 355 1866 tati
398 1811 613 1868 tamen
658 1825 697 1867 a
738 1803 1028 1869 Domitio
1072 1804 1429 1890 publicani,
1477 1804 1650 1890 quod
1697 1826 1846 1868 eum
1891 1813 2104 1869 essent
2149 1824 2294 1867 cum

231 1894 419 1980 equis
460 1897 800 1981 prosecuti.
892 1895 971 1962 O.
1018 1910 1233 1965 noster
1266 1898 1504 1964 Lamia
1548 1899 1758 1984 paulo·
1787 1896 2094 1973 ferocius,
2149 1917 2298 1960 cum

234 1989 563 2056 Domitius
600 1991 865 2058 dixisset
908 1998 1150 2058 ‘vestra
1186 1991 1376 2079 culpa
1410 1993 1571 2058 haec
1607 1991 2003 2069 acciderunt,
2052 1991 2296 2074 equites

234 2083 540 2149 Romani:
587 2085 891 2152 dissolute
937 2087 1109 2152 enim
1150 2087 1449 2152 iudicatis
1461 2087 1500 2164 ‘‚
1556 2093 1702 2152 ‘nos
1747 2085 2136 2163 iudicamus,
2182 2106 2297 2149 vos

233 2176 537 2244 laudatis'
590 2180 817 2266 inquit.
906 2191 1122 2248 actum
1172 2193 1271 2248 est
1324 2203 1402 2247 eo
1455 2181 1560 2247 die
1605 2181 1794 2258 nihil3
1845 2202 1976 2246 nox
2022 2179 2293 2247 diremit.
2402 2245 2404 2250 .

232 2272 663 2340 comitialibus
712 2275 939 2342 diebus
953 2324 972 2355 ‚
1028 2277 1139 2361 qui
1185 2274 1546 2359 Quirinalia
1596 2286 1981 2362 sequuntur,
2037 2274 2308 2361 Appius·
2332 2295 2356 2336 s

232 2369 686 2454 interpretatur
718 2393 851 2436 non
883 2371 1157 2458 inpediri
1192 2393 1261 2436 se
1296 2371 1442 2458 lege
1476 2371 1721 2458 Pupia,
1772 2391 1900 2454 quo
1935 2369 2148 2435 minus
2184 2369 2300 2435 ha-

233 2463 388 2528 beat
422 2473 744 2541 senatum,
782 2477 875 2544 et,
912 2466 1089 2550 quod
1125 2464 1409 2532 Gabinia
1445 2477 1737 2530 sanctum
1773 2466 1885 2541 sit,
1923 2463 2118 2530 etiam
2153 2463 2298 2549 cogi

232 2579 318 2623 ex
369 2557 523 2622 Kal.
568 2557 761 2623 Febr.
807 2580 1013 2643 usque
1065 2560 1152 2625 ad
1194 2560 1347 2624 Kal.
1401 2559 1672 2624 Martias
1723 2558 1952 2644 legatis
2005 2568 2298 2622 senatum
2413 2593 2416 2596 ⁴

236 2650 468 2717 cotidie
522 2649 703 2716 dare:
765 2652 859 2716 ita
907 2663 1217 2737 putantur
1268 2653 1523 2718 detrudi
1575 2651 1832 2716 comitia
1890 2651 1960 2713 in
2011 2673 2298 2715 mensem

233 2745 571 2810 Martium.
677 2745 793 2810 sed
854 2756 1068 2812 tamen
1128 2747 1230 2812 his
1291 2745 1719 2812 >comitialibus
1771 2743 2012 2808 tribuni
2071 2743 2158 2829 pl.
2216 2743 2296 2808 de

236 2838 527 2907 Gabinio
560 2861 629 2905 se
664 2849 919 2906 acturos
954 2861 1095 2906 esse
1130 2839 1372 2906 dicunt.
1461 2839 1676 2904 omnia
1712 2839 1993 2925 conlige,
2037 2849 2111 2902 ut
2144 2837 2298 2903 novi

235 2935 515 3002 scribam
551 2934 795 3019 aliquid
828 2936 914 3001 ad
949 2945 1030 3002 te.
1086 2936 1221 3013 sed,
1258 2947 1331 3001 ut
1366 2934 1565 3012 vides,
1601 2957 1704 3000 res
1739 2957 1842 3000 me
1876 2933 2018 3020 ipsa
2053 2933 2296 2999 deficit:

235 3031 457 3114 itaque
493 3029 577 3096 ad
612 3027 1072 3096 Callisthenem
1107 3041 1169 3096 et
1206 3031 1289 3096 ad
1322 3029 1669 3096 Philistum
1703 3029 1925 3105 redeo,
1961 3028 2029 3093 in
2063 3028 2298 3113 quibus
2333 3047 2360 3087 4

237 3136 305 3190 te
338 3125 527 3190 video
563 3124 936 3190 volutatum.
1026 3120 1456 3190 Callisthenes
1493 3123 1753 3209 quidem
1788 3125 2048 3204 volgare
2085 3132 2150 3188 et
2183 3145 2300 3187 no-

236 3231 379 3284 tum
423 3218 783 3306 negotium,
829 3239 1019 3303 quem
1072 3217 1158 3284 ad
1206 3218 1473 3284 modum
1525 3219 1768 3303 aliquot
1815 3215 2051 3282 Graeci
2100 3217 2300 3281 locuti

237 3310 419 3378 sunt:
460 3311 717 3380 Siculus
750 3313 859 3379 ille
894 3313 1213 3400 capitalis,
1250 3313 1502 3390 creber,
1539 3323 1787 3388 acutus,
1825 3310 2058 3388 brevis,
2095 3330 2300 3394 paene

238 3407 511 3494 pusillus
528 3406 971 3493 Thucydides3
1008 3408 1121 3474 sed
1152 3417 1329 3473 utros
1359 3407 1496 3472 eius
1523 3403 1824 3472 habueris
1851 3405 2048 3470 libros
2066 3440 2153 3450 --
2170 3404 2300 3468 duo
2415 3416 2423 3424 '

236 3500 414 3567 enim
466 3514 615 3568 sunt
667 3524 936 3589 corpora
968 3539 1057 3550 —
1098 3525 1183 3568 an
1233 3511 1568 3586 utrosque,
1620 3501 1857 3566 nescio.
1944 3521 2047 3564 me
2093 3499 2303 3584 magis

239 3595 327 3662 de
369 3597 686 3683 Dionysio
743 3597 1047 3675 delectat3
1100 3597 1239 3684 ipse
1293 3606 1392 3662 est
1443 3595 1615 3661 enim
1665 3604 1982 3661 veterator
2025 3613 2299 3681 magnus

238 3704 309 3758 et
340 3692 783 3778 perfamiliaris
818 3693 1112 3759 Philisto.
1202 3691 1315 3758 sed
1360 3691 1534 3776 quod
1579 3688 1917 3766 adscribis,
1965 3686 2302 3774 adgredia-

242 3787 415 3852 risne
451 3786 533 3852 ad
568 3787 918 3866 historiam,
956 3811 1059 3855 me
1096 3797 1356 3852 auctore
1391 3797 1604 3872 potes3
1643 3796 1727 3864 et,
1762 3782 2066 3869 quoniam
2098 3781 2301 3846 tabel-

242 3880 435 3945 larios
490 3879 962 3960 subministras,
1026 3879 1316 3946 hodierni
1370 3879 1496 3946 diei
1547 3903 1650 3946 res
1700 3888 1915 3966 gestas
1969 3876 2302 3962 Luperca-

242 3973 413 4039 libus
467 3972 754 4041 habebis.
850 3977 1100 4050 oblecta
1149 3986 1213 4042 te
1267 3996 1418 4041 cum
1470 3971 1784 4041 Cicerone
1836 3985 2054 4039 nostro
2106 3993 2302 4057 quam
2375 3975 2382 3982 ’

246 4068 609 4138 bellissime.
2291 4103 2296 4108 ·
