2675 4559
2049 7 2194 57 2⁷1*-
2211 8 2474 61 **·2÷‡⁹;³==·5·‘
2501 9 2648 119 “

2364 56 2379 70 .

410 210 539 278 316
1022 219 1099 272 Μ.
1138 217 1412 312 TULLII
1447 216 1846 277 CICERONIS

348 370 374 409 2
409 348 566 416 mihi
598 342 1039 412 liberalissime
1074 352 1267 428 atque
1299 341 1759 408 humanissime
1787 343 2100 430 recepisti.
2157 342 2467 431 Cuspius,

408 444 601 510 homo
659 441 728 505 in
780 437 987 504 omnis
1040 460 1191 504 suos
1244 435 1777 526 officiosissimus,
1831 438 2095 505 mirifice
2148 439 2470 525 quosdam

408 536 697 603 homines
750 557 833 601 ex
882 534 1009 598 ista
1058 532 1390 619 provincia
1450 543 1666 598 tuetur
1717 543 1784 598 et
1836 531 2046 619 diligit
2097 545 2466 620 propterea,

409 630 584 715 quod
617 629 741 697 fuit
773 629 843 694 in
860 625 1105 695 'Africa
1138 626 1268 703 bis,
1314 647 1466 690 cum
1499 625 1796 692 maximis
1831 625 2155 692 societatis
2189 627 2470 714 negotiis

408 733 761 810 praeesset;
810 722 1029 805 itaque
1070 720 1197 787 hoc
1240 719 1379 787 eius
1425 719 1738 798 officium,
1791 721 1966 806 quod
2011 719 2276 788 adhibet
2311 743 2473 807 erga

406 819 569 895 illos,
605 838 727 904 ego
751 838 898 882 mea
930 813 1236 881 facultate
1262 824 1326 882 et
1359 813 1570 900 gratia
1603 815 1798 893 soleo,
1831 827 2144 902 quantum
2178 837 2470 901 possum,

408 913 733 979 adiuvare.
795 933 926 996 qua
958 933 1029 976 re
1064 906 1540 994 Cuspianorum
1574 909 1861 975 omnium
1895 908 2472 976 commendationis

410 1029 671 1074 causam
723 1004 847 1070 hac
897 1002 1014 1068 tibi
1069 1003 1339 1089 epistola
1400 1004 1847 1089 exponendam
1896 1003 2148 1090 putavi3
2201 1003 2474 1089 reliquis

410 1101 694 1188 epistolis
726 1110 975 1165 tantum
1019 1097 1283 1175 faciam,
1338 1108 1411 1163 ut
1443 1109 1663 1164 notam
1705 1099 2029 1184 adponam
2070 1121 2245 1177 eam,
2299 1119 2476 1183 quae

407 1195 565 1266 mihi
597 1206 809 1260 tecum
845 1191 1161 1269 convenit,
1196 1202 1265 1260 et
1297 1192 1486 1258 simul
1521 1192 1876 1278 significem
1903 1194 1984 1259 de
2018 1215 2290 1259 numero
2326 1213 2474 1259 esse

346 1311 374 1349 ³
410 1287 639 1375 Cuspii
672 1287 1043 1353 amicorum.
1104 1286 1221 1351 sed
1254 1285 1422 1350 hanc
1435 1347 1442 1352 ,
1457 1287 2094 1364 commendationem,
2131 1309 2331 1372 quam
2365 1286 2470 1351 his

406 1382 631 1448 litteris
667 1381 1045 1466 consignare
1069 1380 1265 1458 volui,
1302 1380 1464 1446 scito
1493 1404 1632 1448 esse
1664 1382 1954 1448 omnium
1987 1382 2470 1469 gravissimam:

406 1499 559 1544 nam
591 1475 671 1540 P.
708 1471 993 1561 Cuspius
1038 1473 1350 1562 singulari
1391 1475 1602 1542 studio
1637 1476 1963 1543 contendit
1994 1500 2036 1542 a
2071 1499 2205 1554 me,
2241 1487 2318 1540 ut
2350 1473 2476 1540 tibi

408 1593 604 1656 quam
638 1569 1120 1656 diligentissime
1154 1570 1238 1635 L.
1275 1569 1517 1636 Iulium
1552 1572 2085 1638 commendarem.
2167 1571 2308 1637 eius
2345 1592 2472 1656 ego

410 1665 621 1732 studio
656 1665 767 1730 vix
808 1664 1029 1730 videor
1060 1664 1221 1730 mihi
1262 1665 1418 1731 satis
1451 1663 1666 1731 facere
1709 1687 1929 1752 posse,
1983 1666 2038 1732 si
2071 1676 2217 1731 utar
2251 1664 2472 1732 verbis

407 1762 507 1840 iis,
542 1761 799 1846 quibus,
834 1782 985 1826 eum
1012 1760 1496 1846 diligentissime
1523 1760 1680 1842 quid
1713 1762 1988 1847 agimus,
2023 1761 2120 1829 uti
2155 1761 2470 1835 solemus3

406 1878 579 1928 nova
620 1855 939 1940 quaedam
981 1854 1262 1940 postulat
1307 1865 1374 1920 et
1414 1864 1601 1940 putat
1641 1876 1746 1920 me
1789 1855 1928 1920 eius
1969 1854 2226 1940 generis
2271 1853 2471 1919 artifi-

410 1951 579 2017 cium
607 1949 935 2035 quoddam
960 1958 1205 2014 teneret
1242 1949 1303 2014 ei
1330 1971 1453 2036 ego
1487 1948 1806 2034 pollicitus
1833 1971 1979 2014 sum
2002 1971 2108 2015 me
2133 1971 2218 2014 ex
2241 1948 2474 2012 intima

408 2057 627 2112 nostra
668 2054 804 2110 arte
848 2043 1375 2129 deprompturum
1419 2042 1757 2109 mirificum
1807 2065 2014 2129 genus
2057 2042 2470 2108 commenda-

406 2139 617 2206 tionis.
704 2137 774 2202 id
823 2137 1128 2221 quoniam
1180 2137 1449 2222 adsequi
1501 2160 1631 2203 non
1680 2159 1974 2222 possum,
2024 2148 2098 2202 tu
2148 2159 2220 2202 re
2273 2136 2470 2202 velim

404 2231 666 2306 efficias,
702 2242 775 2294 ut
799 2229 907 2294 ille
931 2252 1167 2317 genere
1194 2253 1486 2296 mearum
1507 2231 1861 2298 litterarum
1888 2230 2248 2297 incredibili
2278 2229 2469 2316 quid-

316 2343 371 2382 '4
404 2325 556 2395 dam
588 2323 945 2408 perfectum
980 2323 1340 2389 arbitretur.
1394 2325 1462 2390 id
1496 2324 1715 2402 facies,
1751 2327 1806 2390 si
1841 2348 2030 2392 omne
2061 2347 2274 2412 genus
2307 2323 2470 2391 libe-

403 2416 690 2494 ralitatis,
726 2416 900 2500 quod
927 2428 991 2482 et
1016 2417 1102 2482 ab
1136 2417 1532 2485 humanitate
1561 2431 1626 2486 et
1650 2430 1966 2507 potestate
1996 2431 2109 2485 tua
2141 2419 2470 2505 proficisci

402 2512 663 2600 poterit,
718 2532 848 2602 non
890 2511 1084 2577 modo
1126 2534 1227 2589 re,
1280 2512 1398 2579 sed
1432 2513 1623 2580 etiam
1658 2515 1901 2591 verbis,
1955 2515 2135 2580 voltu
2184 2513 2468 2597 denique

400 2605 901 2693 exprompseris3
938 2626 1104 2691 quae
1130 2619 1445 2690 quantum
1471 2609 1538 2672 in
1565 2607 1896 2694 provincia
1923 2609 2202 2686 valeant,
2232 2608 2472 2675 vellem

352 2705 357 2710 ’
402 2711 703 2788 expertus
749 2723 984 2779 essem,
1038 2701 1153 2766 sed
1196 2712 1414 2768 tamen
1457 2703 1766 2788 suspicor.
1853 2703 2070 2789 ipsum
2115 2701 2468 2777 hominem,

400 2817 597 2879 quem
628 2794 747 2859 tibi
780 2796 1190 2872 commendo,
1234 2797 1618 2883 perdignum
1653 2819 1795 2864 esse
1829 2808 1943 2864 tua
1977 2797 2292 2874 amicitia,
2337 2819 2471 2862 non

402 2888 638 2962 solum,
690 2887 845 2969 quia
888 2888 1045 2954 mihi
1080 2885 1364 2976 Cuspius
1400 2891 1584 2967 dicit,
1635 2890 1829 2962 credo
1842 2939 1861 2968 ,
1911 2890 2170 2956 tametsi
2203 2891 2276 2955 id
2313 2890 2468 2956 satis

402 3002 541 3046 esse
578 2979 881 3058 debebat,
926 2982 1043 3047 sed
1076 2983 1228 3066 quia
1270 2984 1424 3050 novi
1458 2984 1595 3050 eius
1637 2984 1949 3051 iudicium
1981 2985 2052 3050 in
2093 2985 2468 3052 hominibus

340 3091 367 3132 5
404 3085 467 3140 et
502 3075 721 3141 amicis
760 3076 1133 3162 deligendis.
1186 3078 1416 3146 harum
1448 3081 1804 3146 litterarum
1837 3081 1936 3147 vis
1971 3093 2216 3165 quanta
2249 3081 2466 3158 fuerit,

400 3169 770 3256 propediem
813 3164 1113 3237 iudicabo
1156 3173 1430 3258 tibique,
1483 3187 1559 3240 ut
1601 3175 1882 3252 confido,
1937 3177 2182 3262 gratias
2235 3200 2465 3264 agam:

400 3285 551 3349 eg0,
602 3285 770 3348 quae
813 3274 877 3331 te
920 3267 1085 3344 velle
1129 3288 1424 3352 quaeque
1469 3269 1554 3334 ad
1608 3280 1672 3335 te
1714 3269 2034 3356 pertinere
2079 3269 2465 3348 arbitrabor,

398 3357 613 3422 omnia
647 3357 929 3425 studiose
966 3359 1430 3448 diligenterque
1467 3363 1725 3429 curabo.
1799 3386 1955 3430 cura
1990 3374 2062 3430 ut
2097 3367 2344 3433 valeas.

1345 3512 1432 3568 VI
1448 3512 1506 3568 b.

1076 3611 1194 3668 Scr.
1212 3613 1428 3671 Romae
1449 3632 1500 3669 a.
1519 3633 1576 3670 n.
1597 3633 1646 3672 c.
1666 3617 1787 3672 698.

578 3712 657 3765 Μ.
698 3711 972 3768 CICERO
1012 3715 1072 3776 Q.
1119 3715 1449 3773 VALERIO
1487 3719 1548 3780 Q.
1583 3719 1642 3774 F.
1683 3721 1938 3778 ORC'AE
1965 3722 2278 3778 PROGOS.

522 3822 602 3886 P.
640 3820 977 3893 Cornelius
992 3875 1011 3905 ,
1066 3830 1177 3914 qui
1220 3831 1337 3896 tibi
1382 3833 1625 3899 litteras
1661 3835 1772 3900 has
1818 3834 2024 3914 dedit,
2079 3849 2178 3904 est
2225 3839 2394 3906 mihi
2427 3865 2464 3904 a

391 3911 471 3975 P.
495 3911 739 3998 Cuspio
769 3923 1269 4002 commendatus,
1304 3926 1488 3992 cuius
1515 3949 1714 3994 causa
1747 3941 1990 4014 quanto
2025 3950 2224 4017 opere
2263 3956 2462 4020 cupe-

393 4023 529 4066 rem
564 4005 1020 4100 deberemque,
1063 4019 1355 4102 profecto
1391 4043 1473 4088 ex
1507 4045 1611 4091 me
1646 4023 1836 4092 facile
1872 4025 2186 4112 cognosti.
2263 4030 2460 4096 vehe-

2643 2381 2646 2472 ι

2641 2567 2644 2708 ἱ

2639 2797 2642 2944 Ι

2637 3029 2640 3181 ἰ
