2675 4559
759 210 1318 271 EPISTOLARUM
1350 213 1511 270 XIV.
1547 215 1600 270 1.
1617 215 1666 270 2.
2117 206 2246 274 36].

199 343 373 430 eupit
428 361 568 406 esse
623 358 842 403 secum
889 346 955 402 et
997 335 1208 402 adhuc
1250 336 1502 402 retinet.
1591 359 1713 423 ego
1757 340 2053 406 volebam
2105 342 2250 406 loco

196 435 404 523 magis
451 432 702 499 deserto
749 453 890 496 esse
933 430 1001 496 in
1034 429 1267 515 Epiro,
1322 452 1452 514 quo
1496 453 1705 516 neque
1749 434 1961 518 Hispo
2009 434 2250 502 veniret.

195 553 315 599 nec
350 528 605 605 milites,
642 526 759 593 sed
793 525 1004 591 adhue
1037 524 1344 591 Plancius
1380 548 1485 592 me
1517 527 1777 606 retinet-;
1813 542 2029 614 sperat
2061 554 2250 614 posse

192 625 360 702 fieri,
413 634 488 688 ut
530 643 786 687 mecum
827 621 896 684 in
929 620 1185 686 Italiam
1230 620 1528 685 decedat:
1582 641 1777 705 quem
1821 646 1945 710 ego
1981 626 2149 690 diem
2198 626 2254 690 si

191 719 414 785 videro
450 728 516 782 et
549 716 604 781 si
638 715 706 780 in
741 726 1024 780 vestrum
1049 715 1434 801 conplexum
1467 736 1701 780 venero
1737 738 1813 782 ae
1849 718 1905 782 si
1941 730 2005 782 et
2038 742 2154 786 ros
2190 734 2250 786 et

193 837 297 879 me
331 813 547 898 ipsum
581 829 989 894 recuperare,
1025 807 1179 873 satis
1216 830 1527 895 magnum
1559 809 1719 874 mihi
1753 810 2037 878 frustum
2073 814 2250 882 vitle-

191 907 312 973 bor
345 904 707 993 percepisse
751 913 815 968 et
861 913 1110 968 vestrae
1152 902 1408 988 pietatis
1444 913 1508 968 et
1550 925 1749 970 meae.
1837 906 2097 970 Pisonis
2133 910 2254 970 hu·
2286 929 2314 966 a.

189 1002 501 1077 manime,
546 999 777 1075 virtus,
823 1018 1001 1061 amor
1044 997 1111 1061 in
1146 997 1353 1062 omnis
1387 1019 1506 1062 nos
1551 1008 1765 1062 tantus
1809 1010 1937 1074 est,
1981 1012 2057 1066 ut
2097 1002 2254 1066 nihil

190 1117 393 1182 supra
426 1092 654 1180 possit:
700 1091 946 1158 utinam
983 1114 1063 1156 ea
1095 1112 1197 1156 res
1224 1091 1294 1156 'ei
1329 1092 1640 1179 voluptati
1681 1090 1785 1158 sit!
1833 1094 2073 1181 gloriae
2109 1098 2252 1182 qui-

192 1192 343 1258 dem
379 1188 569 1254 video
603 1187 760 1253 fore.
850 1187 931 1252 de
968 1184 1053 1268 Q.
1090 1185 1287 1253 fratre
1321 1185 1482 1251 nihil
1517 1209 1640 1273 ego
1673 1198 1737 1254 te
1773 1190 2101 1266 accusavi,
2137 1190 2254 1254 sed

190 1307 343 1362 vos,
396 1306 545 1349 cum
587 1281 963 1368 praesertim
1006 1291 1141 1344 tam
1192 1280 1384 1366 pauci
1425 1280 1594 1358 sitis,
1649 1282 1823 1346 volui
1869 1306 2009 1350 esse
2057 1306 2254 1366 quam

191 1375 766 1450 coniunctissimos.
820 1374 1055 1460 quibus
1086 1396 1193 1439 me
1228 1375 1487 1440 voluisti
1521 1397 1713 1461 agere
1749 1378 2009 1462 gratias,
2049 1378 2154 1462 egi
2190 1390 2254 1442 et
2286 1398 2314 1438 5

190 1496 297 1541 me
334 1496 376 1539 a
410 1483 474 1539 te
510 1470 841 1537 certiorem
875 1468 1120 1535 factum
1156 1492 1296 1554 esse
1324 1469 1566 1554 scripsi.
1620 1470 1793 1554 quod
1829 1470 1913 1534 ad
1949 1494 2073 1550 me,
2109 1494 2254 1538 mea

190 1566 528 1643 Terentia,
565 1564 789 1630 scribis
824 1574 888 1628 te
924 1563 1138 1628 vicum
1171 1562 1608 1640 vendituram‚
1645 1566 1829 1646 quid,
1865 1566 2129 1630 obsecro
2170 1578 2254 1642 te,

189 1699 281 1710 -
314 1683 422 1727 me
456 1657 790 1726 miserum!
823 1693 914 1705 —
944 1657 1102 1742 quid
1135 1657 1424 1722 futurum
1459 1657 1594 1722 est?
1636 1670 1729 1734 et,
1765 1658 1821 1722 si
1857 1682 1973 1722 nos
2009 1674 2258 1746 premet

191 1756 423 1823 eadem
457 1753 733 1829 fortuna,
772 1751 927 1836 quid
960 1773 1161 1837 puero
1195 1750 1428 1816 misero
1463 1750 1614 1816 fiet?
1647 1774 1777 1814 non
1813 1774 1977 1834 queo
2006 1754 2258 1838 reliqua

192 1850 475 1918 seribere
518 1884 605 1895 —
650 1856 828 1912 tanta
879 1845 977 1910 vis
1040 1844 1450 1911 lacrimarum
1502 1855 1602 1910 est
1640 1882 1757 1922 —2
1809 1866 2017 1930 neque
2073 1858 2133 1910 ts
2190 1846 2254 1910 iu

192 1943 476 2011 eundem
524 1942 744 2007 fletum
798 1939 1134 2005 adducam.
1238 1950 1491 2004 tantum
1543 1940 1781 2004 scribut
1841 1941 1895 2002 si
1949 1954 2137 2006 emt
2190 1942 2254 2006 in

193 2038 412 2105 officio
446 2034 655 2113 amici,
690 2036 964 2121 pecunia
990 2054 1119 2099 non
1146 2033 1378 2111 deerit3
1415 2033 1472 2099 si
1505 2055 1635 2099 non
1661 2046 1869 2110 erunt,
1905 2046 1973 2098 tu
2001 2034 2258 2102 efficere

192 2145 307 2198 tua
351 2130 629 2218 pecunia
670 2152 800 2195 non
844 2127 1105 2215 poteris.
1191 2150 1309 2214 per
1351 2128 1640 2196 fortunas
1689 2130 1949 2194 miseras
1985 2142 2254 2206 nostras,

191 2226 363 2302 vide,
398 2247 481 2291 ne
516 2245 789 2311 puerum
823 2223 1145 2309 perditum
1178 2223 1546 2309 perdamus.
1601 2222 1709 2288 cui
1741 2226 1797 2286 si
1833 2222 2077 2306 aliquid
2113 2226 2250 2302 erit,

189 2344 274 2388 ne
310 2330 532 2406 egeat,
574 2319 883 2385 mediocri
916 2319 1150 2384 virtute
1185 2341 1350 2404 opus
1385 2329 1482 2384 est
1527 2329 1592 2385 et
1625 2318 1933 2386 mediocri
1973 2318 2250 2394 fortuna,

189 2427 263 2481 ut
310 2426 525 2481 cetera
570 2424 1014 2497 consequatur.
1105 2412 1211 2479 fac
1254 2413 1472 2479 valeas
1509 2424 1574 2478 et
1618 2414 1701 2478 ad
1749 2438 1849 2478 me
1885 2414 2250 2478 tabellarios
2290 2434 2314 2470 s

188 2511 442 2587 mittas,
487 2518 561 2572 ut
594 2509 822 2585 sciam,
868 2507 1024 2591 quid
1060 2518 1291 2594 agatur
1326 2520 1392 2573 et
1425 2530 1540 2573 vos
1578 2510 1733 2592 quid
1781 2510 2005 2594 agatis.
2093 2506 2253 2570 mihi.

190 2603 454 2670 omnino
489 2602 620 2667 iam
654 2601 866 2668 brevis
901 2602 1291 2688 exspectatio
1329 2613 1444 2667 est.
1500 2602 1817 2667 Tulliolae
1853 2614 1917 2666 et
1953 2598 2254 2666 Ciceroni

188 2697 467 2763 salutem
503 2696 624 2762 dic.
679 2695 905 2762 valete.
960 2697 1022 2761 d.
1061 2719 1119 2760 a.
1158 2696 1220 2760 d.
1256 2719 1339 2762 vr.
1369 2696 1460 2760 Κ.
1492 2695 1805 2762 Decemh.
1845 2694 2254 2778 Dyrrhachii.

320 2789 807 2876 Dyrrhachium
840 2790 1008 2867 veni,
1046 2790 1220 2874 quod
1255 2801 1318 2854 et
1354 2788 1556 2854 libera
1584 2788 1805 2854 civitas
1837 2802 1933 2854 est
1961 2802 2025 2854 et.
2057 2790 2121 2854 in
2153 2810 2254 2854 me
2294 2806 2314 2845 τ

187 2885 483 2951 officiosa
518 2895 580 2951 et
612 2884 906 2970 proxima
938 2884 1164 2950 Italiae
1174 2909 1193 2962 3
1231 2884 1346 2950 sed
1381 2884 1437 2949 si
1472 2882 1753 2953 ‚offendat
1789 2906 1893 2950 me
1929 2882 2053 2946 loci
2089 2882 2254 2950 ealc-

190 2979 412 3057 britas‚
450 2979 575 3044 alio
611 3002 713 3044 me
750 2978 1096 3055 conferam,
1134 2977 1217 3043 ad
1252 2989 1316 3043 te
1353 2977 1645 3044 scribam.

1184 3137 1261 3193 Π.

462 3240 577 3298 Ser.
600 3241 1044 3297 Thessalonicae
1066 3258 1116 3296 a.
1136 3241 1189 3295 d.
1211 3241 1319 3295 ΙΙΙ.
1340 3241 1487 3298 Non.
1508 3239 1632 3296 Oct.
1657 3258 1705 3294 a.
1725 3258 1781 3294 u.
1801 3258 1849 3294 e.
1873 3241 1989 3294 ΕΗΒ.

272 3343 615 3404 TULLIUS
671 3343 727 3401 S.
779 3345 853 3398 D.
910 3342 1358 3400 TERENTIAE
1409 3342 1514 3398 ET
1568 3342 2021 3402 TULLfflLffl
2069 3342 2174 3398 ΕΤ

930 3427 1290 3486 CICERONI
1327 3426 1513 3485 SUIS.

317 3544 473 3610 Noli
522 3555 748 3631 putare
814 3567 919 3609 me
971 3544 1055 3609 ad
1115 3565 1508 3628 quemquam
1569 3544 1889 3630 longiores
1945 3542 2246 3630 epistolas
2286 3562 2310 3598 ι

195 3639 502 3714 scribere,
556 3638 680 3703 nisi
724 3638 779 3703 si
813 3638 957 3722 quis
994 3638 1078 3703 ad
1111 3661 1214 3705 me
1259 3639 1447 3724 plura
1482 3638 1765 3724 scripsit,
1821 3638 1925 3702 eui
1961 3650 2121 3722 puto
2154 3662 2254 3702 re-

196 3733 386 3800 scribi
420 3743 743 3818 oportere3
796 3754 917 3799 nec
951 3732 1121 3798 enim
1155 3733 1364 3799 habeo
1400 3732 1575 3816 quod
1611 3734 1917 3810 scribam,
1968 3754 2085 3798 nee
2133 3734 2254 3798 hue

194 3841 481 3914 tempore
534 3826 882 3911 quicquam
926 3826 1247 3892 difficilius
1304 3827 1493 3893 facio.
1594 3830 1677 3892 ad
1729 3842 1793 3894 te
1849 3850 1997 3894 vero
2053 3838 2117 3894 et
2174 3826 2254 3890 ad

193 3932 479 3987 nostram
513 3919 860 3987 Tulliolam
902 3942 1034 3989 non
1074 3942 1242 4007 queo
1278 3922 1415 3988 sine
1461 3921 1749 4008 plurimis
1789 3922 2061 3986 lacrimis
2101 3922 2258 3986 seri-

194 4013 372 4095 bere3
410 4037 524 4081 vos
561 4015 732 4084 enim
766 4015 955 4082 video
993 4038 1131 4083 esse
1166 4015 1574 4095 miserrimas,
1610 4037 1769 4103 quas
1809 4038 1929 4102 ego
1965 4014 2258 4082 beatissi-
