2675 4559
419 154 508 221 24
1036 159 1114 215 M.
1149 158 1425 217 TULLII
1458 154 1858 213 CICERONIS

424 291 685 363 nuzuneri,
725 283 934 371 rogari
968 305 1120 349 vero
1156 281 1293 347 sine
1327 302 1564 366 magno
1593 280 1809 346 dolore
1844 281 1953 345 vix
1987 278 2245 365 possim.
2300 277 2480 362 quod

424 387 501 451 de
541 383 765 463 Quinti
813 378 1026 446 fratris
1069 376 1330 462 negotio
1377 375 1599 440 scribis
1637 386 1700 440 te
1743 375 1955 459 priore
1990 383 2261 451 aestate,
2300 372 2478 456 quod

424 479 645 543 morbo
673 474 990 559 inpeditus
1024 473 1092 538 in
1123 469 1419 537 Ciliciam
1453 490 1584 546 non
1618 469 1962 547 transieris,
1998 468 2309 534 conficere
2342 488 2479 532 non

420 571 733 659 putuisse,
789 589 958 633 nunc
992 576 1209 632 autem
1253 564 1469 629 omnia
1512 564 1865 641 facturum,
1916 574 1991 629 ut
2025 562 2354 638 conficias,
2406 560 2478 625 id

420 671 577 731 scits·
627 687 761 727 csse
809 662 946 727 eius
989 659 1190 737 modi,
1245 670 1318 724 ut
1360 658 1558 724 frater
1601 682 1781 725 meus
1817 680 1967 723 vere
2001 657 2317 723 existimet
2363 655 2481 720 ad-

420 763 637 823 iuncto
673 759 793 819 istu
838 754 1040 820 fimdo
1083 752 1540 840 patrimonium
1583 752 1722 817 fore
1758 774 1947 817 suum
1989 774 2105 837 per
2138 761 2203 815 te
2240 748 2481 815 consti-

424 871 649 915 tutum.
741 867 809 915 tu
845 872 948 915 me
995 849 1075 914 de
1120 848 1249 949 tuis
1289 848 1487 913 rebus
1522 847 1818 912 omnibus
1865 857 1930 911 et
1965 846 2045 911 de
2080 843 2348 911 Lentuli
2381 843 2481 908 tui

420 951 745 1027 nostrique
785 944 1007 1011 studiis
1043 953 1108 1008 et
1153 941 1710 1008 exercitationibus
1744 942 1938 1006 velim
1972 962 2169 1025 quam
2201 938 2479 1005 familia-

420 1043 665 1103 rissime
697 1063 765 1103 ce
773 1039 1024 1104 rtiorem
1053 1047 1117 1103 et
1151 1058 1349 1121 quam
1373 1036 1740 1121 saepissime
1774 1035 1973 1101 facias
2002 1034 2479 1115 existumesque

420 1137 737 1199 neminem
793 1132 1094 1216 cuiquam
1152 1152 1363 1215 neque
1414 1130 1723 1197 cariorem
1773 1150 1982 1213 neque
2032 1128 2480 1193 iucundiorem

422 1255 725 1311 umquam
765 1227 960 1291 fuisse
1005 1246 1200 1309 quam
1235 1235 1299 1289 te
1333 1224 1492 1291 mihi
1536 1223 1730 1308 idque
1765 1246 1867 1288 me
1902 1246 2033 1288 non
2066 1221 2260 1288 modo
2295 1231 2374 1286 ut
2406 1231 2479 1285 tu

420 1325 685 1395 sentias,
741 1319 852 1387 sed
886 1330 960 1384 ut
993 1339 1214 1384 omnes
1250 1329 1503 1404 gentes,
1559 1318 1753 1383 etiam
1786 1327 1860 1381 ut
1892 1318 2230 1403 posteritas
2267 1314 2478 1381 omnis

420 1419 773 1499 intellegat,
821 1437 962 1480 esse
1005 1414 1346 1479 facturum.
1434 1413 1691 1498 Appius
1735 1413 1804 1477 in
1846 1412 2248 1477 sermonibus
2286 1420 2483 1477 antea

420 1512 777 1587 distitutis-l„
833 1520 1058 1595 postea
1093 1508 1253 1573 dixit
1286 1509 1479 1574 etiam
1520 1508 1589 1572 in
1624 1517 1852 1576 senatu
1894 1508 2139 1593 palam,
2194 1530 2371 1585 sese,
2428 1506 2485 1571 si

416 1607 661 1667 lia-:ium
701 1614 865 1671 uisset
906 1603 1120 1689 legem
1155 1602 1465 1667 curiatam
1498 1601 1695 1679 ferre,
1739 1602 2115 1667 sortiturum
2148 1624 2291 1668 esse
2330 1624 2485 1667 cum

420 1703 665 1783 fflssnllega
701 1697 1088 1783 {tirovincias3
1125 1697 1181 1761 si
1207 1697 1451 1762 curiata
1484 1696 1590 1761 lex
1617 1718 1747 1761 non
1777 1707 1965 1773 esset,
2002 1719 2071 1761 se
2098 1707 2485 1782 paraturum

420 1819 565 1855 vum
597 1795 841 1875 ⁴21*ssan
867 1790 1113 1875 tibique
1140 1810 1613 1866 successurum3
1649 1791 1860 1876 legem
1888 1790 2199 1856 curiatam
2226 1792 2486 1858 consuli

416 1891 561 1951 sel-ri
605 1911 761 1971 tmpus
801 1908 961 1961 esse,
996 1906 1256 1950 necesse
1283 1905 1414 1948 non
1443 1906 1583 1949 esse
1593 1909 1611 1960 ;
1650 1907 1738 1962 se,
1774 1886 2078 1968 quoniam
2105 1908 2187 1951 ex
2213 1898 2485 1952 senatus

420 1983 705 2043 &suffulta
761 1978 1153 2063 provinciam
1215 1976 1510 2053 haberet,
1570 1977 1716 2064 lege
1771 1975 2071 2044 Cornelia
2129 1978 2486 2065 imperium

416 2075 813 2147 habiturum,
858 2072 1074 2154 quoad
1116 2070 1186 2139 in
1218 2070 1446 2136 urbem
1487 2070 1827 2137 introisset.
1917 2096 2060 2159 ego,
2096 2074 2253 2159 quid
2292 2075 2379 2139 ad
2418 2086 2485 2141 te

416 2187 669 2231 murm-11
701 2167 970 2249 quisque
999 2166 1504 2231 necessariorum
1531 2167 1785 2244 scribat,
1818 2170 2065 2246 nesci03
2099 2170 2314 2235 varias
2334 2194 2485 2236 esse

416 2259 745 2343 *sq-,ainimiffi
793 2259 1125 2344 intellego:
1176 2269 1326 2328 sunt
1372 2260 1485 2342 qui
1526 2271 1757 2345 putant
1796 2282 1985 2346 posse
2020 2274 2085 2334 te
2116 2285 2251 2329 non
2286 2264 2485 2331 dece-

416 2355 585 2427 dere,
627 2355 801 2435 quud
837 2351 970 2418 sine
1005 2352 1150 2438 lege
1188 2353 1431 2419 curiata
1465 2355 1582 2418 tibi
1618 2355 1996 2421 succedatur
2005 2381 2025 2433 ;
2070 2368 2223 2423 sunt
2258 2359 2479 2436 etiam,

412 2451 541 2531 τῑμιῐ,
585 2451 633 2511 si
669 2447 958 2524 decedas,
996 2470 1037 2511 a
1061 2456 1124 2511 te
1150 2446 1424 2531 relinqui
1450 2470 1639 2534 posse
1665 2449 1775 2531 qui
1810 2450 2174 2534 provinciae
2208 2454 2477 2537 praesit.

412 2543 565 2603 mihi
625 2567 741 2603 nnn
801 2559 932 2606 tam
979 2539 1061 2606 de
1107 2540 1247 2606 iure
1293 2552 1539 2607 certum
1583 2552 1681 2606 est
1715 2578 1803 2588 —
1836 2564 2233 2627 quamquam
2274 2569 2361 2613 ne
2406 2547 2479 2613 id

412 2635 665 2719 quidem
713 2635 891 2700 walde
929 2634 1199 2700 dubium
1241 2645 1340 2700 est
1371 2670 1461 2681 —-
1494 2656 1689 2718 quam
1721 2635 1913 2713 illud,
1960 2638 2044 2701 ad
2079 2649 2260 2703 tuam
2296 2663 2477 2705 sum-

408 2755 577 2792 mam
617 2729 1129 2815 :11·11['÷litudinem,
1177 2727 1585 2814 dignitatem,
1635 2728 2021 2808 libertatem,
2068 2753 2202 2816 qua
2235 2744 2299 2798 te
2338 2734 2474 2799 scio

408 2827 821 2887 libentissime
855 2823 983 2886 frui
1017 2824 1251 2900 solere,
1297 2822 1613 2907 pertinere
1658 2833 1721 2888 te
1758 2824 1893 2891 sine
1937 2826 2070 2889 ulla
2102 2849 2287 2894 mora
2319 2851 2474 2914 pro-

412 2919 681 2979 vincias-n
721 2916 1070 2981 miecessori
1104 2915 1473 2993 concedere,
1509 2918 1884 3002 praesertim
1911 2941 2060 2984 cum
2090 2922 2228 2987 sine
2256 2924 2472 3010 suspi-

408 3011 577 3071 tione
625 3027 773 3071 tuae
809 3008 1172 3094 cupiditatis
1209 3031 1337 3074 non
1381 3010 1589 3095 possis
1634 3011 1804 3076 illius
1841 3015 2257 3100 cupiditatem
2291 3018 2470 3084 refu-

408 3119 561 3167 tare.
653 3127 773 3187 ego
809 3113 1148 3187 utrumque
1194 3126 1412 3169 meum
1457 3116 1614 3189 puto
1660 3128 1827 3184 esse,
1881 3119 1946 3173 et
1987 3110 2144 3193 quid
2190 3112 2470 3178 sentiam

408 3199 737 3263 estendere
777 3211 837 3263 et
873 3197 1047 3281 quod
1079 3198 1307 3266 feceris
1344 3197 1707 3266 defendere.

541 3291 793 3375 Scripta
837 3291 964 3356 iam
999 3290 1269 3376 epistola
1303 3292 1629 3378 superiore
1665 3293 1885 3380 accepi
1920 3305 2064 3360 tuas
2097 3297 2347 3365 litteras
2386 3300 2467 3366 de

408 3387 781 3465 publicanis,
817 3387 884 3447 in
911 3383 1144 3467 quibus
1173 3386 1559 3469 aequitatem
1586 3395 1764 3453 tuam
1789 3410 1920 3453 non
1945 3389 2130 3474 potui
2153 3414 2288 3457 non
2315 3415 2470 3479 pro-

408 3479 585 3551 bru-m
625 3479 925 3541 facilitate
960 3478 1220 3560 quidem
1244 3478 1475 3543 vellem
1501 3480 1807 3563 consequi
1833 3483 2175 3567 potuisses,
2210 3510 2295 3551 ne
2323 3489 2467 3553 eius

404 3571 661 3643 mulinis,
697 3591 888 3651 {luem
925 3592 1176 3655 semper
1209 3570 1466 3648 ornasti,
1502 3594 1638 3639 rem
1676 3585 1790 3639 aut
1822 3576 2221 3643 voluntatem
2257 3578 2465 3646 offen-

404 3663 605 3727 deres.
677 3662 971 3743 equidem
1003 3684 1130 3727 non
1167 3662 1455 3729 desinam
1491 3675 1603 3731 tua
1637 3666 1894 3735 decreta
1929 3670 2308 3752 defendere;
2347 3675 2465 3741 sed

400 3759 565 3819 :nosti
613 3756 1134 3823 fflmsuetudinem
1168 3757 1529 3837 hominum3
1578 3760 1735 3840 scis,
1782 3785 1979 3847 quam
2014 3768 2303 3851 graviter
2336 3769 2464 3835 ini-

403 3851 545 3911 mici
593 3851 709 3931 ipsi
758 3851 845 3915 illi
887 3847 973 3931 Q.
1013 3849 1363 3917 Scaevolae
1404 3852 1676 3932 fuerint3
1722 3856 1840 3920 tibi
1886 3869 2103 3925 tamen
2148 3884 2297 3927 sum
2344 3886 2465 3928 au-

404 3959 561 4008 ster.
613 3955 705 4015 ut,
757 3947 809 4007 si
845 3944 1077 4029 quibus
1119 3947 1312 4012 rebus
1356 3946 1592 4033 possis,
1647 3970 1795 4013 eum
1838 3949 1956 4015 tibi
2005 3952 2299 4021 ordinem
2346 3967 2462 4022 aut
