2675 4559
913 264 1265 309 ADNOTATIO
1305 265 1565 309 cm'rIGA.
2128 266 2329 314 XXXV

169 379 388 433 Varrone
413 377 486 431 de
520 376 652 449 ling.
677 377 778 430 lat.
806 374 904 445 VI,
935 382 983 432 9.
1009 395 1064 448 p.
1094 383 1375 432 263.1rant
1397 376 1515 431 Mk.
1533 408 1598 419 ·—
1618 395 1833 433 causam
1856 380 1981 433 haec
2005 378 2159 434 M.—-
2174 384 2333 437 relin-

168 456 398 527 Speng.)=
439 456 504 508 de
544 454 808 524 republica
847 471 897 523 q.
935 470 992 523 p.
1037 454 1114 507 M.
1147 486 1218 495 --
1250 454 1829 526 quendusCratander:
1850 458 2330 529 relinquendumM.

165 533 335 600 referre
372 529 449 584 M.
494 562 566 573 --
595 531 788 599 possit]
830 547 984 599 posse
1025 530 1103 585 M.
1145 562 1218 574 --
1249 535 1385 586 —in
1402 530 1943 604 quamBentivolius:
1963 536 2319 605 quanam.—

162 614 278 675 eum]
316 617 422 661 tum
467 607 546 661 M.
586 636 655 649 ·—-
697 608 986 661 existimari
1026 607 1102 662 M.
1147 638 1217 651 -·
1241 611 1465 679 pararis
1505 608 1581 662 M.
1606 608 1625 679 fl
1654 614 1703 662 3.
1731 612 1993 679 pati-scum
2024 610 2163 683 (non
2187 615 2329 683 pati-

161 688 255 737 huic
295 686 768 739 senatusconsultus
817 682 896 736 M.
949 714 1016 725 -—
1057 686 1216 739 inter-
1248 686 1449 757 schum)
1482 686 1695 739 curione
1727 686 1805 740 M.
1840 717 1909 727 —-
1941 690 2163 743 tenueras
2196 688 2331 745 Cra*

164 764 336 815 cesserit
377 760 464 815 M:
513 762 880 815 intercessisset
924 760 980 813 k.
1021 792 1092 803 -—
1133 782 1214 817 re·
1248 763 1477 817 tander:
1512 772 1709 817 teneres
1740 762 1817 817 M.
1854 795 1923 805 —
1956 766 2219 835 cybiratas
2252 766 2327 819 M.

164 838 278 905 ferre
321 838 394 891 M.
448 868 523 881 -—
578 840 632 893 0.
681 840 915 905 Caelius]
965 838 1214 894 Praeno-
1248 870 1318 879 ——
1342 842 1435 907 ad]
1465 848 1519 892 at
1543 838 1619 891 M.
1647 870 1709 879 -
1736 844 2014 903 ostenderis
2048 844 2331 897 ostenderis

164 932 263 969 men
295 916 347 969 h.
389 915 428 968 l.
471 931 588 969 non
627 930 732 970 om.
777 914 854 968 Μ.
899 943 968 957 --
1009 918 1044 969 l.
1087 918 1216 970 uici-
1249 916 1459 987 (priore
1504 916 1781 970 vocabulo
1828 918 2041 991 deleto)
2086 919 2163 979 M.
2208 923 2227 989 ss
2276 927 2326 973 4.

161 994 254 1045 nius
283 994 492 1062 publius
533 1008 678 1046 corn.
721 991 870 1064 (sie)
901 993 978 1046 M.
1011 1024 1081 1035 —-
1121 996 1216 1047 tri-
1248 994 1466 1064 equitem
1494 993 1589 1059 R.]
1628 1011 1669 1047 e.
1704 1013 1753 1064 q.
1786 1013 1833 1048 r.
1869 994 1946 1048 M.
1982 1026 2048 1037 --
2080 997 2209 1050 istoc
2240 995 2329 1049 M:
2358 988 2363 997 ’

163 1070 264 1121 huni
287 1071 359 1139 pl.
401 1067 673 1123 Orellius:
717 1084 824 1123 om.
867 1068 944 1123 M.
987 1073 1006 1139 ΙΙ
1043 1079 1091 1124 ’1.
1124 1071 1381 1125 sti-istuc
1403 1069 1590 1139 vulgo.
1627 1100 1684 1109 -·-
1716 1072 1927 1138 habeas]
1954 1073 2137 1126 habeat
2159 1072 2237 1125 M.
2260 1102 2329 1115 --

155 1147 341 1215 penfflae
368 1148 558 1200 merita
591 1146 670 1201 M.
705 1178 776 1187 --
807 1147 1010 1215 referre
1040 1146 1118 1201 M.
1146 1178 1216 1189 --·-
1247 1146 1455 1213 habent]
1482 1146 1630 1199 habet
1652 1146 1730 1201 Μ.
1752 1178 1814 1189 --
1834 1150 1973 1220 quod
1994 1150 2159 1215 τίω-υ·
2182 1148 2331 1216 factu

157 1224 256 1275 kuic
281 1224 750 1277 senatusconsultus
774 1222 849 1277 M.
874 1254 946 1265 --
977 1234 1026 1277 et
1057 1227 1118 1279 de
1151 1242 1214 1280 ea
1248 1224 1316 1275 sit
1346 1222 1538 1294 Kleyn
1572 1222 1651 1295 (p.
1684 1223 1822 1296 49.):
1863 1226 2003 1295 quod
2033 1225 2127 1278 tibi
2147 1254 2169 1265 ·
2194 1254 2219 1267 ··
2242 1225 2327 1293 fa·

161 1302 390 1369 republica
419 1302 592 1355 adbuc
627 1302 858 1357 ordinem
893 1301 970 1355 M.
997 1332 1066 1343 —
1098 1304 1214 1355 huic
1249 1309 1384 1353 ctum
1406 1310 1483 1353 est
1504 1300 1588 1367 M,
1624 1302 1765 1371 quod
1786 1302 1879 1355 tibi
1896 1331 1919 1343 -
1944 1330 1966 1342 -
1990 1300 2141 1369 factu
2174 1312 2250 1355 est
2270 1302 2328 1371 k,

43 1424 52 1431 .
160 1386 308 1429 senato
331 1418 345 1431 .
370 1396 414 1431 c.
459 1378 750 1431 intercessit
791 1380 984 1433 coelius
1023 1377 1101 1433 M.
1143 1410 1214 1419 -
1247 1378 1422 1446 quoad
1442 1378 1536 1431 tibi
1556 1408 1579 1417 -
1604 1407 1626 1417 -
1657 1377 1809 1446 factu
1839 1387 1913 1432 est
1937 1375 2197 1435 Orellius.
2222 1381 2243 1448 ΙΙ
2277 1386 2326 1433 5.

161 1456 360 1507 tribunus
381 1457 452 1523 pl.
481 1453 562 1507 M.
599 1457 620 1523 ΙΙ
655 1460 704 1509 8.
733 1455 789 1508 in
805 1458 1108 1525 prouiniam
1131 1454 1208 1508 M.
1244 1453 1476 1521 fauo'lum
1508 1452 1585 1507 M.
1622 1484 1689 1495 --
1722 1472 1837 1508 cum
1869 1458 2122 1509 exereitus
2155 1455 2231 1509 M.
2258 1487 2327 1497 —-

159 1561 212 1570 —
231 1550 285 1583 ex
310 1534 738 1585 senatuconsultu
770 1531 847 1585 M.
871 1562 941 1573 —-
973 1543 1213 1603 oportere
1246 1533 1509 1584 consulem
1518 1548 1743 1585 essenon
1754 1534 1872 1586 volt.
1882 1534 2105 1602 ipsenos
2118 1552 2131 1585 ε
2144 1536 2329 1587 consul

157 1607 292 1660 M.—
311 1626 436 1679 quos
457 1626 501 1661 s.
531 1626 581 1661 c.
608 1609 738 1681 (om.
757 1610 842 1681 ex)
862 1608 938 1663 M.
967 1641 1030 1649 —
1049 1627 1210 1679 prae—
1243 1608 1355 1677 ipse
1386 1606 1472 1674 M,
1507 1611 1773 1662 consulem
1792 1648 2091 1663 .........
2111 1611 2235 1679 Ipse
2266 1610 2324 1663 k.

159 1691 320 1751 torum]
334 1704 390 1755 p.
409 1705 455 1738 r.
475 1684 563 1737 M.
581 1715 650 1726 ·—·
667 1697 806 1740 sorte
827 1690 884 1741 in
900 1688 1211 1756 prouincias
1246 1683 1449 1755 (aperte
1469 1702 1577 1737 non
1600 1687 1709 1737 vult
1736 1686 2011 1738 Caesarem
2038 1717 2059 1726 -
2084 1716 2106 1728 -
2130 1696 2179 1739 et
2201 1704 2325 1740 con-

156 1760 454 1817 Cratander:
485 1772 638 1815 sorte
658 1764 714 1826 in
729 1764 1065 1832 prouinciam
1089 1762 1207 1817 ΜΚ.
1243 1763 1409 1815 sulem
1441 1778 1566 1814 esse.
1614 1763 1739 1828 Ipse
1770 1760 2123 1831 Lambinus.)
2148 1793 2214 1803 --
2244 1780 2325 1817 se-

155 1838 223 1891 Of.
245 1839 596 1909 Wesenberg
629 1856 686 1909 p.
713 1845 796 1894 24.
819 1872 890 1881 —
922 1842 1112 1910 colleyi
1131 1840 1209 1894 M.
1243 1846 1401 1891 natus
1425 1839 1690 1890 consultus
1713 1836 1789 1889 M.
1820 1868 1883 1877 —-·
1906 1840 2014 1892 kal.
2041 1840 2223 1892 martis
2247 1838 2326 1892 M.

155 1942 210 1955 ·-
245 1918 349 1969 huic
399 1918 886 1971 senatusconsultus
942 1918 1210 1989 (utroque
1246 1944 1310 1955 --
1331 1914 1491 1983 gallis
1513 1912 1590 1967 M.
1618 1944 1681 1955 -
1711 1915 1917 1969 baldum
1950 1914 2051 1969 M1.
2078 1946 2145 1955 --
2168 1932 2325 1984 quae-

155 1990 272 2065 loeo)
293 1991 363 2047 M.
388 2026 458 2035 —
480 1994 688 2049 caelius
717 2010 858 2047 eorr.
894 1995 1019 2059 ead.
1052 2012 1124 2047 m.
1151 1994 1211 2049 in
1242 2001 1379 2045 stum
1401 1990 1479 2043 M.
1506 2020 1566 2031 --
1596 1991 1967 2048 desen-tissimus
1989 1990 2090 2045 Ml.
2122 1992 2143 2061 ss
2171 1991 2327 2047 Inter

155 2072 314 2123 coelius
333 2070 408 2123 M.
432 2100 507 2113 -—
533 2072 778 2125 tribunus
800 2071 970 2141 plebis
999 2070 1076 2125 M.
1101 2071 1122 2142 ΙΙ
1161 2077 1208 2124 9.
1243 2067 1513 2137 epistolas
1542 2083 1746 2122 nonam
1771 2073 1831 2124 et
1861 2067 2135 2123 decimam
2165 2084 2323 2140 repe-

151 2150 325 2216 pompa·
343 2147 418 2201 M.
445 2176 516 2189 --
563 2148 832 2215 Caesaris]
867 2164 1002 2202 caes.
1039 2147 1115 2201 M.
1141 2176 1210 2191 -—
1242 2144 1381 2199 titur
1410 2143 1549 2197 libri.
1573 2143 1803 2199 secundi
1836 2143 2077 2216 epistole.
2116 2145 2339 2202 'duode-.

155 2225 296 2293 inquis
315 2224 388 2277 M.
412 2255 484 2266 —
519 2228 608 2292 at]
651 2226 722 2278 ad
743 2224 819 2278 M.
846 2254 915 2265 ··-
945 2225 1108 2297 efficit
1131 2224 1208 2279 M.
1243 2220 1389 2275 eima
1412 2220 1469 2274 in
1493 2219 1569 2275 M.
1866 2278 1871 2283 ,

153 2303 220 2351 sui
235 2303 356 2355 ratio
378 2301 591 2355 Aldus.
617 2302 636 2369 ΙΙ
666 2307 745 2357 10.
776 2303 956 2369 Curio,
979 2304 1072 2355 sed
1091 2304 1214 2356 man·
1309 2296 1415 2367 Ep.
1440 2305 1521 2353 10.
1548 2296 1593 2369 ἓ.
1619 2304 1665 2351 1.
1694 2299 1891 2365 Cassii]
1916 2301 2144 2353 caesaris
2164 2299 2239 2352 M.
2254 2330 2324 2341 -

152 2374 410 2449 Pluygers.
443 2408 516 2419 --
553 2378 774 2431 dedisset
803 2396 996 2449 easque
1028 2381 1100 2432 ad
1129 2378 1206 2432 M.
1247 2376 1623 2444 C'ommaqenen
1662 2374 2043 2447 Wesenberg:
2094 2394 2321 2429 comma-

153 2484 206 2493 —-
225 2457 413 2509 aduecti
441 2454 523 2509 Μ.
563 2484 634 2495 --
669 2456 838 2524 potuit
877 2458 1210 2525 supersedere
1237 2454 1411 2521 qincm
1456 2451 1541 2519 M,
1593 2454 1987 2521 C'ommaqenem
2032 2452 2220 2523 vulgo.
2254 2482 2323 2493 -—-·

153 2528 221 2597 M,
257 2533 401 2601 potui
443 2534 788 2601 supersedere
815 2530 1115 2603 Pluygers.
1141 2562 1209 2573 --
1241 2546 1401 2598 quam
1446 2530 1737 2597 imparatus
1781 2526 2119 2583 Lambinus:
2168 2546 2322 2599 quam

151 2607 278 2661 Fort.
307 2611 428 2663 dari
463 2626 680 2663 necesse
717 2610 810 2663 vel
839 2611 970 2663 dare
1000 2626 1082 2663 me
1117 2627 1208 2661 ne·-
1234 2615 1465 2675 paratus
1495 2604 1613 2658 Mk.
1685 2602 1771 2658 cf.
1796 2604 1911 2659 Cic.
1947 2606 2021 2659 ad.
2040 2606 2162 2659 Att.
2191 2604 2319 2672 VH,

151 2702 280 2739 cesse.
300 2716 367 2726 —
388 2688 524 2741 istoc
572 2684 676 2743 Mt.
702 2686 834 2739 istuc
874 2685 1061 2755 vulgo.
1120 2684 1206 2741 Of.
1247 2689 1337 2750 15,
1366 2688 1415 2735 3.
1440 2712 1509 2723 -—
1542 2682 1806 2748 diqnitatis
1840 2691 1959 2735 tuae
1990 2680 2068 2733 M.
2094 2712 2163 2721 —-
2194 2692 2323 2733 esset

151 2758 390 2819 wesenb.
422 2780 479 2833 p.
520 2767 644 2817 125.
666 2790 738 2803 ·--
767 2764 860 2828 iis]
890 2764 937 2815 is
957 2761 1080 2833 Μ.ΙΙ
1113 2762 1208 2817 In-
1243 2760 1489 2813 timuisset
1512 2755 1590 2810 M.
1612 2786 1682 2795 -——
1706 2758 1943 2825 tetiyisset
1966 2758 2166 2812 italiam
2190 2755 2265 2808 M.
2292 2759 2312 2825 ΙΙ

151 2844 220 2893 ter
245 2840 504 2911 epistolas
537 2843 801 2893 octavam
825 2843 884 2893 et
912 2856 1120 2895 nonam
1149 2838 1211 2893 in
1243 2842 1292 2889 2.
1325 2836 1675 2889 exer-citarum
1698 2832 1775 2885 M.
1800 2864 1864 2875 -
1890 2852 1954 2887 ex
1984 2841 2167 2888 senatu
2200 2850 2321 2885 con-

153 2912 200 2967 M
225 2918 486 2987 repetitur
527 2914 666 2970 libri
698 2915 930 2971 secundi
971 2915 1211 2986 epistola
1241 2915 1385 2967 sulcu
1406 2910 1705 2966 M.-illud
1722 2919 1937 2965 senatus
1958 2912 2225 2965 consultus
2242 2907 2319 2962 M.

151 2994 318 3060 prima.
1241 3018 1308 3031 -·
1331 2998 1393 3043 ut-
1414 2988 1666 3059 plaudati
1692 2986 1769 3041 M.
1794 3018 1863 3029 --
1884 2989 2123 3042 inertias!
2152 2985 2229 3039 M.
2252 3012 2323 3026 --

233 3070 328 3140 Ep.
353 3079 402 3125 9.
427 3072 478 3141 ᾖ.
509 3078 564 3125 1.
589 3072 795 3123 minime
817 3067 895 3121 M.
917 3098 989 3109 --
1015 3070 1208 3123 Caesa·
1243 3070 1443 3121 deiotar
1466 3066 1541 3119 M.
1564 3096 1635 3105 —
1657 3066 1915 3130 veniebat]
1939 3065 2115 3119 ueniat
2136 3062 2215 3131 M,
2238 3081 2321 3115 ve-

152 3153 264 3213 rem]
285 3166 415 3202 caes.
442 3147 523 3201 M.
552 3177 622 3188 —
647 3146 770 3199 dicit
801 3161 941 3199 corr.
976 3144 1102 3201 ead.
1135 3162 1208 3199 m.
1242 3154 1395 3199 uerat
1420 3142 1534 3197 ahi.
1552 3172 1621 3181 --
1646 3141 1735 3209 ab]
1764 3144 1835 3195 ad
1857 3140 1934 3196 M.
1951 3172 2021 3181 —
2040 3150 2223 3210 partos
2242 3138 2319 3191 M.

153 3239 208 3276 ex
225 3228 352 3279 dicat
373 3225 454 3279 M.
482 3255 549 3267 —
581 3224 884 3291 obturqatus
908 3239 972 3277 ac
995 3224 1209 3291 repulsa
1243 3252 1310 3261 --
1333 3220 1677 3273 renuntiasset
1700 3216 1777 3269 M.
1800 3248 1871 3259 --
1904 3219 2189 3290 belificatus
2222 3215 2319 3269 alie

154 3297 221 3353 M:
266 3304 503 3373 obiuryat
547 3320 570 3353 .-
611 3300 806 3355 .scilicet
853 3301 952 3353 hac
999 3301 1210 3368 repulsa
1244 3299 1335 3369 qui
1356 3296 1433 3351 M.
1456 3326 1527 3335 --
1548 3292 1835 3359 referretur
1859 3297 2013 3347 sciret
2033 3292 2323 3345 reticuisset

151 3392 258 3431 eum
283 3377 540 3433 Manutio
568 3375 623 3430 k.
649 3406 718 3419 —
753 3394 942 3431 causas
973 3377 1210 3429 liberales
1243 3374 1322 3429 M.
1353 3375 1443 3441 113.
1460 3372 1581 3437 hos]
1602 3372 1696 3425 hoc
1714 3369 1790 3423 M.
1809 3402 1877 3411 —-
1894 3372 2001 3440 qui,
2024 3372 2185 3438 quae]
2210 3368 2319 3436 qui-

153 3451 428 3511 Victorius:
473 3471 700 3509 causam
729 3454 960 3509 liberalis
993 3452 1068 3507 M.
1105 3455 1124 3521 ss
1162 3458 1208 3505 2.
1243 3468 1343 3521 que
1363 3448 1442 3503 M.
1467 3478 1536 3489 —-
1558 3450 1743 3517 ayunt]
1778 3448 1927 3501 aiunt
1948 3444 2025 3503 M.
2048 3474 2119 3485 -
2149 3445 2319 3511 novis]

151 3530 470 3599 interpellavit
503 3530 866 3601 Wesenberg
899 3531 974 3600 (p.
1005 3535 1121 3585 109.
1155 3535 1214 3583 et
1243 3528 1393 3581 nobis
1415 3526 1496 3580 M.
1518 3554 1589 3567 -
1618 3525 1893 3594 occupauit
1915 3523 1993 3578 M.
2017 3552 2086 3565 --
2116 3522 2199 3577 sin
2232 3530 2325 3578 aut

151 3607 217 3659 ad
237 3606 390 3662 Tuae.
419 3608 570 3677 disp.
603 3606 672 3661 P.
695 3606 772 3661 ΙΙ.
799 3623 855 3676 p.
881 3612 967 3660 31.
990 3606 1098 3676 n.):
1131 3606 1210 3657 in-
1243 3622 1351 3657 non
1374 3605 1471 3657 erit
1494 3618 1624 3656 nos:
1654 3604 1735 3655 sin
1770 3611 1861 3656 aut
1892 3604 1961 3655 sit
1982 3608 2075 3655 aut
2094 3616 2202 3652 non
2224 3599 2323 3651 erit

151 3686 364 3752 terpetlat
395 3685 518 3739 Mk.
556 3714 624 3725 --
655 3685 712 3738 in
741 3684 870 3739 Kal.
903 3700 990 3737 res
1019 3682 1212 3737 reiecta
1244 3680 1329 3749 M,
1355 3682 1437 3735 sin
1470 3689 1640 3733 autem
1673 3688 1764 3732 aut
1796 3698 1903 3733 non
1938 3680 2035 3731 'erit
2058 3676 2115 3729 k.
2142 3700 2208 3715 --
2231 3682 2323 3726 aut

153 3770 241 3824 «ευ
269 3780 329 3815 ne
361 3761 640 3817 oremus:
672 3761 728 3813 in
760 3762 869 3814 kal.
904 3761 1096 3813 reiecta
1135 3767 1212 3811 est
1246 3762 1473 3823 tantum]
1498 3766 1668 3809 autem
1692 3766 1799 3809 tum
1818 3752 1991 3827 M.-
2011 3754 2319 3805 iastaturum

155 3852 210 3887 ne
225 3836 296 3905 M,
317 3840 371 3892 in
386 3840 522 3895 Kal.
545 3839 736 3892 reiecta
757 3832 844 3891 res
867 3846 942 3891 est
950 3857 972 3903 ‚·
993 3854 1060 3889 ne
1076 3834 1210 3891 We·
1245 3834 1319 3889 M.
1339 3864 1407 3875 -—
1424 3835 1637 3903 quodvis
1661 3828 1997 3887 Cratander:
2020 3828 2225 3899 quiduis
2241 3824 2318 3879 M.

155 3913 288 3968 aenb.
309 3916 390 3986 (p.
419 3915 594 3985 109.),
620 3916 676 3969 in
698 3914 826 3969 Kal.
852 3917 994 3983 Sept.
1020 3930 1104 3967 res
1127 3930 1210 3965 re·
1245 3942 1314 3952 -
1334 3912 1671 3965 munuculum
1694 3906 1771 3959 M.
1792 3937 1858 3945 —
1875 3906 2095 3974 paullus
2117 3902 2234 3957 ΜΚ.
2254 3932 2321 3991 -·-

155 3988 266 4043 iectu
279 4002 382 4058 est,·
403 3988 862 4063 nePluygers,In
871 3990 996 4044 Kal.
1024 3990 1214 4042 reiecta
1241 3988 1505 4056 suspicari
1532 4003 1641 4039 non
1666 3998 1881 4052 possum
1912 3982 2036 4035 haec
2066 3982 2193 4034 noui
2222 3982 2320 4033 alz-

157 4080 204 4115 re
217 4067 406 4121 nek.--
405 4078 693 4139 pot-uerunt
702 4066 988 4125 Victorius
1001 4084 1014 4119 ι
1028 4075 1210 4136 potue·
1244 4082 1379 4136 quae
1394 4077 1609 4133 possum
1626 4058 2066 4186 (verbzefoswm
2083 4059 2129 4109 h.
2149 4075 2199 4109 n.
2222 4056 2321 4109 ali·-

1961 4401 1983 4433 'x
