2675 4559
619 265 1178 324 EPISTOLARUM
1211 267 1286 323 X.
1326 268 1549 324 18—21.
1988 258 2115 324 232]

118 394 377 461 vellemus
420 390 501 455 de
546 389 826 476 Lepido,
878 389 1072 455 modo
1117 399 1342 456 contra
1385 391 1875 470 nuntiabantur;
1929 389 2012 458 de
2059 404 2119 456 te

117 501 291 553 tamen
318 486 491 551 fama
517 495 815 550 constans
850 506 971 550 nec
999 485 1209 571 decipi
1243 506 1435 571 posse
1470 508 1593 551 nec
1619 485 1810 564 vinci,
1847 505 2122 571 quorum.

119 580 331 648 alterius
380 579 638 644 fortuna
686 589 939 665 partem
989 578 1187 647 habet
1238 580 1596 663 quandam,
1651 581 1926 646 alterum
2021 604 2123 646 ru-

118 677 285 761 prium
316 683 409 740 est
449 671 828 758 prudentiae
873 683 1041 738 tuae.
1120 673 1236 739 sed
1270 674 1495 760 accepi
1526 674 1768 741 litteras
1802 693 1846 740 a
1879 696 1955 742 co
2003 696 2127 760 ega.

119 782 219 846 tuo,
241 768 411 834 datas
437 766 667 832 Idibus
686 767 907 845 Maiis,
929 767 1000 832 in
1026 765 1260 852 quibus
1278 778 1416 833 erat
1441 778 1503 834 te
1531 768 1614 834 ad
1640 791 1704 834 se
1732 768 2055 854 scripsisse
2091 796 2127 832 a

120 861 324 948 Lepido
356 883 485 927 non
518 861 722 948 recipi
754 861 1144 927 Antonium:
1181 862 1360 947 quod
1394 861 1516 927 erit
1549 862 1812 940 certius,
1847 862 1904 928 si
1937 873 2011 928 tu
2047 864 2127 928 uel

120 977 207 1020 nos
248 954 405 1022 idem
457 954 819 1041 scripseris3
874 954 992 1021 sed
1042 954 1255 1020 minus
1302 955 1502 1022 audes
1547 955 1821 1022 fortasse
1871 968 2127 1042 propter

121 1051 325 1115 inanem
350 1050 659 1117 laetitiam
686 1050 1041 1116 litterarum
1066 1050 1489 1137 superiorum.
1544 1073 1768 1116 verum
1794 1061 1871 1116 ut
1897 1072 2127 1124 errare,

122 1145 186 1208 mi
219 1143 469 1222 Plance,
522 1143 794 1231 potuisti
825 1180 914 1191 —
945 1145 1091 1228 quis
1144 1145 1314 1211 enim
1366 1144 1436 1209 id
1484 1143 1823 1235 effugerit?
1864 1178 1982 1222 —-,
2034 1144 2127 1208 sit:

124 1239 283 1324 decipi
319 1250 380 1305 te
417 1261 552 1304 non
598 1239 882 1326 potuisse
917 1239 1061 1323 quis
1095 1261 1226 1304 non
1260 1239 1478 1306 videt?
1528 1261 1703 1304 nuuc
1748 1260 1902 1304 vero
1936 1237 2127 1305 etiam

125 1333 302 1397 erroris
325 1354 516 1399 causa
543 1333 804 1400 sublata
827 1344 954 1412 est;
991 1334 1184 1420 culpa
1208 1335 1382 1400 enim
1407 1334 1518 1400 illa
1553 1333 1682 1398 ‘bis
1713 1334 1796 1399 ad
1823 1332 2127 1400 eundem*

124 1426 319 1511 volgari
362 1426 755 1514 reprehensa
804 1428 1147 1515 proverbio
1191 1439 1307 1495 est.
1397 1428 1499 1494 sin
1506 1474 1526 1505 ,
1571 1438 1648 1493 ut
1690 1427 2001 1514 scripsisti
2047 1428 2127 1492 ad

123 1519 395 1607 collegam,
426 1523 522 1587 ita
556 1544 632 1588 se
664 1544 768 1588 res
800 1522 1017 1600 habet,
1052 1523 1228 1588 omni
1253 1540 1412 1587 cura
1442 1521 1698 1587 liberati
1731 1543 1974 1600 sumus,
2009 1543 2127 1588 nee

125 1623 287 1680 tumen
316 1617 546 1683 erimus
585 1617 797 1704 prius,
843 1640 1039 1703 quam
1071 1617 1164 1682 ita
1198 1639 1340 1683 esse
1375 1627 1450 1681 tu
1482 1635 1602 1680 nos
1635 1613 1868 1682 feceris
1903 1616 2127 1681 certio-

124 1729 211 1772 res.
253 1731 379 1775 mea
415 1710 705 1796 quidem,
739 1722 816 1794 ut
850 1711 934 1777 nd
967 1722 1031 1777 te
1059 1710 1316 1797 saepius
1345 1709 1592 1797 scripsi,
1626 1709 1788 1774 haec
1815 1708 2127 1774 sententia
2166 1732 2187 1768 a

125 1813 214 1865 est:
243 1805 341 1888 qui
370 1805 674 1892 reliquias
708 1804 901 1871 huius
936 1805 1090 1871 belli
1112 1804 1523 1892 oppresserit,
1557 1826 1709 1870 eum
1743 1803 1939 1868 totius
1975 1803 2127 1868 belli

125 1896 487 1965 confectorem
526 1900 704 1978 fore,
752 1921 947 1988 quem
988 1911 1055 1966 te
1089 1910 1158 1966 et
1190 1910 1344 1987 opto
1380 1920 1520 1966 esse
1554 1909 1622 1964 et
1664 1896 1918 1964 confido
1953 1896 2127 1962 futu=

126 2011 245 2055 rum.
290 1994 489 2060 studia
522 2016 677 2060 mea
710 2017 869 2082 erga
898 2005 983 2072 te,
1018 1994 1256 2078 quibus
1292 2003 1466 2060 certe
1499 1993 1679 2058 nulla
1711 2013 1852 2059 esse
1886 1990 2127 2056 maiora

128 2096 433 2165 potuerunt,
487 2088 614 2154 tibi
665 2100 798 2153 tam
848 2100 1037 2175 grata
1088 2111 1230 2155 esse
1274 2109 1474 2172 quam
1525 2108 1648 2176 ego
1691 2085 1919 2174 putavi
1967 2084 2127 2159 fore?

128 2176 331 2246 minime
357 2182 551 2248 miror
590 2183 1129 2268 vehementerque
1164 2184 1370 2248 laetor
1377 2206 1397 2262 ς
1433 2203 1602 2266 quae
1637 2181 1900 2267 quidem
1935 2190 2034 2257 tu,
2075 2180 2127 2240 εἰ.

130 2282 295 2434 {ensis
281 2275 411 2341 istic
453 2277 608 2354 erit,
650 2278 897 2342 maiora
930 2288 995 2342 et
1036 2277 1339 2364 graviora
1381 2297 1751 2364 cognosces.
1837 2297 1952 2340 1111.
1988 2273 2127 2340 Ku-

146 2387 203 2429 en
325 2370 559 2438 Iunias.

1007 2517 1172 2576 XXI.

324 2621 433 2678 Ser.
452 2624 511 2678 in
532 2623 736 2680 castris
758 2624 831 2678 ad
848 2624 1066 2679 Isaram
1080 2624 1156 2679 X.
1174 2624 1309 2679 Kal.
1328 2623 1522 2680 Iunias
1542 2641 1594 2678 a.
1612 2640 1669 2678 u.
1689 2639 1739 2678 c.
1759 2623 1877 2677 Ι111.

710 2725 1069 2784 PLANCUS
1105 2725 1486 2785 CICERONI.

192 2832 435 2906 Puderet
474 2863 584 2908 me
626 2840 1090 2907 inconstantiae
1136 2861 1426 2906 mearum
1469 2841 1853 2917 litterarum,
1899 2837 1955 2904 si
1998 2860 2127 2904 nen
2171 2860 2183 2896 1

136 2922 251 2993 11⁸oe
286 2953 360 2998 ex
400 2935 612 3002 aliena
652 2935 914 3002 levitate
939 2935 1329 3023 ‚penderent-
1417 2935 1634 3000 omnia
1676 2933 1835 3011 feci,
1886 2953 2020 3018 qua
2059 2956 2127 2996 re

137 3016 331 3106 Lepido
362 3031 699 3096 coniuncto
727 3029 812 3094 ad
842 3052 983 3096 rem
1017 3030 1345 3117 publicam
1372 3029 1852 3100 defendundum
1883 3028 2127 3093 minore

138 3113 493 3190 sollicitudine
536 3135 753 3190 vestra
793 3124 1059 3210 perditis
1103 3125 1495 3202 resisterem3
1549 3122 1764 3188 omnia
1808 3122 1869 3188 ei
1912 3132 1978 3187 et
2019 3143 2131 3206 pe—

140 3210 254 3274 tenti
278 3218 477 3304 recepi
518 3229 587 3285 et
629 3220 800 3284 ultro
842 3219 1167 3305 pollicitus
1201 3241 1348 3284 sum
1383 3216 1737 3304 scripsique
1771 3214 1891 3279 tibi
1934 3214 2131 3279 bidus]

141 3311 247 3368 ante
282 3311 585 3380 confisa-e
628 3335 733 3379 me
779 3313 955 3380 bono
987 3313 1245 3402 Lepido
1288 3334 1430 3380 esse
1473 3332 1753 3376 usurum
1777 3308 2131 3376 communi*

141 3413 231 3474 <1¹¹0
258 3406 496 3474 oonsilio
536 3408 780 3475 bellum
827 3408 1442 3476 administraturum.
1530 3403 1775 3472 credidi
1807 3403 2131 3489 σώσῃ-9,-

143 3486 245 3570 ΡῙῙῙΒ
287 3497 439 3579 eius,
491 3502 920 3569 adfinuationi
968 3504 1323 3590 praesentis
1376 3499 1776 3578 Laterensis,
1829 3496 1945 3583 qui
1993 3506 2131 3562 tum

144 3587 273 3666 apud
297 3613 394 3660 me
424 3608 561 3662 erat
591 3598 1201 3684 reconciliaremque
1232 3620 1342 3664 me
1373 3596 1629 3683 Lepido
1662 3594 1985 3678 fidemque
2017 3589 2132 3656 hs-

145 3672 309 3778 Perem
346 3692 580 3758 orabat.
677 3713 808 3758 uon
852 3693 1042 3759 licuit
1090 3691 1333 3758 diutius
1384 3691 1550 3758 bene
1601 3690 1682 3756 de
1726 3709 1804 3754 eo
1855 3704 2131 3774 sperare.

145 3766 265 3837 fflud
282 3793 435 3848 certe
460 3786 602 3851 cavi
630 3796 697 3851 et
722 3786 990 3866 cavebo,
1020 3808 1106 3853 ne
1127 3808 1276 3854 mea
1301 3785 1676 3852 credulitate
1708 3783 1806 3848 rei
1837 3779 2131 3868 publicae

148 3881 344 3937 “mma
396 3875 668 3947 fallatur.
776 3903 927 3947 cum
978 3881 1228 3948 Isaram
1287 3881 1532 3947 fiumen
1591 3899 1722 3944 uno
1775 3877 1879 3942 die
1940 3884 2135 3961 ponte
2171 3900 2191 3936 :e

148 3957 326 4063 effecto
355 3974 693 4042 exercitum
727 3976 1175 4056 traduxissem,
1210 3995 1329 4063 pro
1365 3973 1810 4064 magnitudine
1842 3971 1941 4037 rei
1972 3968 2135 4036 οεεΙεΞ

151 4062 350 4127 ntatem
378 4066 704 4150 adhibens,
738 4069 916 4156 quod
944 4072 1220 4159 petierat
1248 4092 1367 4158 per
1399 4071 1648 4138 litteras
1675 4068 1847 4156 ipse,
1893 4075 1968 4132 ut
2001 4088 2135 4130 ma-
