2675 4559
699 277 1273 347 EPISTOLABUM
1305 279 1437 337 XV.
1474 282 1699 339 184-20,
2108 272 2239 338 395

143 402 480 469 iudicium
519 400 798 504 probare
841 400 1181 482 debemuS,
1237 423 1385 472 cum
1430 404 1765 472 dissentire
1819 406 2234 495 philosophos

144 496 431 573 videret,
466 516 598 562 non
631 494 925 581 quaesiit,
963 496 1120 582 quid
1155 498 1398 563 bonum
1433 510 1622 577 esset,
1662 488 1773 566 sed
1809 502 2026 567 omnia
2060 502 2233 567 bona

146 590 430 667 coemit3
484 589 670 658 cuius
713 612 835 677 ego
879 602 1154 657 mortem
1197 592 1349 659 forti
1390 594 1787 661 mehercules
1834 596 2047 663 animo
2096 595 2233 662 tuli.

142 706 280 751 nec
317 695 540 749 tamen
576 680 824 750 Caesar
868 685 1108 751 diutius
1151 708 1271 753 nos
1315 709 1468 753 eum
1510 688 1875 756 desiderare
1919 690 2233 777 patietur3

143 801 314 845 nam
347 778 550 845 habet
585 778 951 859 damnatos,
1004 801 1170 865 quos,
1209 803 1328 867 pro
1371 782 1481 848 illo
1516 782 1705 851 nobis
1739 785 2061 864 restituat,
2115 806 2236 851 nec

144 874 302 959 ipse
339 881 658 949 sectorem
695 872 1114 951 desiderabit,
1163 895 1312 940 cum
1346 875 1551 940 filium
1586 876 1837 943 viderit.
1924 900 2129 955 nunc,
2164 889 2235 943 ut
2269 899 2297 940 4
2406 891 2423 963 J

145 969 238 1033 ad
275 989 424 1033 rem
460 966 788 1051 publicam
815 967 1104 1047 redeam,
1142 964 1300 1054 quid
1333 970 1403 1035 in
1436 970 1773 1058 Hispaniis
1806 981 2099 1059 geratur,
2136 995 2237 1037 re-

145 1061 402 1128 scribe:
461 1082 754 1147 peream,
805 1061 931 1127 nisi
973 1064 1280 1130 sollicitus
1324 1088 1469 1130 sum
1514 1088 1591 1132 ac
1633 1068 1803 1133 malo
1849 1078 2131 1133 veterem
2176 1079 2238 1132 et

143 1159 548 1223 clementem
601 1156 934 1223 dominum
985 1158 1224 1225 habere
1275 1181 1475 1244 quam
1518 1182 1759 1227 novum
1804 1173 1869 1228 et
1910 1160 2238 1228 crudelem

145 1251 462 1339 experiri.
529 1252 681 1331 scie,
719 1249 844 1319 Cn.
880 1274 1077 1337 quam
1112 1255 1194 1319 sit
1228 1255 1448 1321 fatuus
1460 1281 1481 1333 3
1516 1257 1661 1335 scis,
1697 1278 1827 1341 quo
1862 1256 2056 1323 modo
2092 1278 2237 1322 cru-

143 1350 496 1415 delitatem
539 1346 843 1413 virtutem
886 1360 1099 1435 putet3
1145 1349 1300 1426 ecis,
1348 1372 1545 1435 quam
1568 1374 1651 1418 se
1688 1356 1940 1439 semper
1975 1376 2015 1417 a
2048 1350 2237 1418 nobis

145 1443 454 1511 derisum
489 1452 694 1527 putet.
779 1464 1008 1508 vereor
1051 1466 1137 1509 ne⁴
1178 1466 1296 1509 nos
1331 1446 1581 1519 rustice,
1613 1443 1833 1533 gladio
1867 1446 2023 1513 velit
2060 1440 2237 1511 ἄντι-

142 1540 579 1624 μυκτηρίσαι.
634 1536 792 1621 quid
825 1537 959 1613 fiat,
995 1536 1050 1601 si
1085 1560 1189 1604 me
1228 1538 1464 1626 diligis,
1501 1540 1801 1607 rescribe.
1856 1540 2001 1617 hui,
2040 1561 2236 1624 quam

145 1632 358 1701 velim
408 1631 600 1709 scire,
654 1642 872 1695 utrum
914 1631 1040 1697 ista
1074 1629 1355 1699 sollicito
1392 1634 1605 1698 animo
1641 1656 1728 1699 an
1772 1634 1981 1701 soluto
2025 1632 2235 1719 legas!

145 1727 362 1794 sciam
393 1723 572 1789 enim
601 1726 832 1790 eodem
863 1736 1171 1812 tempore,
1208 1727 1365 1813 quid
1398 1751 1508 1794 me
1540 1728 1753 1793 facere
1790 1736 2099 1813 oporteat.
2154 1750 2237 1790 ne

144 1820 421 1907 longior
455 1818 606 1895 sim,
654 1820 817 1885 vale.
907 1843 1042 1897 me,
1092 1831 1166 1886 ut
1198 1822 1391 1899 facis,
1435 1844 1602 1887 ama.
1692 1822 1748 1887 si
1784 1819 2031 1887 Caesar
2062 1820 2235 1898 vicit,

147 1914 458 1983 celeriter
491 1934 597 1978 me
633 1925 956 2000 exspecta.
1071 1996 1075 2001 Δ

1134 2064 1264 2121 XX.
1668 2136 1671 2141 ¹

732 2202 740 2211 -
781 2166 897 2223 Ser.
918 2151 1110 2249 mense
1123 2168 1282 2231 Maio
1302 2186 1353 2225 a.
1373 2186 1429 2223 u.
1451 2186 1499 2225 c.
1520 2170 1639 2226 710.

632 2268 709 2324 Μ.
749 2270 1024 2327 CICERO
1063 2270 1119 2326 s.
1156 2272 1231 2327 D.
1270 2271 1331 2345 c.
1371 2260 1781 2336 TREBONIO.

293 2383 642 2455 Oratorem
673 2406 895 2452 meum
928 2419 1017 2433 —
1051 2386 1144 2452 sic
1179 2387 1349 2452 enim
1380 2379 1682 2473 'inscripsi
1718 2422 1801 2435 --
1840 2386 2083 2454 Sabino
2120 2398 2231 2454 tuo
2272 2408 2293 2447 ι
2402 2390 2405 2395 ’

148 2475 644 2548 commendavi:
681 2480 856 2547 natio
892 2503 996 2546 me
1030 2481 1306 2547 hominis
1342 2482 1599 2567 inpulit,
1634 2490 1709 2545 ut
1743 2482 1803 2549 ei
1835 2493 2009 2548 recte
2044 2493 2233 2568 puta-

145 2598 300 2643 rem
311 2599 333 2654 3
389 2573 515 2641 nisi
564 2574 730 2639 forte
787 2575 1272 2642 candidatorum
1324 2576 1583 2642 licentia
1626 2576 1731 2640 hic
1774 2596 2031 2659 quoque
2078 2598 2233 2639 usus

145 2670 290 2737 hoc
327 2668 545 2735 subito
581 2678 942 2755 cognomen
977 2670 1260 2757 adripuit
1267 2696 1287 2749 3
1334 2671 1455 2736 etsi
1488 2670 1814 2735 modestus
1852 2669 1989 2735 eius
2025 2670 2234 2732 voltus

149 2784 512 2847 sermoque
547 2774 845 2829 constane
878 2764 1122 2829 habere
1143 2764 1467 2847 quiddam
1502 2783 1542 2827 a
1560 2760 1844 2829 Curibus
1878 2760 2235 2827 videbatur.

149 2858 282 2928 sed
319 2857 407 2923 de
445 2856 690 2933 Sabino
725 2858 902 2923 satis.
991 2869 1094 2935 tu,
1129 2857 1220 2921 mi
1255 2856 1562 2933 Treboni,
1600 2854 1904 2940 quoniam
1940 2856 2025 2922 ad
2060 2878 2236 2920 amo-
2273 2878 2295 2915 2

149 2976 307 3019 rem
363 2974 582 3017 meum
635 2952 1034 3035 aliquantum
1085 2950 1300 3039 [olim]
1354 2952 1689 3018 discedens
1734 2950 2064 3027 addidisti,
2110 2972 2239 3040 quo

149 3045 568 3115 tolerabilius
609 3046 894 3113 feramus
935 3046 1294 3131 igniculum
1331 3044 1631 3111 desiderii
1665 3044 1761 3109 tui
1773 3068 1801 3122 ,‘
1838 3045 2077 3135 crebris
2121 3066 2237 3109 nos

149 3141 400 3209 litteris
435 3142 779 3227 appellato,
813 3152 1008 3227 atque
1041 3142 1164 3219 ita,
1199 3143 1256 3207 si
1289 3142 1463 3207 idem
1497 3137 1611 3207 fiet
1645 3164 1686 3205 a
1720 3140 1925 3205 nobis.
2014 3162 2241 3225 quam-

153 3258 372 3323 quam
405 3233 572 3306 duae
607 3246 841 3303 causae
875 3246 1046 3313 sunt,
1081 3256 1196 3302 cur
1229 3246 1302 3301 tu
1332 3234 1731 3319 frequentior
1765 3234 1833 3297 in
1866 3234 1989 3298 isto
2026 3232 2238 3298 officio

153 3351 314 3399 esse
351 3327 588 3397 debeas
621 3351 820 3415 quam
845 3352 1000 3402 ‚nosz
1037 3330 1336 3416 prfflum,
1375 3328 1553 3413 quod
1588 3328 1742 3394 olim
1780 3327 2091 3403 solebant,
2128 3328 2240 3412 qui

153 3426 422 3493 Romae
459 3437 641 3489 erant
652 3470 671 3501 ,
718 3422 802 3489 ad
834 3423 1245 3508 provincialis
1280 3422 1523 3489 amicos
1559 3423 1659 3489 de
1686 3445 1755 3489 re
1790 3420 2050 3509 publica
2087 3422 2241 3486 scri-

153 3521 360 3595 bere,
413 3540 588 3583 nunc
630 3524 703 3583 tu
745 3518 934 3585 nobis
984 3518 1232 3585 scribas
1270 3527 1555 3603 oportet,
1609 3538 1713 3583 res
1760 3516 1931 3583 enim
1982 3515 2242 3601 publica

153 3613 318 3681 istic
353 3622 452 3677 est
459 3636 480 3689 3
525 3611 756 3679 deinde
768 3659 810 3690 ‚.
833 3613 1008 3699 quod
1039 3635 1158 3678 nos
1196 3612 1336 3677 aliis
1372 3610 1603 3677 officiis
1646 3611 1766 3677 tibi
1802 3610 2052 3677 absenti
2084 3610 2241 3675 satis

157 3708 392 3773 facere
427 3726 798 3792 possumus,
841 3716 916 3773 tu
951 3706 1146 3772 ‘nobis
1189 3706 1316 3773 nisi
1356 3705 1583 3771 litteris
1617 3726 1749 3771 non
1782 3704 1971 3771 video
2008 3725 2137 3789 qua
2171 3710 2264 3769 re

161 3802 306 3869 alia
341 3800 495 3865 satis
530 3799 744 3873 facere
777 3801 1006 3887 possis.
1059 3802 1176 3868 sed
1203 3813 1417 3869 cetera
1443 3800 1683 3867 scribes
1718 3800 1801 3865 ad
1834 3821 1954 3864 nos
1988 3809 2240 3885 postea:
2276 3816 2303 3855 3

161 3918 352 3964 nunc
386 3894 548 3961 haec
581 3895 790 3982 primo
818 3896 1009 3982 cupio
1037 3917 1425 3983 cognoscere
1438 3939 1459 3974 ,
1492 3896 1615 3962 iter
1647 3907 1833 3959 tuum
1860 3894 2043 3960 cuius
2069 3893 2245 3958 modi

163 3994 282 4070 sit,
316 3990 436 4056 ubi
468 3990 758 4057 Brutum·
782 4000 1073 4057 nostrum
1107 3990 1376 4069 videris,
1411 4012 1610 4075 quam
1643 3990 1755 4055 diu
1790 3987 1981 4054 simul
2014 3986 2213 4053 fueris
2223 4012 2241 4065 3

165 4086 412 4155 deinde
449 4108 598 4152 cum
632 4085 1020 4173 processeris
1051 4085 1327 4173 longius,
1366 4084 1447 4151 de
1473 4085 1719 4152 bellicis
1744 4084 1959 4161 rebus,
1996 4082 2078 4149 de
2105 4093 2238 4147 toto
