2675 4559
775 272 1330 335 EPISTOLARUM
1362 278 1464 335 IV.
1500 280 1549 335 5.
1572 282 1621 336 6.
2152 270 2233 337 77

153 402 392 478 fuisse3
449 398 754 465 omnibus
795 398 980 465 bonis
1024 421 1224 487 prope
1266 400 1669 489 perfunctam
1714 426 1883 471 esse:
1939 428 2087 473 cum
2130 430 2233 473 res

155 496 426 584 publica
461 493 812 571 occideret,
847 494 984 559 vita
1019 496 1389 561 excessisse.
1480 497 1633 581 quid
1669 509 1767 563 est
1802 499 1974 584 quod
2010 510 2081 566 tu
2116 512 2229 567 aut

149 593 267 660 illa
300 612 461 657 eum
499 590 760 655 fortuna
794 589 918 654 hoc
941 589 1200 655 nomine
1236 590 1420 673 queri
1454 591 1751 678 possitis?
1786 594 2063 678 denique
2096 596 2229 661 noli

149 698 216 753 te
261 683 568 751 oblivisci
606 679 986 750 Ciceronem
1031 706 1172 749 esse
1218 694 1283 750 et
1327 707 1508 762 eum,
1564 686 1675 770 qui
1722 686 1862 753 aliis
1908 689 2236 755 consueris-

151 778 542 866 praecipere
579 789 644 843 et
679 778 834 845 dare
869 778 1198 843 consilium
1212 824 1232 855 ,
1277 800 1490 862 neque
1524 778 1759 845 imitari
1791 783 1995 847 malos
2029 782 2232 849 medi-

149 896 278 951 cos,
315 872 437 959 qui
473 872 545 937 in
583 872 806 938 alienis
839 871 1077 938 morbis
1113 872 1491 957 profitentur
1525 884 1748 939 tenere
1776 898 1845 941 se
1879 876 2233 942 medicinae

151 967 532 1044 scientiam,
586 964 710 1051 ipsi
745 988 818 1033 se
851 988 1076 1031 curare
1108 988 1240 1031 non
1274 978 1576 1053 possunt3
1630 968 1745 1034 sed
1777 970 1988 1054 potius
2000 1016 2019 1047 ,
2064 991 2231 1053 quae

149 1062 292 1127 aliis
325 1071 478 1126 tute
514 1058 890 1146 praecipere
924 1060 1110 1137 soles,
1147 1082 1228 1125 ea
1259 1072 1396 1126 tute
1430 1061 1549 1127 tibi
1584 1061 1803 1128 subice
1840 1074 2031 1147 atque
2060 1064 2233 1149 apud

149 1156 448 1221 animum
507 1175 814 1240 propone.
909 1154 1124 1221 nullus
1168 1154 1353 1219 dolor
1396 1166 1521 1234 est,
1576 1178 1771 1241 quem
1812 1178 1939 1229 non
1982 1156 2233 1243 longin-

147 1250 370 1333 quitas
425 1248 740 1333 temporis
791 1247 1039 1327 minuat
1091 1272 1168 1315 ac
1219 1250 1494 1315 molliat:
1556 1250 1681 1317 hoc
1740 1263 1805 1319 te
1858 1262 2229 1339 exspectare

146 1352 415 1429 tempus
463 1340 586 1406 tibi
631 1352 818 1427 turpe
855 1353 954 1408 est
995 1364 1071 1407 ac
1105 1364 1235 1409 non
1271 1344 1333 1409 ei-
1377 1346 1474 1409 rei
1516 1346 1829 1432 sapientia
1870 1358 1983 1411 tua
2025 1357 2088 1411 te
2124 1366 2231 1412 oc-

142 1458 434 1502 currere.
528 1435 706 1518 quod
740 1434 796 1500 si
839 1435 952 1520 qui
987 1436 1180 1502 etiam
1222 1437 1445 1505 inferis
1481 1462 1706 1507 sensus
1744 1449 1879 1518 est„
1915 1441 2025 1525 qui
2060 1440 2229 1505 illius

139 1531 210 1595 in
247 1540 316 1595 te
355 1550 548 1595 amor
581 1529 705 1593 fuit
736 1529 1071 1615 pietasque
1105 1532 1175 1595 in
1209 1532 1417 1597 omnis
1453 1555 1625 1611 suos,
1661 1535 1783 1601 hoc
1818 1546 1990 1601 certe
2021 1534 2135 1601 illa
2166 1544 2230 1599 te

140 1625 370 1690 facere
415 1644 555 1688 non
599 1624 750 1688 volt.
842 1624 928 1689 da
961 1624 1083 1691 hoc
1117 1624 1211 1689 illi
1253 1636 1573 1704 mortuae3
1621 1627 1707 1691 da
1740 1628 1965 1693 ceteris
2009 1628 2229 1693 amicis

144 1742 220 1785 ac
259 1717 730 1795 familiaribus,
778 1717 890 1801 qui
925 1729 1036 1784 tuo
1073 1718 1292 1785 dolore
1328 1729 1617 1785 maerent
1625 1744 1645 1797 3
1694 1720 1777 1785 da
1820 1722 2092 1807 patriae,
2137 1732 2229 1797 ut,

142 1815 194 1879 si
241 1836 386 1899 qua
426 1813 504 1877 in
545 1834 617 1877 re
662 1834 822 1898 opus
869 1813 982 1890 sit,
1035 1835 1233 1899 opera
1278 1824 1340 1879 et
1388 1815 1653 1881 consilio
1697 1826 1809 1886 tuo
1860 1816 1956 1879 uti
2006 1814 2232 1900 possit.

143 1910 464 1993 denique,
503 1906 811 1992 quoniam
847 1906 916 1971 in
952 1930 1095 1973 eam
1131 1906 1457 1973 fortunam
1492 1909 1865 1975 devenimus
1878 1956 1897 1987 ,
1933 1918 2006 1973 ut
2037 1908 2231 1975 etiam

141 2003 302 2069 huic
348 2002 452 2067 rei
498 2001 683 2066 nobis
729 2002 1139 2067 serviendum
1183 2001 1292 2078 sit,
1345 2004 1479 2069 noli
1514 2004 1907 2070 committere
1940 2014 2014 2071 ut
2056 2002 2231 2085 quis-

141 2120 350 2183 quam
389 2107 457 2162 te
496 2107 679 2181 putet
707 2117 838 2161 non
866 2106 1000 2161 tam
1033 2096 1230 2161 filiam
1257 2119 1453 2182 quam
1486 2098 1579 2163 rei
1614 2098 1907 2185 publicae
1942 2108 2234 2182 tempora

141 2204 208 2258 et
247 2192 537 2259 aliorum
581 2190 916 2255 victoriam
959 2191 1199 2277 lugere.
1288 2193 1477 2277 plura
1518 2216 1622 2258 me
1658 2193 1742 2257 ad
1786 2209 1851 2259 te
1887 2192 1968 2257 de
2002 2192 2125 2256 hac
2158 2213 2228 2257 re

143 2288 440 2353 scribere
475 2286 705 2371 pudet,
751 2308 834 2353 ne
870 2285 1090 2351 videar
1121 2287 1500 2373 prudentiae
1546 2298 1694 2354 tuae
1732 2288 2051 2365 diffidere3
2099 2308 2229 2371 qua

143 2405 214 2447 re
227 2428 250 2459 ,
287 2381 348 2446 si
385 2380 517 2445 hoc
551 2402 754 2443 unum
787 2401 1206 2466 proposuerO,
1242 2381 1436 2447 finem
1472 2382 1705 2448 faciam
1743 2381 2087 2447 scribendi:
2133 2380 2229 2444 vi-

145 2476 368 2541 dimus
419 2472 808 2558 aliquotiens
852 2474 1201 2539 secundam
1243 2476 1669 2561 pulcherrime
1715 2487 1779 2542 te
1814 2476 1981 2543 ferre
2026 2475 2229 2540 fortu-

143 2594 302 2637 nam
329 2590 774 2654 magnamque
802 2590 882 2633 ex
911 2590 990 2633 ea
1015 2590 1085 2634 re
1111 2578 1176 2634 te
1201 2570 1458 2635 laudem
1486 2570 1717 2655 apisci3
1752 2570 1859 2635 fac
1886 2568 2228 2652 aliquando

144 2666 612 2749 intellegamus
657 2661 992 2727 adversam
1039 2684 1297 2748 quoque
1343 2674 1407 2729 te
1442 2686 1647 2747 aeque
1691 2664 1860 2728 ferre
1894 2680 2081 2747 posse
2116 2683 2229 2725 ne-

148 2782 278 2844 que
313 2759 388 2823 id
425 2756 660 2833 maius,
698 2778 895 2839 quam
921 2756 1173 2834 debeat,
1208 2758 1325 2822 tibi
1354 2780 1517 2823 onus
1544 2757 1767 2833 videri,
1802 2779 1887 2821 ne
1913 2777 1995 2819 >ex
2025 2753 2230 2818 omni-

149 2854 274 2919 bus
321 2850 678 2918 virtutibus
723 2850 882 2916 haec
924 2873 1056 2916 una
1097 2852 1216 2916 tibi
1258 2852 1552 2918 videatur
1597 2852 1840 2918 deesse.
1930 2848 2107 2935 quod
2142 2848 2227 2915 ad

151 2972 254 3017 me
290 2949 560 3023 attinet,
605 2968 754 3011 cum
787 2958 852 3011 te
896 2947 1331 3030 tranquilliore
1368 2949 1581 3013 animo
1618 2970 1758 3016 esse
1792 2966 2102 3033 cognoro,
2148 2945 2228 3010 de

149 3044 227 3109 iis
262 3043 502 3118 rebus,
539 3060 708 3125 quae
751 3040 856 3105 hic
887 3052 1228 3126 geruntur,
1273 3042 1941 3127 quemadmodumque
1976 3062 2046 3110 se
2079 3062 2227 3126 pro·

151 3136 369 3203 vincia
403 3134 666 3211 habeat,
703 3133 1035 3199 certiorem
1070 3134 1325 3201 faciam.
1416 3136 1581 3201 vale.

1147 3368 1249 3427 VI.

631 3471 749 3529 Sor.
767 3472 1012 3529 Asturae
1029 3490 1222 3529 mense
1238 3472 1425 3544 Aprili
1444 3490 1496 3529 a.
1514 3490 1568 3528 u.
1592 3490 1640 3529 c.
1660 3472 1778 3528 ⁷09.
1856 3473 1859 3479 '

567 3574 644 3629 Μ.
691 3574 965 3631 CICERO
1013 3574 1070 3631 S.
1115 3576 1187 3631 D.
1239 3575 1400 3632 SER.
1449 3574 1824 3635 SULPICIO.

287 3698 442 3785 Ego
489 3720 676 3775 vero,
723 3696 939 3775 Servi,
986 3698 1244 3777 vellem,
1291 3711 1366 3765 ut
1398 3700 1653 3778 scribis,
1705 3701 1774 3766 in
1806 3721 1953 3765 meo
1985 3697 2233 3785 gravis-
2268 3721 2292 3759 1

163 3794 325 3859 simo
373 3814 534 3857 casu
579 3792 926 3857 adfuisses:
983 3804 1295 3877 quantum
1342 3794 1511 3862 enim
1555 3816 1859 3881 praesens
1901 3816 2006 3858 me
2050 3790 2234 3855 adiu-

165 3909 318 3953 vare
344 3886 636 3973 potueris
665 3898 731 3953 et
755 3888 1144 3953 consolando
1172 3900 1235 3953 et
1261 3910 1463 3973 prope
1490 3908 1693 3971 aeque
1722 3886 2015 3962 dolendo,
2044 3884 2232 3949 facile

169 4002 246 4045 ex
281 4000 362 4047 eo
395 3980 734 4067 intellego,
780 3982 956 4065 quod
987 3982 1212 4047 litteris
1248 3982 1431 4047 lectis
1466 3982 1865 4065 aliquantum
1900 3978 2231 4065 adquievi3

171 4093 319 4141 nam
355 4084 420 4140 et
467 4096 546 4139 ea
589 4074 926 4161 scripsisti,
979 4096 1146 4161 quae
1189 4075 1403 4141 levare
1445 4076 1689 4140 luctum
1724 4085 2013 4161 possent,
2066 4084 2129 4139 et
2164 4072 2229 4139 in
