2675 4559
528 235 658 302 376
693 289 697 292 -
1139 247 1217 302 Μ.
1254 245 1532 304 TULLII
1565 244 1966 303 CICERONIS

524 371 679 460 pulo
706 369 1081 454 senatuique
1114 389 1390 455 magnae
1423 390 1616 434 curae
1653 390 1814 446 esse,
1851 367 2023 453 quod
2051 367 2224 433 nullo
2253 389 2511 453 umquam

524 465 606 530 de
638 487 793 550 rege
827 463 1156 531 decretum
1192 474 1290 528 est
1322 485 1364 526 a
1395 473 1614 528 nostro
1649 462 1870 528 ordine
1883 510 1902 540 ,
1948 461 2289 528 existimavi
2317 484 2408 526 me
2435 461 2510 526 iu-

524 557 761 622 dicium
804 567 1091 623 vestrum
1135 556 1221 621 ad
1264 579 1486 642 regem
1532 555 1782 622 deferre
1825 555 2058 621 debere
2101 555 2278 639 eique
2317 556 2512 642 praesi-

521 650 700 715 dium
733 673 952 716 meum
978 661 1044 716 et
1067 649 1263 716 fidem
1292 660 1354 714 et
1383 648 1778 736 diligentiam
1801 648 2105 735 polliceri,
2138 661 2228 725 ut,
2261 649 2511 734 quoniam

522 744 693 810 salus
728 744 959 832 ipsius,
1003 744 1408 809 incolumitas
1443 743 1626 829 regni
1659 743 1817 808 mihi
1851 743 2286 810 commendata
2317 753 2458 810 esset
2485 765 2512 806 a

458 857 487 899 5
520 837 726 916 vobis,
762 838 1019 916 diceret,
1057 839 1112 904 si
1146 838 1303 922 quid
1336 837 1551 904 vellet.
1579 858 1772 922 quae
1799 859 1948 903 cum
1976 859 2181 903 essem
2211 836 2277 902 in
2301 835 2512 902 consilio

519 953 663 998 meo
708 954 858 998 cum
906 955 1060 1018 rege
1110 933 1392 1008 locutus,
1443 931 1626 996 initio
1679 932 1786 997 ille
1831 930 2132 996 orationis
2183 953 2328 996 suae
2372 929 2511 994 vobis

517 1027 852 1104 maximas,
886 1037 961 1092 ut
986 1025 1227 1103 debuit,
1264 1025 1498 1092 deinde
1522 1027 1716 1092 etiam
1749 1025 1906 1090 mihi
1937 1026 2178 1112 gratias
2211 1025 2352 1112 egit,
2379 1023 2513 1108 quod

518 1119 580 1186 ei
612 1143 1036 1206 permagnum
1080 1132 1145 1185 et
1187 1119 1724 1207 perhonorificum
1757 1119 2127 1197 videbatur,
2175 1118 2403 1184 senatui
2429 1138 2514 1203 po·

514 1215 801 1299 puloque
835 1215 1129 1280 Romano
1164 1225 1380 1280 tantae
1417 1237 1608 1280 curae
1645 1217 1783 1280 esse
1819 1215 2090 1281 salutem
2125 1235 2302 1279 suam
2333 1231 2512 1295 meque

516 1315 759 1372 tantam
790 1306 1183 1392 diligentiam
1218 1306 1544 1384 adhibere,
1579 1319 1654 1374 ut
1679 1317 1742 1374 et
1777 1329 1922 1374 mea
1953 1306 2116 1374 fides
2151 1317 2215 1373 et
2247 1325 2511 1372 commen-

514 1397 789 1464 dationis
840 1410 1089 1466 vestrae
1142 1401 1486 1467 auctoritas
1549 1400 1826 1486 perspici
1875 1411 2116 1486 posset.
2218 1410 2394 1484 atque
2435 1396 2512 1460 ille

512 1491 751 1575 primo,
798 1491 973 1576 quod
1005 1493 1164 1559 mihi
1196 1494 1518 1560 maximae
1552 1493 1830 1560 laetitiae
1865 1493 2020 1572 fuit,
2067 1495 2160 1559 ita
2191 1515 2420 1560 mecum
2445 1490 2512 1555 lo-

512 1596 699 1650 cutus
730 1597 846 1664 est,
882 1598 955 1653 ut
983 1589 1190 1654 nullas
1210 1588 1490 1654 insidias
1514 1609 1726 1674 neque
1757 1588 1928 1654 vitae
1956 1611 2116 1654 suae
2139 1609 2336 1672 neque
2358 1605 2512 1672 regno

512 1677 754 1746 diceret
786 1701 856 1746 se
892 1695 1003 1746 aut
1036 1680 1406 1768 intellegere
1451 1682 1590 1747 fieri
1623 1692 1737 1746 aut
1771 1682 1966 1748 etiam
1999 1679 2322 1769 suspicari.
2403 1699 2510 1744 cum

511 1795 634 1859 ego
670 1774 731 1839 ei
764 1776 1123 1860 gratulatus
1158 1799 1366 1844 essem
1405 1776 1601 1862 idque
1635 1798 1738 1841 me
1771 1777 2062 1864 gaudere
2097 1777 2404 1850 dixissem,
2433 1793 2512 1836 co-

509 1867 801 1934 hortatus
820 1894 974 1946 sum,
994 1882 1068 1936 ut
1082 1871 1528 1940 recordaretur
1552 1893 1772 1936 casum
1798 1871 1981 1936 illum
2009 1871 2296 1937 interitus
2314 1863 2510 1954 paterni

510 1972 575 2027 et
608 1962 951 2050 vigilanter
993 1988 1063 2030 se
1096 1975 1384 2032 tueretur
1427 1977 1619 2050 atque
1667 1965 1997 2030 admonitu
2047 1975 2298 2030 senatus
2332 1980 2508 2027 consu-

505 2054 665 2121 leret
692 2057 1094 2137 salutisuae3
1131 2069 1271 2127 tum
1298 2083 1342 2126 a
1365 2083 1470 2125 me
1497 2058 1787 2124 discessit
1819 2058 1888 2123 in
1915 2059 2226 2146 oppidum
2243 2054 2506 2142 Cybistra.

448 2169 475 2210 ο
506 2159 764 2232 postero
800 2159 1018 2215 autem
1054 2152 1156 2217 die
1192 2175 1340 2218 cum
1365 2151 1730 2229 Ariarathe,
1765 2151 1961 2218 fmtre
1997 2174 2140 2232 suc,
2175 2168 2238 2218 et
2270 2171 2399 2217 cum
2423 2167 2507 2231 pa·

504 2241 701 2306 ternis
738 2242 959 2307 amicis
994 2246 1344 2312 maioribus
1389 2257 1548 2312 natu
1595 2246 1677 2311 ad
1710 2268 1815 2310 me
1859 2246 1928 2310 in
1963 2259 2176 2314 castra
2206 2243 2366 2312 venit
2399 2260 2507 2328 per‘

414 2377 421 2382 -
499 2332 922 2416 turbatusque
950 2346 1015 2402 et
1048 2337 1229 2416 flens,
1266 2361 1415 2404 cum
1447 2339 1622 2406 idem
1650 2350 1714 2406 et
1747 2337 1946 2406 frater
1977 2340 2222 2407 faceret
2253 2349 2314 2404 et
2343 2331 2506 2406 amici,
2552 2393 2559 2403 .

500 2447 711 2492 meam
746 2425 970 2504 fidem,
1007 2441 1286 2496 vestram
1322 2433 1944 2500 commendationem
1977 2433 2292 2520 inplorare
2325 2425 2506 2512 coepit·

500 2541 649 2584 cum
684 2519 1060 2600 admirarer,
1108 2524 1265 2608 quid
1310 2526 1646 2592 accidisset
1679 2525 1860 2604 novi,
1907 2527 2071 2592 dixit
2106 2526 2189 2592 ad
2223 2549 2290 2592 se
2319 2518 2508 2588 indicia

498 2613 981 2682 manifestarum
1022 2617 1401 2685 insidiarum
1453 2642 1592 2686 esse
1647 2620 1892 2699 delata,
1943 2642 2114 2704 quae
2159 2627 2356 2687 essent
2393 2621 2506 2678 ante

498 2708 848 2776 adventum
899 2731 1117 2776 meum
1168 2713 1516 2791 occultata,
1571 2714 1746 2798 quod
1787 2714 1866 2793 ii,
1919 2713 2034 2798 qui
2079 2737 2156 2780 ea
2195 2709 2506 2800 patefacere

495 2815 785 2886 possent,
836 2815 1099 2890 propter
1130 2817 1374 2872 metum
1407 2807 1839 2886 reticuissent3
1896 2830 1974 2874 eo
2009 2819 2226 2875 autem
2267 2817 2506 2888 tempore

496 2918 611 2980 spe
646 2897 774 2960 mei
804 2899 1111 2982 praesidii
1144 2900 1465 2986 conpluris
1503 2924 1597 2978 ea,
1633 2923 1799 2986 quae
1833 2902 2100 2982 scirent,
2137 2899 2417 2967 audacter
2443 2889 2506 2956 ad

486 3009 565 3052 -se
619 2987 951 3068 detulisse3
1004 2993 1073 3058 in
1122 2993 1199 3058 iis
1252 2995 1761 3061 amantissimum
1813 2995 1943 3074 sui,
2007 3019 2257 3062 summa
2311 2991 2504 3080 pietate

494 3081 856 3166 praeditum
890 3083 1153 3152 fratrem
1181 3085 1394 3153 dicere
1423 3110 1518 3165 ea,
1556 3110 1721 3173 quae
1747 3088 1803 3154 is
1838 3112 1941 3154 me
1969 3111 2228 3174 quoque
2255 3083 2502 3151 audiente

492 3175 777 3254 dicebat,
828 3199 899 3244 se
936 3177 1346 3245 sollicitatum
1380 3203 1550 3260 esse,
1603 3195 1677 3248 ut
1709 3204 1980 3270 regnare
2025 3183 2217 3250 vellet
2225 3207 2246 3260 3
2294 3179 2358 3244 id
2387 3175 2500 3240 vivo

492 3269 689 3336 fratre
733 3293 851 3337 suo
906 3273 1193 3359 accipere
1246 3297 1379 3340 non
1427 3276 1746 3362 *potuisse3
1801 3300 1868 3342 se
1921 3267 2140 3344 tamen
2192 3286 2332 3342 ante
2375 3265 2500 3334 illud

488 3373 740 3450 tempus
776 3386 921 3430 eam
963 3388 1099 3431 rem
1142 3389 1496 3453 numquam
1539 3369 1607 3434 in
1650 3371 1932 3436 medium
1976 3381 2235 3458 propter
2275 3357 2498 3456 periculi

488 3462 735 3522 metum
764 3457 1125 3544 protulisse.
1178 3481 1344 3544 quae
1373 3485 1522 3528 cum
1551 3475 1718 3530 esset
1745 3465 2017 3542 locutus,
2055 3463 2270 3530 monui
2295 3477 2495 3546 regem,

485 3559 560 3614 ut
612 3573 867 3619 omnem
920 3552 1315 3648 diligentiam
1367 3558 1452 3624 ad
1503 3581 1573 3625 se
1625 3557 2136 3627 conservandum
2189 3557 2493 3626 adhiberet,

486 3644 851 3730 amicosque
886 3649 1087 3732 patris
1116 3648 1251 3714 eius
1281 3659 1474 3736 atque
1506 3656 1607 3718 avi
1639 3653 1875 3722 iudicio
1911 3655 2212 3742 probatos
2227 3653 2490 3718 hortatus

484 3759 659 3815 Sum,
711 3741 882 3826 regis
928 3741 1039 3824 sui,
1077 3743 1274 3808 vitam
1310 3745 1482 3812 docti
1527 3770 1683 3814 casu
1717 3749 2124 3818 acerbissimo
2157 3747 2346 3836 patris
2383 3742 2489 3809 eius

422 3845 449 3887 ⁷
484 3831 659 3896 omni
693 3853 847 3899 cura
883 3837 1300 3923 custodiaque
1329 3840 1764 3911 defenderent.
1821 3867 1968 3910 cum
2001 3869 2116 3911 rex
2151 3868 2190 3910 a
2224 3864 2320 3906 me
2345 3834 2488 3921 equi·

481 3932 687 3988 tatum
722 3927 1125 4016 cohortisque
1170 3933 1249 4000 de
1285 3937 1571 4003 exercitu
1606 3961 1748 4005 meo
1783 3940 2162 4026 postularet,
2198 3936 2309 4003 etsi
2335 3925 2488 3998 intel-

477 4011 773 4100 legebam
816 4035 1027 4110 vestro
1063 4039 1319 4095 senatus
1358 4033 1648 4098 consulto
1689 4055 1820 4099 non
1861 4033 2052 4100 modo
2085 4053 2267 4121 posse
2307 4048 2396 4092 me
2431 4017 2484 4084 id
