2675 4559
492 198 623 266 452
929 208 938 217 '
1112 211 1190 265 M.
1227 211 1507 269 TULLII
1542 210 1941 269 CICERONIS

429 356 460 400 ι
493 335 772 405 convitio
808 345 1066 403 coactus
1103 335 1188 402 sit
1220 357 1339 401 nos
1378 333 1715 403 dimittere.
1768 336 1847 401 de
1885 330 2339 423 Commageno,
2372 336 2520 422 quod

417 510 428 517 ι
490 455 628 499 rem
671 443 870 499 totam
914 432 1371 509 discusseram,
1424 431 1689 497 mirifice
1741 430 1897 495 mihi
1940 442 2001 497 et
2056 454 2176 517 per
2219 452 2285 499 se
2329 441 2388 499 et
2423 453 2523 516 per

489 526 920 615 Pomponium
964 526 1290 591 blanditur
1332 526 1589 614 Appius
1600 550 1621 604 3
1674 525 1847 591 videt
1896 524 2065 591 enim
2076 571 2096 601 ,
2152 525 2275 590 hoc
2314 547 2522 611 genere

491 619 746 687 dicendi
781 621 835 686 si
869 631 1016 687 utar
1059 620 1131 685 in
1165 620 1395 687 ceteris
1408 666 1427 697 ,
1462 620 1889 685 Februarium
1926 619 2210 685 sterilem
2244 619 2525 695 futurum,

489 735 766 800 eumque
801 713 926 781 lusi
959 716 1172 781 iocose
1209 714 1385 791 satis,
1422 735 1630 799 neque
1666 714 1874 779 solum
1908 713 2067 779 illud
2100 714 2336 783 extorsi
2368 713 2526 799 oppi-

489 807 742 901 dulum,
797 809 972 895 quod
1015 820 1151 875 erat
1195 810 1477 897 positum
1519 808 1589 875 in
1631 808 1950 895 Euphrati
1996 809 2383 895 Zeugmate,
2430 804 2527 872 sed

427 922 430 927 ·
487 914 820 989 praeterea
853 914 1074 989 togam
1106 926 1248 969 sum
1276 904 1415 969 eius
1440 914 1858 991 praetextam,
1894 925 2089 987 quam
2119 915 2256 969 erat
2286 902 2523 986 adeptus

491 993 772 1064 Caesare
809 999 1090 1075 consule,
1125 1020 1362 1085 magno
1397 997 1729 1063 hominum
1762 998 1897 1063 risu
1932 998 2293 1063 cavillatus.
2348 994 2525 1079 ‘quod

487 1092 649 1175 volt'
682 1094 948 1183 inquam
985 1094 1306 1159 ‘renovari
1332 1093 1607 1159 honores
1635 1093 1913 1171 eosdem,
1940 1114 2072 1178 quo
2092 1092 2308 1157 minus
2334 1101 2523 1176 togam

485 1197 883 1272 praetextam
920 1189 1262 1271 quotannis
1296 1188 1663 1274 interpolet,
1700 1188 2176 1255 decernendum
2212 1185 2363 1251 nihil
2400 1206 2523 1251 cen-

487 1302 629 1347 seo:
684 1304 798 1346 vos
845 1293 1060 1347 autem
1107 1280 1399 1349 homines
1446 1282 1721 1360 nobiles,
1775 1282 1887 1365 qui
1920 1282 2317 1347 Bostrenum
2364 1299 2525 1365 prae·

485 1385 800 1440 textatum
852 1396 983 1440 non
1033 1376 1371 1455 ferebatis,
1428 1374 1943 1463 Commagenum
1993 1376 2285 1443 feretis?
2344 1395 2520 1461 genus

375 1540 386 1557 ,
483 1467 664 1533 vides
701 1479 765 1536 et
797 1470 1012 1535 locum
1047 1470 1320 1537 iocandi.
1410 1472 1611 1536 multa
1648 1471 1781 1535 dixi
1814 1472 1883 1537 in
1915 1470 2275 1557 ignobilem
2307 1490 2518 1555 regem,

483 1562 718 1647 quibus
753 1574 926 1629 totus
955 1575 1053 1630 est
1081 1566 1412 1652 explosus3
1450 1588 1580 1651 quo
1606 1588 1842 1655 genere
1870 1578 2254 1643 commotus,
2290 1575 2361 1630 ut
2391 1562 2517 1639 dixi,

482 1658 742 1745 Appius
795 1669 1000 1725 totum
1053 1682 1158 1725 me
1211 1661 1647 1747 amplexatum
1708 1660 1869 1726 nihil
1918 1672 2017 1727 est
2068 1661 2247 1727 enim
2298 1658 2517 1724 facilius

479 1773 676 1837 quam
709 1754 956 1837 reliqua
991 1753 1327 1821 discutere.
1411 1755 1525 1821 sed
1558 1778 1689 1821 non
1722 1755 1978 1835 faciam,
2014 1767 2092 1820 ut
2126 1756 2313 1823 illum
2345 1750 2515 1817 offen-

481 1847 662 1925 dam,
705 1870 788 1915 ne
833 1847 1129 1934 imploret
1171 1848 1367 1915 fidem
1411 1849 1586 1915 Iovis
1630 1850 2017 1935 HospitaliS,
2058 1848 2297 1916 Graios
2338 1844 2515 1914 omnis

481 1952 810 2020 convocet,
845 1964 962 2028 per
989 1964 1152 2028 quos
1179 1964 1433 2009 mecum
1458 1942 1527 2008 in
1560 1944 1835 2029 gratiam
1860 1944 2068 2011 rediit.
2125 1944 2513 2029 Theopompo

479 2036 635 2101 eatis
681 2035 1011 2103 faciemus·
1101 2038 1182 2105 de
1219 2034 1501 2105 Caesare
1546 2039 1801 2124 fugerat
1844 2061 1947 2105 me
1993 2040 2081 2105 ad
2126 2051 2193 2107 te
2240 2037 2510 2109 scribet&

477 2129 666 2195 video
703 2131 894 2208 enim,
931 2151 1093 2214 quas
1129 2144 1202 2197 tu
1236 2132 1479 2199 litteras
1514 2134 1920 2218 exspectaris.
1994 2135 2115 2201 sed
2150 2135 2259 2201 ille
2294 2128 2508 2216 scripsit

478 2221 561 2287 ad
595 2221 877 2287 Balbum
923 2224 1301 2289 fasciculum
1335 2227 1518 2293 illum
1552 2228 1989 2313 epistolarum,
2042 2229 2115 2293 in
2159 2251 2287 2314 quo
2329 2226 2504 2291 fuerat
2626 2218 2630 2313 ¹²

477 2327 533 2381 et
565 2337 711 2379 mea
745 2325 810 2379 et
825 2315 1040 2393 Balbi,
1076 2328 1282 2383 totum
1309 2318 1435 2385 sibi
1470 2342 1639 2406 aqua
1663 2322 1993 2388 madidum
2027 2323 2350 2389 redditum
2374 2337 2507 2390 esse,

473 2418 547 2475 ut
579 2424 661 2475 'ne
696 2408 857 2473 illud
885 2409 1144 2493 quidem
1179 2412 1361 2490 sciat,
1396 2436 1607 2479 meam
1641 2415 1841 2483 fuisse
1872 2416 2158 2501 aliquam
2185 2414 2503 2502 epistolam·
2624 2456 2626 2467 ,

473 2502 589 2569 sed
624 2525 705 2568 ex
739 2502 930 2569 Balbi
975 2503 1244 2589 epistola
1285 2528 1497 2591 pauca
1532 2509 1729 2575 verba
1761 2509 2197 2590 intellexerat,
2242 2508 2323 2575 ad
2364 2523 2503 2590 quae

471 2596 796 2685 rescripsit
847 2596 946 2663 his
1008 2597 1252 2665 verbis:
1316 2607 1335 2636 ‘
1348 2600 1431 2667 de
1486 2599 1795 2669 Cicerone
1858 2614 1923 2669 te
1985 2605 2177 2671 video
2231 2600 2498 2689 quiddam

471 2691 829 2777 scripsisse,
874 2691 1051 2775 quod
1086 2715 1208 2781 ego
1242 2716 1373 2761 non
1406 2696 1722 2775 intellexi3
1770 2709 2083 2783 quantum
2130 2710 2345 2765 autem
2374 2714 2499 2761 con·
2620 2720 2622 2723 ⁴

467 2784 712 2851 iectura
747 2787 1214 2871 consequebar,
1259 2789 1325 2854 id
1362 2802 1498 2855 erat
1534 2790 1671 2857 eius
1706 2792 1909 2871 modi,
1956 2804 2028 2860 ut
2060 2794 2271 2881 magis
2306 2799 2501 2877 optan-

410 2896 435 2937 5
471 2875 626 2939 dum
660 2897 856 2961 quam
891 2882 1278 2967 sperandum
1309 2886 1647 2969 putarem.’
1725 2886 1941 2970 itaque
1974 2897 2205 2972 postea
2236 2884 2373 2951 misi
2403 2876 2499 2967 [ad

471 2965 848 3058 Caesarem]
895 2974 1124 3040 eodem
1173 2976 1284 3042 illo
1338 2978 1633 3063 exemplo
1684 2978 1948 3045 litteras.
2045 2981 2261 3047 iocum
2308 2988 2493 3043 autem

465 3062 633 3129 illius
681 3064 762 3129 de
807 3087 926 3131 sua
969 3079 1253 3154 egestate
1297 3092 1379 3135 ne
1427 3071 1512 3137 sis
1566 3085 1972 3159 aspernatus:
2026 3075 2112 3141 ad
2167 3096 2353 3161 quem
2391 3088 2495 3153 ego

465 3158 760 3244 rescripsi
803 3159 963 3225 nihil
1005 3184 1174 3241 esse,
1227 3164 1406 3247 quod
1447 3167 1713 3251 posthac
1759 3191 1944 3235 arcae
1986 3181 2245 3236 nostrae
2288 3162 2489 3235 fiducia

466 3252 901 3331 conturbaret,
943 3255 1198 3340 lusique
1238 3258 1308 3323 in
1344 3280 1421 3325 eo
1466 3282 1703 3347 genere
1736 3274 1803 3329 et
1846 3263 2242 3331 familiariter
2276 3272 2335 3327 et
2366 3276 2485 3323 cum

465 3342 792 3427 dignitate.
882 3370 1061 3414 amor
1095 3361 1310 3417 autem
1347 3353 1485 3419 eius
1531 3377 1687 3444 erga
1720 3378 1839 3422 nos
1883 3359 2205 3443 perfertur
2236 3352 2481 3422 omnium

461 3439 700 3504 nuntiis
735 3440 1094 3527 singularis.
1146 3445 1394 3513 litterae
1430 3448 1690 3531 quidem
1725 3450 1811 3515 ad
1842 3451 1930 3529 id,
1967 3452 2143 3537 quod
2168 3456 2483 3536 exspectas,

459 3528 596 3595 fere
639 3554 798 3597 cum-
831 3545 943 3600 tuo
976 3537 1187 3604 reditu
1221 3540 1598 3628 iungentum
1651 3544 1897 3630 reliqua
1942 3547 2333 3635 singulorum
2371 3538 2479 3603 ὥθ’

458 3644 602 3687 rum
646 3628 996 3696 scribemus
1043 3632 1128 3697 ad
1161 3643 1256 3711 te,
1303 3638 1358 3701 si
1404 3639 1597 3704 modo
1630 3640 1995 3709 tabellarios
2030 3655 2104 3708 tu
2148 3633 2478 3730 praebebis:

460 3733 848 3825 quamquam
901 3724 1041 3790 eius
1103 3728 1278 3793 modi
1337 3730 1546 3817 frigus
1598 3732 2020 3820 inpendebat,
2072 3748 2146 3804 ut
2194 3744 2477 3803 summum

458 3811 810 3891 periculum
847 3828 1033 3895 esset,
1069 3842 1150 3886 ne
1185 3822 1411 3908 Appio
1444 3846 1599 3893 suae
1636 3828 1827 3895 aedes
1862 3842 2217 3897 urerentur.
