2675 4559
2334 0 2381 54 :5

539 257 659 321 13:23
1141 265 1220 320 Μ.
1258 262 1533 323 TULLII
1566 260 1965 319 CICERONIS
2549 0 2601 309 W

531 393 780 457 nfflnsit.
852 389 1007 474 quid
1041 388 1156 453 tibi
1193 387 1498 464 scribam,
1534 385 1768 451 nescio.
1840 386 1963 451 scis
1996 384 2295 451 Domitio
2322 389 2555 451 comitio·
2597 374 2602 505 ’γ

531 517 667 549 wrm
695 487 864 551 diem
890 484 1102 550 timori
1131 505 1288 549 esse.
1344 492 1409 547 te
1439 490 1736 566 exspecto
1765 480 1951 546 valde
1980 492 2047 547 et
2077 502 2279 565 quam
2312 476 2552 568 primum
2601 510 2602 514 ¹

535 585 746 647 videre
782 579 991 665 cupio,
1072 602 1113 643 a
1145 591 1210 643 te
1244 588 1393 664 peto
1426 585 1504 641 ut
1532 598 1711 640 meas
1746 573 2007 640 iniurias
2042 575 2319 660 proinde
2353 576 2553 651 doleas,

535 698 599 741 ut
643 697 741 741 me
777 674 1100 740 existimas
1136 683 1200 736 et
1235 669 1449 735 dolere
1484 680 1550 734 et
1582 669 1805 733 ulcisci
1839 679 1981 733 tuas
2017 668 2273 755 solere..
2600 664 2602 754 ζ

1480 904 1647 959 ΧΠῙ.
2599 800 2605 959 i

1014 1011 1130 1067 Scr.
1149 1010 1367 1065 Romae
1383 1024 1575 1063 mense
1593 1006 1755 1061 Iunio
1774 1024 1827 1062 a.
1846 1024 1900 1061 u.
1922 1024 1971 1062 c.
1993 1008 2117 1062 704.
2603 1019 2604 1035 ¹

1099 1109 1430 1169 CAELIUS
1467 1107 1830 1166 CICERONI
1866 1107 2031 1164 SAL.

482 1269 495 1301 1
671 1237 976 1302 Gratulor
1018 1233 1135 1299 tibi
1180 1234 1572 1299 adfinitatem
1629 1232 1749 1297 viri
1797 1232 2050 1297 medius
2107 1232 2302 1298 fidius
2344 1229 2531 1318 optimi
2540 1254 2552 1306 3
2604 1167 2606 1312 i

535 1357 683 1397 ῃηιη
719 1332 841 1395 hoc
867 1352 989 1415 ego
1017 1329 1097 1394 de
1130 1328 1240 1392 illo
1268 1327 1591 1392 existimo:
1629 1338 1840 1393 cetera
1873 1349 2085 1414 petre,
2126 1318 2556 1413 quibus'adhuo

539 1429 639 1489 ille.
675 1424 798 1489 sibi
831 1445 1060 1509 parum
1094 1421 1269 1487 utilis
1306 1421 1457 1498 fuit,
1495 1433 1559 1487 et
1594 1432 1802 1487 aetate
1837 1421 1967 1486 iam
2004 1432 2161 1488 sunt
2199 1422 2478 1496 decussa,
2506 1428 2552 1483 et

539 1518 994 1585 ermsuetudine
1041 1527 1234 1601 atque
1290 1517 1667 1583 auctoritate
1715 1529 1857 1594 tua,
1911 1517 2164 1604 pudore
2212 1518 2473 1593 Tulliae,
2516 1512 2556 1577 si

539 1637 663 1697 qua
717 1611 1072 1687 restabunt,
1129 1612 1382 1677 confido
1437 1612 1725 1677 celeriter
1778 1612 2107 1677 sublatum
2164 1612 2239 1677 iri
2253 1638 2271 1691 3
2322 1632 2440 1675 non
2483 1618 2552 1672 est

539 1709 707 1773 enim
740 1728 1006 1792 pugnax
1049 1705 1115 1770 in
1159 1706 1330 1771 vitiis
1378 1727 1587 1789 neque
1631 1706 1831 1771 hebes
1866 1706 1950 1771 ad
1994 1706 2095 1785 id,
2154 1706 2329 1791 quod
2368 1703 2549 1771 melius

539 1805 635 1877 sit,
675 1802 1193 1887 intellegendum.
1251 1801 1484 1866 deinde
1518 1837 1604 1847 —
1632 1800 1805 1884 quod
1839 1801 2199 1867 maximum
2236 1812 2331 1868 est
2353 1836 2432 1846 —
2460 1817 2549 1882 ego

479 1925 499 1957 ε
539 1901 715 1961 illum
750 1897 935 1962 valde
970 1918 1136 1961 amo·
1209 1898 1418 1974 voles,
1457 1891 1709 1973 CicerO,
1750 1890 2105 1963 Curionem
2140 1906 2420 1962 nostrum
2448 1893 2551 1956 lau·
2608 1901 2610 2017 Ι

539 2017 671 2053 tum
719 1991 1183 2056 intercessionis
1228 1992 1310 2056 de
1365 1990 1707 2077 provinciis
1761 1990 2004 2056 exitum
2058 1991 2390 2056 habuisse:
2435 2006 2547 2050 nam
2609 2018 2610 2059 χ

539 2109 567 2149 1:-
579 2109 683 2149 um
735 2088 808 2149 de
857 2084 1306 2151 intercessione
1353 2085 1727 2163 referretur,
1781 2106 1947 2168 quae
1990 2086 2221 2151 relatio
2273 2084 2452 2150 fiebat
2492 2101 2549 2143 ex
2609 2111 2610 2116 ¹

539 2193 794 2243 senatus
823 2180 1132 2257 consult0,
1161 2180 1495 2265 primaque
1524 2178 1623 2244 M.
1643 2179 1939 2245 Marcelli
1967 2180 2287 2248 sententia
2318 2197 2548 2266 pronun-

539 2277 691 2337 tiata
727 2284 920 2350 esset,
966 2274 1078 2357 qui
1112 2273 1433 2360 agendum
1470 2296 1617 2338 cum
1654 2274 1923 2339 tribunis
1968 2275 2055 2361 pl.
2095 2274 2416 2347 censebat,
2454 2267 2549 2331 fre·

535 2392 736 2449 quens
785 2379 1040 2434 senatus
1085 2368 1152 2432 in
1197 2367 1322 2433 alia
1358 2367 1572 2433 omnia
1616 2368 1710 2433 iit.
1762 2370 2132 2435 ·stomacho
2182 2380 2280 2435 est
2326 2362 2547 2452 [scilicet

539 2460 915 2549 Pfflnpeius]
954 2462 1240 2547 Magnus
1284 2483 1458 2527 nunc
1500 2462 1591 2527 ita
1624 2464 1989 2550 languenti,
2026 2475 2101 2529 ut
2137 2464 2248 2528 vix
2291 2461 2382 2535 id,
2415 2450 2548 2541 quo(l
2611 2516 2612 2519 ,

539 2561 655 2617 sihi
715 2557 989 2641 placeat,
1043 2556 1336 2642 reperiat.
1426 2558 1808 2624 transierant
1857 2558 2039 2636 illuc,
2096 2558 2402 2624 rationem
2446 2548 2548 2615 eius

539 2651 925 2727 hahendam,
973 2650 1083 2739 qui
1118 2673 1305 2736 neque
1343 2653 1692 2718 exercitum
1727 2674 1939 2737 neque
1982 2650 2346 2739 provincias
2380 2641 2547 2711 trade·

539 2769 648 2809 rm..
739 2765 931 2827 quem
975 2745 1058 2809 ad
1102 2744 1368 2809 modum
1419 2744 1541 2812 hoc
1584 2746 1936 2832 Pompeius
1982 2747 2234 2812 laturus
2283 2742 2387 2818 sit,
2434 2754 2544 2801 cum

539 2858 943 2921 cognoscam:
990 2837 1297 2920 quidnam
1331 2839 1424 2904 rei
1460 2840 1753 2925 publicae
1790 2839 2083 2905 futurum
2119 2840 2223 2917 sit,
2259 2837 2314 2901 si
2348 2843 2443 2898 aut
2470 2850 2544 2890 ar-

539 2957 587 2989 m
603 2937 646 2985 212:
683 2933 922 2995 resistat
957 2943 1068 2996 aut
1102 2954 1231 2997 non
1267 2945 1466 3011 curet,
1504 2956 1618 2999 vos
1656 2956 1838 2999 senes
1877 2934 2107 3000 divites
2146 2928 2437 2999 videritis.
2482 2918 2543 2999 Q·

539 3025 601 3085 H
611 3023 938 3101 aturensius,
978 3048 1126 3091 cum
1160 3026 1278 3091 has
1313 3026 1554 3094 litteras
1593 3027 1834 3114 scripsi,
1872 3027 2154 3095 animam
2192 3024 2431 3114 agebat.

1479 3263 1638 3319 XIV.

936 3364 1054 3421 Ser.
1071 3365 1286 3421 Romae
1303 3382 1493 3421 mense
1513 3363 1831 3436 Septembri
1850 3384 1902 3422 a.
1921 3385 1976 3422 u.
1997 3384 2046 3422 c.
2069 3368 2185 3423 704.

1094 3468 1425 3526 CAELIUS
1462 3468 1825 3529 CICERONI
1861 3469 2025 3527 SAL.

659 3592 850 3657 Tanti
894 3614 1022 3656 non
1066 3592 1190 3657 fuit
1230 3593 1524 3659 Arsacen
1569 3614 1798 3679 capere
1846 3605 1911 3661 et
1958 3592 2332 3662 Seleuceam
2376 3594 2538 3661 OXPU‘

531 3709 746 3765 gnare,
781 3697 855 3751 ut
892 3709 1110 3752 earum
1144 3709 1380 3765 rerum,
1419 3710 1584 3772 quae
1618 3688 1722 3754 hic
1758 3702 1981 3775 gestae
2017 3699 2184 3764 sunt,
2222 3666 2538 3769 spectaculo

531 3804 805 3845 ⁴'HI'2'31'382
841 3803 1193 3865 numquam
1228 3781 1346 3846 tibi
1382 3782 1551 3847 oculi
1578 3783 1948 3861 doluissent,
1986 3785 2041 3849 si
2072 3784 2139 3849 in
2169 3762 2533 3864 repulsa-12⁰⁶

531 3877 631 3937 mi!
648 3877 687 3937 ‘ii
725 3875 966 3940 voltum
992 3876 1279 3942 vidisses.
1333 3900 1570 3963 magna
1596 3878 1707 3943 illa
1734 3878 1989 3944 comitia
2017 3879 2270 3944 fuerunt
2296 3878 2356 3934 et
2376 3860 2534 3960 Plan?

531 3969 740 4031 mdia
783 3991 864 4033 ex
907 3970 1185 4056 partium
1233 3993 1426 4037 sensu
1461 3972 1896 4057 adparuerunt
1905 3999 1923 4051 3
1970 3966 2267 4061 perpauci
2297 3968 2528 4063 necessl·

531 4061 813 4126 tudinem
866 4064 1068 4132 secuti
1114 4062 1404 4129 officium
1454 4064 1920 4152 praestiterunt.
2007 4067 2219 4151 itaque
2267 4050 2409 4123 mnu
2450 4046 2531 4106 θεὲ
2609 4121 2612 4149 ,
