2675 4559
403 154 492 221 94
1019 170 1094 223 M.
1131 167 1408 224 TULLII
1441 165 1843 223 CICERONIS

403 292 670 370 licuerit,
707 291 853 358 vide
887 314 990 370 ne,
1025 309 1175 357 cum
1201 290 1361 355 velis
1388 311 1687 357 revocare
1725 301 1977 377 tempus
2007 290 2294 355 omnium
2331 310 2466 357 ser-

404 386 780 463 vandorum,
817 407 965 451 cum
1001 386 1111 473 qui
1147 394 1435 451 servetur
1467 406 1596 451 non
1632 384 1770 463 erit,
1807 406 1938 450 non
1971 384 2197 471 possis.

1395 535 1468 591 V.

1074 637 1192 694 Ser.
1213 638 1431 693 Romae
1451 655 1498 693 a.
1518 655 1574 691 u.
1594 655 1643 694 c.
1663 638 1781 693 693.

688 742 763 795 M.
801 736 1076 797 CICERO
1113 738 1169 797 S.
1206 739 1278 794 D.
1319 740 1381 795 C.
1416 740 1770 799 ANTONIO
1803 740 1879 795 M.
1918 742 1985 795 F.
2022 740 2181 796 IMP.

533 846 678 913 Etsi
713 858 1057 912 statueram
1092 846 1300 912 nullas
1337 846 1423 911 ad
1465 856 1530 913 te
1572 847 1811 932 litteras
1846 846 2095 913 mittere
2127 846 2253 912 nisi
2287 868 2468 913 com—

403 939 820 1008 mendaticias
855 976 942 987 -—-
981 962 1112 1005 non
1157 962 1284 1025 quo
1329 964 1438 1007 eas
1482 938 1917 1028 intellegerem
1970 940 2123 1007 satis
2174 941 2352 1027 apud
2397 953 2463 1007 te

404 1035 645 1112 valere,
697 1035 813 1100 sed
858 1058 941 1100 ne
979 1035 1091 1112 iis,
1145 1036 1259 1119 qui
1301 1056 1407 1099 me
1450 1047 1779 1121 rogarent,
1832 1035 2073 1119 aliquid
2114 1036 2199 1101 de
2242 1046 2467 1103 nostra.

403 1129 848 1195 coniunctione
881 1130 1268 1194 inminutum
1303 1150 1442 1195 esse
1480 1130 1879 1196 ostenderem
1894 1164 2002 1207 ---,
2038 1140 2273 1205 tamen,
2310 1152 2463 1195 eum

401 1224 482 1289 Τ.
519 1223 943 1309 Pomponius,
991 1222 1182 1287 homo
1217 1223 1503 1287 omnium
1547 1244 1837 1289 meorum
1879 1224 1947 1289 in
1992 1235 2055 1289 te
2100 1225 2461 1291 studiorum

404 1330 469 1384 et
501 1316 859 1383 officiorum
893 1318 1170 1383 maxime
1196 1318 1510 1395 conscius,
1545 1318 1641 1383 tui
1676 1319 1969 1404 cupidus,
2004 1319 2205 1384 nostri
2239 1342 2469 1385 aman-

404 1411 714 1487 tissimus,
769 1412 855 1477 ad
886 1422 952 1477 te
997 1412 1532 1498 proficisceretur,
1578 1413 1822 1497 aliquid
1854 1412 2014 1478 mihi
2048 1413 2463 1479 scribendum

404 1506 656 1593 putavi,
691 1507 1065 1591 praesertim
1100 1529 1248 1573 cum
1283 1507 1469 1573 aliter
1500 1508 1625 1594 ipsi
1658 1506 2019 1593 Pomponio
2056 1508 2208 1573 satis
2242 1503 2465 1573 faeere

401 1622 532 1666 non
575 1622 852 1686 possem.
937 1622 1064 1687 ego
1115 1601 1170 1667 si
1222 1602 1336 1667 abs
1393 1614 1457 1686 te
1510 1624 1761 1667 summa
1814 1602 2027 1669 officia
2075 1602 2462 1680 desiderem,

401 1695 636 1761 mirum
667 1695 908 1763 nemini
942 1694 1144 1761 videri
1179 1696 1438 1775 debeat3
1473 1697 1690 1761 omnia
1714 1696 1885 1761 enim
1914 1719 1953 1760 a
1980 1718 2083 1762 me
2108 1698 2177 1761 in
2212 1708 2276 1762 te
2311 1718 2463 1783 pro-

401 1789 572 1857 fecta
608 1803 775 1868 sunt,
810 1813 978 1875 quae
1014 1792 1098 1856 ad
1133 1803 1317 1856 tuum
1354 1792 1780 1868 commodum,
1816 1812 1984 1875 quae
2012 1791 2094 1857 ad
2128 1790 2460 1868 honorem,

401 1907 568 1969 quae
621 1885 704 1951 ad
758 1885 1133 1971 dignitatem
1184 1884 1604 1969 pertinerent:
1658 1906 1774 1969 pro
1826 1884 1925 1949 his
1979 1884 2170 1949 rebus
2213 1884 2460 1949 nullam

400 1980 558 2045 mihi
602 1979 718 2044 abs
762 1991 826 2043 te
871 1977 1138 2043 relatam
1183 2001 1322 2043 esse
1367 1978 1638 2065 gratiam
1651 2025 1669 2056 ,
1715 1989 1786 2043 tu
1832 2000 1901 2045 es
1936 1978 2211 2064 optimus
2255 1979 2459 2056 testie,

403 2085 624 2139 contra
674 2073 867 2137 etiam
920 2094 1062 2137 esse
1115 2072 1356 2157 aliquid
1409 2072 1525 2137 ‘abs
1577 2081 1641 2137 te
1692 2072 2053 2157 profectum
2104 2096 2185 2139 ex
2238 2074 2460 2138 multis

372 2166 647 2243 'audivi3
682 2188 834 2230 nam
869 2164 1316 2252 ‘comperisse'
1353 2186 1456 2231 me
1491 2187 1620 2231 non
1657 2166 1864 2231 audeo
1899 2167 2137 2245 dicere,
2173 2189 2255 2232 ne
2292 2166 2460 2233 forte

399 2256 520 2325 id
499 2282 713 2345 ipsum
748 2260 1019 2325 verbum
1055 2282 1286 2346 ponam
1303 2307 1322 2338 ,
1368 2260 1544 2345 quod
1588 2260 1705 2325 abs
1741 2271 1805 2325 te
1841 2260 2021 2326 aiunt
2053 2262 2269 2327 falso
2250 2284 2319 2326 m
2354 2284 2459 2327 me

400 2355 604 2422 solere
639 2354 934 2420 conferri.
1025 2354 1139 2421 sed
1181 2378 1289 2431 ea,
1342 2376 1509 2439 quae
1545 2354 1628 2419 ad
1672 2377 1776 2420 me
1812 2354 2024 2420 delata
2058 2364 2235 2432 sunt,
2284 2357 2459 2421 malo

398 2462 462 2515 te
497 2470 578 2514 ex
612 2446 1004 2535 Pomponio,
1057 2450 1163 2515 cui
1208 2470 1337 2515 non
1370 2449 1583 2513 minus
1616 2450 1887 2515 molesta
1920 2449 2207 2528 fuerunt,
2244 2471 2454 2534 -quam

399 2568 480 2609 ex
529 2544 690 2611 meis
742 2544 966 2611 litteris
1019 2566 1425 2631 cognoscere.
1513 2566 1696 2609 meus
1739 2545 1807 2609 in
1850 2556 1913 2609 te
1958 2544 2207 2610 animus
2261 2564 2459 2628 quam

399 2639 708 2727 singulari
753 2640 964 2706 officio
1010 2640 1230 2718 fuerit,
1283 2651 1348 2705 et
1393 2650 1650 2706 senatus
1696 2650 1761 2705 et
1802 2639 2078 2727 populus
2122 2638 2459 2705 Romanus

397 2736 577 2803 testis
613 2746 710 2802 est
717 2759 736 2813 ς
773 2744 845 2799 tu
872 2756 1066 2820 quam
1094 2746 1318 2821 gratus
1347 2754 1503 2820 erga
1528 2756 1633 2801 me
1668 2733 1886 2811 fueris,
1922 2734 2061 2819 ipse
2089 2734 2458 2800 existimare

397 2843 608 2917 potes3
673 2840 982 2915 quantum
1043 2829 1200 2894 mihi
1261 2829 1527 2907 debeas,
1592 2827 1785 2895 ceteri
1838 2828 2221 2895 existimant.
2257 2822 2261 2827 ’
2332 2850 2457 2915 ego

397 2943 563 3009 quae
597 2935 711 2989 tua
745 2945 940 2989 causa
979 2934 1168 2989 antea
1197 2921 1355 3002 feei,
1393 2924 1721 2989 voluntate
1758 2944 1899 2987 sum
1929 2922 2245 2989 adductus
2278 2934 2461 3009 post-

397 3040 600 3104 eaque
637 3019 1020 3097 constantia3
1075 3019 1191 3085 sed
1223 3018 1500 3102 reliqua,
1552 3016 1711 3083 mihi
1744 3018 1962 3093 crede,
2008 3018 2211 3082 multo
2242 3019 2456 3083 maius

394 3135 612 3179 meum
645 3112 932 3181 studium
965 3113 1401 3199 maioremque
1436 3112 1817 3199 gravitatem
1851 3122 1915 3177 et
1958 3112 2251 3177 laborem
2286 3112 2461 3177 desi-

397 3209 650 3274 deranti
695 3229 862 3293 quae
895 3230 1020 3295 ego
1057 3208 1112 3274 si
1154 3230 1284 3273 non
1316 3207 1706 3294 profundere
1742 3228 1817 3271 ac
1862 3204 2131 3292 perdere
2165 3204 2456 3283 videbor,

396 3304 692 3369 omnibus
724 3303 887 3369 meis
929 3302 1174 3367 viribus
1209 3301 1567 3378 sustineb03
1612 3301 1712 3365 sin
1756 3310 1973 3367 autem
2016 3299 2269 3385 ingrata
2312 3322 2459 3365 esse

395 3399 686 3475 sentium,
719 3420 852 3463 non
887 3396 1279 3462 committam
1315 3407 1389 3461 ut
1421 3396 1540 3461 tibi
1572 3396 1713 3481 ipse
1746 3395 2025 3461 insanire
2060 3394 2299 3461 videar.
2378 3417 2459 3461 ea

393 3514 560 3577 quae
588 3492 716 3557 sint
741 3501 806 3556 et
831 3492 1012 3555 cuius
1041 3490 1234 3566 modi,
1269 3490 1509 3575 poteris
1543 3512 1623 3556 ex
1650 3490 2013 3577 Pomponio
2046 3510 2455 3577 cognoseere.

395 3598 587 3671 atque
621 3585 835 3671 ipsum
877 3583 997 3648 tibi
1029 3583 1463 3669 Pomponium
1506 3584 1597 3650 ita
1630 3585 2038 3662 commendo,
2080 3593 2181 3660 ut,
2226 3604 2461 3668 quam-

395 3700 591 3769 quam
623 3678 826 3772 ipsius
853 3698 1049 3743 causa
1074 3678 1324 3744 confido
1360 3690 1425 3745 te
1450 3679 1770 3745 facturum
1799 3701 1940 3745 esse
1968 3678 2201 3755 omnia,
2237 3689 2456 3743 tamen

396 3774 510 3842 abs
545 3786 610 3841 te
646 3775 769 3839 hoc
803 3784 1049 3859 petam,
1101 3784 1202 3851 ut,
1258 3774 1312 3839 si
1356 3774 1514 3859 quid
1556 3776 1625 3840 in
1661 3786 1737 3840 te’
1758 3773 1993 3839 residet
2028 3772 2259 3837 amoris
2296 3794 2458 3859 erga

394 3892 526 3946 me,
579 3870 649 3934 id
689 3889 880 3933 omne
925 3868 994 3935 in
1037 3868 1382 3956 Pomponii
1432 3869 1693 3956 negotio
1738 3869 2067 3935 ostendas:
2118 3868 2242 3933 hoc
2294 3867 2455 3931 mihi

392 3957 552 4026 nihil
600 3962 848 4048 'gratius
899 3963 1116 4029 facere
1165 3975 1368 4051 potes.
