2675 4559
517 230 651 297 344
1127 238 1205 294 M.
1243 237 1519 297 TULLII
1552 237 1952 298 CICERONIS

511 364 924 453 familiariter·
940 372 1004 428 et
1036 362 1222 447 quasi
1255 384 1374 450 pro
1409 384 1554 429 meo
1588 363 1727 430 iure
1764 363 2134 440 scriberem,
2169 364 2220 427 si
2250 384 2399 448 quae
2425 386 2503 429 res

512 470 708 538 esset,
752 459 833 526 de
879 480 1009 542 qua
1051 456 1239 523 valde
1281 456 1662 523 laborarem.
1748 457 1868 524 Μ’.
1908 455 2166 536 Curius,
2200 459 2304 542 qui
2332 457 2505 525 Patris

511 555 903 642 negotiatur,
956 552 1047 618 ita
1087 551 1247 618 mihi
1292 552 1622 618 familiaris
1673 563 1802 630 est,
1855 563 1931 620 ut
1969 552 2129 618 nihil
2170 552 2354 638 possit
2397 556 2507 618 'esse

512 649 930 716 coniunctius.
1017 648 1221 714 multa
1262 647 1434 714 illius
1474 648 1543 712 in
1586 670 1691 714 me
1736 647 1978 726 officia,
2030 649 2232 716 multa
2269 649 2331 712 in
2366 647 2508 712 illum

507 765 681 820 mea,
717 743 1019 828 quodque
1051 743 1408 808 maximum
1441 752 1566 819 est,
1613 742 1902 808 summus
1935 742 2104 809 inter
2137 765 2250 808 nos
2283 752 2509 807 amor'et

450 859 477 897 ς
510 849 793 904 mutuus.
894 859 1062 922 quae
1105 859 1251 902 cum
1296 837 1389 902 ita
1432 836 1583 913 sint,
1639 837 1694 901 si
1737 837 1939 902 ullam
1981 837 2052 901 in
2096 835 2358 903 amicitia
2401 857 2509 898 mea

514 956 693 1018 spem
726 931 948 1009 habes,
986 931 1039 997 si
1074 954 1171 1009 ea,
1207 952 1373 1015 quae
1406 931 1475 996 in
1508 952 1611 995 me
1647 930 1862 998 officia
1895 941 1960 997 et
1994 931 2206 1005 studia
2238 927 2509 994 Brundisii

514 1026 864 1104 eontulisti,
899 1026 998 1104 vis
1031 1022 1194 1091 mihi'
1223 1026 1417 1091 etiam
1450 1025 1732 1111 gratiora
1766 1026 2022 1100 efficere
2057 1062 2146 1074 —
2177 1045 2509 1112 quamquam

514 1131 660 1186 sunt
702 1121 1065 1208 gratissima
1098 1158 1212 1198 -—‚
1266 1121 1320 1186 si
1366 1144 1469 1187 me
1498 1135 1553 1185 'a
1603 1121 1730 1186 tuis
1775 1121 2076 1188 omnibus
2121 1121 2315 1187 amari
2352 1119 2508 1194 vides,

514 1218 632 1282 Eme
665 1213 822 1281 mihi
857 1215 940 1280 da
974 1226 1167 1299 atque
1203 1214 1466 1300 largire,
1512 1227 1586 1280 ut
1616 1214 1739 1282 Μ’.
1778 1212 2054 1282 Curium
2090 1228 2323 1282 sartum
2353 1225 2406 1280 et
2440 1225 2508 1277 te-

514 1326 704 1387 ntum,
740 1321 814 1374 ut
847 1307 1046 1386 aiunt,
1081 1308 1177 1384 ab,
1193 1309 1496 1393 omnique
1528 1309 1957 1389 incommode,
1996 1311 2378 1385 detrimento,
2407 1328 2509 1371 mo-

510 1403 690 1467 lestia
726 1401 1043 1468 sincerum
1087 1402 1539 1489 integrumque
1575 1425 1934 1471 conserves.
2007 1417 2075 1472 et
2108 1405 2242 1492 ipse
2276 1401 2505 1490 spondeo

510 1517 566 1562 st
606 1518 824 1563 omnes
858 1497 982 1563 hoe
1026 1496 1141 1564 tibi
1185 1499 1281 1564 tui
1314 1520 1432 1585 pro
1453 1521 1571 1565 .me
1604 1500 1945 1587 recipient,
1991 1493 2076 1568 ei
2109 1523 2252 1566 mea
2283 1495 2507 1566 amicitia

510 1609 566 1654 ffi-
606 1614 686 1655 sx
719 1601 833 1657 tuo
858 1590 926 1657 in
951 1614 1057 1658 me
1093 1591 1306 1658 officio
1332 1592 1684 1658 maximum
1717 1606 1782 1662 te
1807 1595 2096 1662 fructum
2123 1612 2503 1676 summamque

510 1686 899 1772 voluptatem
935 1709 1073 1753 esse
1098 1698 1467 1774 capturum.
1540 1690 1701 1754 vale.

1479 1891 1577 1945 LI.

1260 1991 1378 2048 Ser.
1402 2009 1547 2048 anno
1565 1994 1797 2050 incerto.

1016 2097 1095 2148 M.
1134 2094 1412 2151 CICERO
1448 2096 1514 2151 P.
1554 2096 1829 2154 CAESIO
1867 2097 1924 2156 S.
1960 2099 2038 2155 D.

634 2213 709 2277 P.
754 2213 1186 2294 Messienum,
1239 2219 1522 2300 equitem
1566 2219 1969 2299 Romanum,
2020 2220 2304 2302 omnibus
2349 2215 2494 2282 rebus

506 2316 796 2370 ornatum
858 2330 1202 2393 meumque
1265 2311 1790 2395 perfamiliarem,
1863 2316 1982 2382 tibi
2043 2313 2392 2383 commendo
2441 2328 2496 2371 ea

506 2399 1078 2480 commendatione,
1113 2423 1280 2487 quae
1314 2416 1527 2490 potest
1563 2428 1702 2474 esse
1738 2409 2238 2495 diligentissima.
2319 2415 2441 2492 peto
2469 2422 2496 2462 a

502 2506 562 2558 te
598 2504 811 2580 etpro
844 2507 1063 2562 nostra
1098 2507 1160 2563 et
1192 2520 1310 2584 pro
1345 2507 1613 2585 paterna
1647 2503 1943 2581 amicitia,
1979 2517 2054 2572 ut
2090 2528 2232 2571 eum
2265 2502 2327 2567 in
2356 2511 2492 2564 tuam
2596 2552 2597 2574 2

502 2590 690 2654 fidem
724 2588 992 2676 recipias
1028 2591 1293 2676 eiusque
1326 2616 1466 2660 rem
1501 2595 1867 2683 famamque
1890 2610 2154 2666 tueare:
2189 2598 2380 2666 virum
2407 2592 2493 2654 bo·

498 2706 653 2747 num
714 2693 954 2769 tuaque
1015 2686 1292 2753 amicitia
1346 2688 1616 2776 dignum
1668 2689 1784 2756 tibi
1847 2693 2210 2761 adiunxeris
2260 2687 2491 2770 mihique

498 2776 929 2858 gratissimum
964 2781 1209 2848 feceris.

1455 2969 1584 3026 LII.

1249 3069 1369 3126 Ser.
1392 3088 1539 3128 anno
1557 3075 1787 3157 incerto.

1176 3171 1452 3231 CICERO
1486 3175 1677 3233 REGI
1714 3177 1876 3233 SAL.

622 3281 705 3346 A.
740 3282 1032 3361 Licinius
1076 3287 1458 3356 Aristoteles
1501 3290 1860 3361 Melitensis
1913 3291 2364 3383 antiquissimus
2406 3293 2476 3349 θδῐ
2574 3300 2581 3309 ’

498 3374 724 3458 hospes
757 3399 940 3444 meus
978 3390 1043 3445 et
1074 3394 1405 3472 praeterea
1439 3387 1814 3454 coniunctus
1847 3413 2084 3480 magno
2112 3412 2226 3456 usu
2256 3378 2475 3452 familia·

494 3469 719 3537 ritatis:
756 3470 916 3537 haec
942 3494 1091 3539 cum
1125 3475 1215 3541 ita
1249 3477 1395 3556 sint,
1432 3501 1562 3547 non
1590 3481 1816 3549 dubito
1841 3485 1998 3569 quin
2033 3486 2146 3551 tibi
2178 3481 2314 3549 satis
2339 3494 2474 3569 oom-

490 3564 823 3631 nis-:udatus
858 3567 941 3633 sit
949 3593 967 3646 3
1004 3571 1241 3636 etenim
1276 3595 1359 3638 ex
1383 3574 1599 3641 multis
1627 3599 1946 3665 cognosco
1976 3603 2176 3650 meam
2208 3590 2471 3642 commen-

490 3658 807 3762 dationem
840 3662 1186 3747 plurimum
1224 3668 1398 3753 apud
1433 3680 1496 3736 te
1531 3670 1765 3738 valere.
1819 3673 1990 3742 hune
2025 3697 2142 3762 ego
2176 3697 2210 3738 a
2245 3666 2469 3734 Caesare

486 3750 780 3854 liber-avb
815 3754 1116 3840 frequens
1144 3760 1315 3826 enim
1340 3762 1550 3830 fuerat
1577 3766 1931 3846 nobiscum,
1960 3781 2145 3855 atque
2171 3765 2338 3834 etiam
2360 3754 2466 3821 diu·

486 3858 610 3906 tius
645 3845 712 3908 in
756 3869 952 3915 causa
993 3865 1091 3918 est
1133 3875 1328 3939 quam
1372 3880 1488 3924 nos
1537 3874 1992 3942 commoratus,
2046 3885 2166 3949 quo
2197 3855 2388 3925 melius
2417 3858 2461 3910 te

486 3934 562 3994 ὼ
602 3956 675 3999 eo
713 3940 1219 4013 existimaturum
1254 3952 1553 4019 arbitron
1592 3955 1697 4022 fac
1731 3956 1955 4045 igitur,
1993 3957 2078 4023 mi
2111 3956 2264 4031 Rex,
2303 3957 2360 4013 ut
2387 3942 2459 4006 in-

486 4026 741 4111 tellsgat
775 4031 891 4100 has
927 4038 1050 4104 sibi
1082 4041 1325 4112 litteras
1361 4048 1709 4133 plurimum
1743 4051 2077 4139 profuisse.
