2675 4559
467 231 597 296 314
1076 243 1153 296 Μ.
1193 240 1468 299 TULLII
1501 237 1906 298 CICERONIS

462 379 661 435 tatem
713 367 981 432 deorum
1040 365 1478 430 inmortalium
1529 363 1927 451 benignitate
1973 363 2496 472 subterfugerunt,

466 461 726 538 deinde,
791 458 968 546 quod
1030 481 1281 524 summo
1334 458 1550 524 studio
1604 457 1828 544 populi
1881 439 2160 524 Romani
2214 483 2254 524 a
2301 482 2398 524 me
2441 460 2496 524 in

400 580 427 618 2
464 556 801 622 consulatu
853 574 999 619 meo
1055 553 1305 620 defensi
1359 564 1528 618 sunt.
1636 573 1786 617 cum
1847 555 2008 618 enim
2060 551 2303 617 tribuni
2349 552 2498 637 plebi

458 653 670 738 legem
730 649 1201 736 iniquissimam
1262 649 1344 715 de
1409 669 1632 714 eorum
1685 648 1857 734 agris
1918 647 2496 734 promulgavissent,

459 746 651 814 facile
685 745 939 814 senatui
968 737 1351 832 populoque
1387 744 1682 810 Romano
1717 742 2038 829 persuasi,
2086 754 2164 808 ut
2197 763 2308 808 eos
2343 741 2494 817 civis,

459 841 693 926 quibus
746 839 1005 906 fortuna
1055 839 1479 925 pepercisset,
1533 838 1746 925 salvos
1799 858 1942 904 esse
1994 837 2254 903 vellent
2355 835 2496 901 hano

458 935 777 1002 actionem
837 955 1048 1002 meam
1104 931 1183 1000 C.
1230 930 1476 1000 Caesar
1533 931 1742 1018 primo
1805 953 1924 998 suo
1975 933 2318 998 consulatu
2372 932 2494 1015 lege

458 1030 713 1117 agraria
746 1028 1167 1116 conprobavit
1198 1048 1559 1114 agrumque
1577 1026 2076 1094 Volaterranum
2113 1037 2181 1093 et
2215 1025 2494 1113 oppidum

456 1124 633 1190 omni
681 1123 965 1211 periculo
1006 1122 1077 1188 in
1127 1133 1513 1208 perpetuum
1554 1121 1880 1198 liberavit,
1931 1132 2006 1186 ut
2047 1120 2214 1186 mihi
2255 1119 2496 1186 dubium

453 1238 586 1284 non
621 1217 707 1283 sit
738 1217 896 1302 quin
928 1216 1015 1292 is,
1067 1216 1181 1300 qui
1225 1237 1428 1280 novas
1471 1215 1975 1282 necessitudines
2023 1215 2364 1302 adiungat,
2403 1236 2492 1278 ve·

456 1324 594 1380 tera
642 1335 763 1378 sua
814 1310 1127 1377 beneficia
1180 1310 1546 1376 conservari
1595 1311 1770 1377 velit.
1857 1333 2055 1396 quam
2112 1311 2200 1378 ob
2241 1331 2372 1378 rem
2415 1319 2494 1374 est

454 1417 603 1472 tuae
646 1404 1027 1492 prudentiae
1071 1417 1183 1471 aut
1226 1405 1413 1491 sequi
1466 1405 1604 1472 eius
1657 1406 2140 1485 auctoritatem,
2197 1407 2370 1474 cuius
2407 1426 2489 1469 se·

454 1512 627 1568 etam
658 1512 855 1585 atque
898 1500 1240 1587 imperium
1274 1523 1530 1566 summa
1563 1522 1712 1566 cum
1755 1512 1868 1567 tua
1911 1502 2229 1588 dignitate
2263 1509 2488 1568 secutus

454 1617 544 1672 es,
580 1604 691 1661 aut
721 1606 895 1662 certe
921 1595 1014 1660 illi
1041 1595 1361 1682 integram
1390 1616 1647 1661 omnem
1676 1617 1939 1662 causam
1962 1617 2321 1674 reservare3
2353 1589 2485 1658 illud

453 1712 606 1756 vero
641 1689 937 1756 dubitare
972 1711 1103 1755 non
1140 1689 1334 1756 debes
1347 1737 1366 1766 ,
1419 1689 1577 1775 quin
1611 1699 1745 1754 tam
1777 1713 2008 1776 grave,
2065 1702 2200 1756 tam
2243 1691 2485 1760 firmum,

453 1796 587 1850 tam
635 1783 977 1852 honestum
1023 1784 1442 1871 municipium
1483 1782 1604 1848 tibi
1647 1794 1761 1849 tuo
1809 1806 2060 1851 summo
2109 1781 2403 1851 beneficio
2429 1779 2482 1842 in

391 1903 417 1943 s
452 1890 840 1965 perpetuum
871 1879 1145 1966 obligari
1181 1879 1359 1946 velis.
1449 1879 1564 1945 sed
1606 1878 1800 1956 haee,
1848 1900 2016 1963 quae
2050 1903 2250 1966 supra
2283 1876 2482 1960 scripta

450 1983 623 2051 sunt,
660 1996 737 2040 eo
774 1985 1097 2061 spectant,
1134 1986 1207 2041 ut
1241 1987 1305 2041 te
1337 1974 1557 2041 horter
1590 1986 1656 2041 et
1689 1974 2027 2041 suadeam:
2064 1976 2311 2060 reliqua
2338 1977 2478 2043 sunt,

450 2091 616 2154 quae
660 2070 980 2156 pertinent
1024 2070 1111 2136 ad
1152 2070 1541 2156 rogandum,
1596 2080 1670 2135 ut
1719 2091 1850 2134 non
1903 2070 2116 2136 solum
2168 2081 2278 2135 tua
2320 2083 2479 2131 causa

448 2161 565 2228 tibi
602 2162 940 2229 consilium
974 2181 1078 2228 me
1114 2163 1267 2230 dare
1300 2173 1510 2250 putes,
1545 2163 1660 2229 sed
1696 2164 1910 2241 etiam,
1948 2165 2130 2250 quod
2161 2160 2315 2229 mihi
2345 2175 2474 2244 opus

450 2257 561 2333 sit,
616 2275 722 2322 me
769 2274 810 2322 a
854 2269 918 2323 te
952 2267 1172 2342 petere
1208 2269 1273 2323 et
1314 2276 1566 2342 rogare.
1653 2257 2093 2344 gratissimum
2128 2259 2318 2346 igitur
2347 2247 2474 2318 mihi

446 2350 708 2428 feceris,
756 2350 811 2416 si
852 2349 1309 2418 Volaterranos
1356 2347 1655 2416 omnibus
1701 2351 1894 2418 rebus
1939 2353 2226 2441 integros
2267 2345 2474 2415 incolu-

446 2443 700 2530 misque
736 2461 879 2511 esse
922 2445 1231 2510 volueris.
1278 2463 1501 2510 eorum
1537 2465 1660 2533 ego
1698 2443 2044 2527 domicilia,
2097 2447 2304 2522 sedes,
2343 2459 2472 2512 rem,

446 2538 759 2617 fortunas,
796 2559 949 2628 quae
986 2549 1050 2606 et
1085 2561 1125 2604 a
1160 2537 1259 2605 dis
1293 2539 1741 2606 inmortalibus
1777 2552 1842 2608 et
1876 2563 1915 2608 a
1948 2531 2472 2646 praestantissimis

444 2633 515 2700 in
565 2645 781 2700 nostra
833 2657 904 2701 re
956 2633 1217 2722 publica
1262 2633 1514 2700 civibus
1561 2657 1812 2701 summo
1857 2647 2117 2704 senatus
2162 2627 2469 2746 populique

444 2727 725 2794 Romani
760 2729 974 2795 studio
1010 2740 1424 2795 conservatae
1461 2741 1638 2808 sunt,
1675 2741 1825 2796 tuae
1861 2730 2041 2809 fidei,
2077 2729 2347 2799 iustitiae
2377 2723 2470 2786 bo·

381 2843 410 2882 4
443 2823 773 2911 nitatique
794 2823 1190 2890 commendo·
1280 2823 1334 2887 si
1371 2845 1489 2910 pro
1524 2824 1682 2909 meis
1716 2824 2002 2910 pristinis
2037 2827 2266 2913 opibus
2296 2813 2467 2885 facul·

442 2926 644 2981 tatem
679 2904 838 2980 mihi
870 2939 973 2983 res
1008 2917 1131 2983 hoc
1166 2928 1456 3004 tempore
1492 2901 1702 2998 daret,
1748 2931 1822 2985 ut
1854 2920 1946 2987 ita
1981 2920 2314 2988 defendere
2343 2929 2466 2998 Ροε-

441 3031 580 3076 sem
606 3010 1083 3091 Volaterranos,
1118 3033 1313 3098 quem
1351 3013 1434 3077 ad
1468 3012 1734 3079 modum
1767 3016 2073 3081 consuevi
2107 3012 2267 3082 tueri
2296 3023 2461 3075 meos,

439 3106 694 3172 nullum
729 3105 1014 3173 officium
1026 3155 1045 3186 ,
1098 3107 1348 3174 nullum
1385 3107 1661 3194 denique
1697 3119 2050 3189 certamen,
2103 3111 2170 3176 in
2212 3125 2330 3192 quo
2359 3094 2460 3164 illis

435 3200 746 3288 prodesse
780 3224 1067 3288 possem,
1102 3203 1703 3289 praetermitterem,
1739 3203 1856 3270 sed
1891 3205 2194 3289 quoniam
2226 3194 2380 3286 apud
2407 3199 2456 3253 ΐθ

436 3294 638 3361 nihilo
672 3296 885 3363 minus
930 3295 1054 3364 hoc
1096 3307 1384 3382 tempore
1429 3298 1643 3364 valere
1676 3319 1782 3364 me
1817 3299 2100 3377 confido,
2147 3314 2330 3384 quam
2367 3307 2455 3350 va·

436 3388 669 3455 luerim
721 3409 977 3478 semper
1028 3391 1205 3503 apud
1259 3393 1474 3457 bonos·
1501 3392 1738 3471 omnis,
1799 3413 1918 3480 pro
1977 3407 2195 3460 nostra
2244 3397 2452 3454 summa

435 3484 904 3552 necessitudine
956 3486 1223 3571 parique
1274 3485 1442 3552 inter
1494 3507 1611 3552 nos
1665 3497 1728 3553 et
1777 3497 2006 3554 mutua
2055 3471 2451 3554 benevolentia

437 3576 551 3643 abs
595 3591 661 3645 te
706 3589 887 3666 pcto,
941 3591 1015 3646 ut
1056 3580 1149 3646 ita
1192 3581 1274 3647 de
1308 3580 1748 3647 Volaterranis
1793 3601 2109 3662 mereare,
2161 3589 2230 3646 ut
2269 3564 2448 3641 exisstl·

434 3683 611 3738 ment
647 3694 796 3739 eum
832 3675 1020 3760 quasi
1056 3675 1271 3741 divino
1308 3673 1572 3742 consilio
1607 3676 1714 3742 isti
1756 3678 2018 3766 negotio
2060 3667 2444 3792 praepomtum

434 3785 574 3833 esse
588 3815 607 3845 ,
663 3769 837 3854 apud
881 3789 1075 3854 quem
1121 3790 1325 3836 unum
1368 3792 1487 3837 nos
1534 3791 1756 3838 eorum
1789 3774 2084 3860 perpetui
2126 3768 2440 3838 defensores

432 3860 778 3944 plurimum
812 3865 1026 3930 valere
1062 3883 1420 3950 possemus.
