2675 4559
432 753 483 796 2³

518 223 648 289 382
1141 231 1219 285 Μ.
1256 230 1532 290 TULLII
1565 226 1970 286 CICERONIS

514 360 585 426 in
616 357 913 424 omnibus
949 353 1376 432 orationibus,
1411 351 1740 444 sententiis
1765 351 2066 420 ‘dicendis
2079 400 2099 430 ,
2133 351 2332 418 causis
2363 374 2521 440 agen-

516 453 643 530 dis,
694 452 993 518 omnibus
1056 449 1309 536 seriptis
1322 496 1342 525 ‚
1396 446 1667 516 Graecis
1719 447 2006 524 Latinis,
2067 448 2240 512 omni
2295 447 2521 530 denique

514 545 821 614 varietate
852 545 1211 612 litterarum
1242 565 1554 618 mearum,
1591 553 1658 608 te
1683 563 1807 608 non
1833 541 2028 606 modo
2055 540 2154 616 iis,
2190 561 2341 624 quos
2371 541 2524 604 vidis-

515 662 761 718 semus,
806 639 921 705 sed
954 639 1065 716 iis,
1110 638 1192 704 de
1226 637 1464 722 quibus
1497 635 1898 702 audissemus
1911 683 1932 713 ,
1971 635 2266 702 omnibus
2300 634 2524 699 antefer·

516 756 673 800 rem.
760 753 1031 817 quaeres
1084 733 1385 808 fortasse,
1439 730 1600 815 quid
1651 730 1734 794 sit
1783 730 1962 814 quod
2015 751 2140 815 ego
2192 729 2311 793 hoc
2353 727 2524 793 neseio

516 828 674 912 quid
724 826 1175 914 gratulationis
1224 836 1293 892 et
1343 824 1603 890 honoris
1649 847 1690 888 a
1733 834 1961 890 senatu
2015 823 2180 888 tanti
2229 823 2523 888 aestimem.

518 943 710 1008 agam
742 923 875 988 iam
908 931 1125 988 tecum
1158 919 1590 996 familiariter,
1632 929 1709 982 ut
1739 927 1838 984 est
1881 928 1950 984 et
1991 915 2222 982 studiis
2257 927 2318 982 et
2347 915 2524 982 officiis

516 1017 753 1082 nostris
776 1016 1019 1082 mutuis
1044 1027 1111 1081 et
1138 1035 1394 1080 summa
1417 1012 1698 1078 amicitia
1727 1013 2000 1098 dignum
2027 1023 2098 1077 et
2117 1010 2525 1078 necessitudine
2605 1005 2608 1040 ⁴

519 1112 713 1177 etiam
746 1121 1043 1196 paternaz
1076 1109 1137 1174 si
1171 1109 1514 1192 quisquam
1547 1106 1672 1172 fuit
1706 1127 2022 1190 umquam
2053 1116 2330 1180 remotus
2361 1115 2417 1170 et
2441 1125 2527 1167 na-

518 1217 665 1270 tura
688 1217 753 1271 et
780 1205 987 1290 magis
1014 1203 1229 1280 etiam,
1247 1213 1321 1269 ut
1351 1202 1510 1268 mihi
1527 1201 1790 1286 quidem
1815 1200 2053 1266 sentire
2082 1200 2316 1276 videor,
2332 1199 2524 1264 ratione

518 1309 713 1382 atque
756 1298 1046 1364 doctrina
1079 1297 1164 1362 ab
1206 1297 1386 1362 inani
1417 1296 1610 1362 laude
1645 1307 1712 1362 et
1757 1295 2168 1360 sermonibus
2201 1293 2389 1380 volgi,
2433 1311 2522 1376 ego

516 1391 805 1478 profecto
836 1390 893 1456 is
930 1413 1093 1456 sum.
1146 1390 1327 1456 testis
1350 1401 1454 1456 est
1483 1391 1856 1456 consulatus
1891 1411 2102 1466 meus,
2137 1387 2208 1456 in
2231 1408 2370 1472 quc,
2403 1386 2524 1449 siout

514 1487 582 1550 in
616 1485 865 1568 reliqua
896 1485 1053 1563 vita,
1088 1485 1297 1550 fateor
1320 1507 1403 1550 ea
1425 1507 1534 1550 me
1561 1484 1846 1550 studiose
1881 1495 2203 1560 secutum,
2237 1505 2314 1550 ex
2339 1479 2523 1565 quibus

514 1601 671 1644 vera
710 1577 921 1664 gloria
960 1579 1141 1644 nasci
1180 1591 1429 1665 posset,
1481 1580 1690 1665 ipsam
1731 1577 2002 1662 quidem
2044 1577 2312 1664 gloriam
2351 1597 2449 1660 per
2475 1593 2522 1635 se

516 1694 869 1758 numquam
895 1674 1119 1759 putavi
1148 1673 1592 1758 expetendam,
1643 1672 1862 1755 itaque
1889 1682 1958 1738 et
1985 1670 2369 1758 provinciam
2382 1688 2524 1732 orna-

517 1779 652 1832 tam
686 1778 753 1832 et
796 1789 981 1853 spem
1010 1788 1143 1833 non
1176 1767 1442 1834 dubiam
1484 1765 1791 1851 triumphi
1821 1765 2118 1850 neglexi,
2155 1761 2523 1830 sacerdotium

518 1859 826 1946 denique,
880 1885 1059 1938 cum,
1112 1882 1305 1946 quem
1349 1860 1434 1926 ad
1477 1859 1742 1929 modum
1784 1870 1848 1923 te
1885 1860 2254 1924 existimare
2289 1854 2522 1926 arbitror,

516 1978 647 2020 non
672 1955 1047 2022 difficillime
1072 1956 1380 2040 consequi
1409 1975 1686 2041 possem,
1720 1975 1853 2018 non
1881 1954 2198 2040 adpetivi:
2233 1952 2386 2016 idem
2411 1956 2520 2034 post

516 2049 815 2114 iniuriam
869 2061 1225 2135 acceptam,
1279 2071 1478 2132 quam
1529 2059 1602 2114 tu
1651 2048 1746 2117 rei
1795 2047 2105 2134 publicae
2157 2044 2518 2112 calamitatem

518 2164 771 2227 semper
806 2143 1121 2228 appellas,
1166 2165 1379 2208 meam
1413 2164 1544 2208 non
1577 2143 1768 2207 modo
1802 2163 1938 2208 non
1969 2142 2406 2213 calamitatem,
2435 2129 2516 2198 sed

514 2234 709 2300 etiam
743 2235 1046 2320 gloriam,
1092 2237 1313 2302 studui
1358 2259 1556 2320 quam
1589 2236 2003 2302 ornatissima
2035 2245 2288 2316 senatus
2319 2227 2517 2318 populi·

514 2348 641 2411 que
677 2328 957 2394 Romani
1000 2331 1079 2394 de
1116 2353 1219 2396 me
1262 2331 1504 2396 iudicia
1539 2331 1962 2408 intercedere3
2021 2331 2236 2414 itaque
2270 2337 2328 2394 et
2355 2340 2517 2406 augur

512 2432 737 2508 postea
772 2421 913 2490 fieri
946 2423 1149 2502 volui,
1186 2423 1364 2508 quod
1400 2435 1590 2490 antea
1623 2425 2060 2512 neglexeram,
2095 2435 2162 2489 et
2195 2443 2334 2488 eum
2361 2418 2518 2483 hono-

513 2539 679 2596 rem,
732 2517 845 2602 qui
880 2541 921 2582 a
952 2530 1182 2584 senatu
1216 2519 1410 2586 tribui
1444 2520 1640 2586 rebus
1687 2519 1930 2586 bellicis
1965 2519 2160 2596 solet,
2211 2515 2516 2601 neglectum

428 2637 483 2700 ῃ
516 2636 557 2678 a
606 2635 712 2678 me
764 2613 947 2690 olim,
970 2635 975 2640 ’
996 2635 1170 2679 nunc
1222 2614 1378 2678 mihi
1433 2615 1864 2700 expetendum
1914 2625 2098 2698 puto.
2192 2611 2332 2676 huic
2375 2621 2516 2669 meae

408 2721 413 2728 ’
515 2707 856 2786 voluntati,
900 2708 971 2772 in
1004 2728 1135 2792 qua
1166 2709 1333 2774 inest
1367 2709 1586 2792 aliqua
1620 2709 1718 2774 vis
1755 2708 2056 2774 desiderii
2091 2707 2174 2772 ad
2213 2699 2516 2768 sanandum

512 2801 743 2867 volnus
769 2801 1059 2880 iniuriae,
1094 2814 1169 2867 ut
1202 2803 1422 2868 faveas
1451 2803 1832 2886 adiutorque
1859 2802 1970 2878 sis,
2007 2800 2182 2888 quod
2201 2797 2381 2884 paulo
2403 2799 2516 2856 ante

511 2917 617 2961 me
650 2917 961 2980 negaram
992 2907 1400 2982 rogaturum,
1438 2897 1846 2962 vehementer
1881 2909 1945 2962 te
1979 2917 2170 2982 roge,
2205 2891 2312 2958 sed
2337 2889 2440 2961 ita,
2475 2880 2516 2944 si

510 3011 643 3054 non
674 2990 964 3056 ieiunum
996 2993 1120 3058 hoc
1144 2993 1360 3060 nescio
1389 2993 1566 3077 quid,
1603 2992 1777 3076 quod
1811 3013 1934 3078 ego
1960 2991 2154 3078 gessi,
2189 2998 2252 3054 et
2279 2992 2512 3050 contem·

510 3084 797 3150 nendum
828 3084 1180 3164 videbitur,
1224 3087 1342 3155 sed
1385 3088 1512 3153 tale
1545 3097 1742 3170 atque
1789 3096 2074 3170 tantum,
2113 3094 2186 3148 ut
2228 3077 2395 3144 multi
2427 3091 2512 3136 ne·

510 3197 834 3263 quaquam
876 3181 1139 3266 paribus
1183 3181 1378 3248 rebus
1421 3181 1698 3249 honores
1741 3201 2024 3248 summos
2063 3203 2123 3246 a.
2143 3183 2356 3242 senatu
2394 3187 2510 3232 con·

510 3275 715 3340 secuti
748 3275 894 3340 sint.
950 3275 1251 3360 equidem
1284 3278 1480 3343 etiam
1513 3275 1674 3342 illud
1707 3275 1864 3340 mihi
1899 3275 2182 3340 animum
2215 3260 2508 3332 advertisse

509 3368 733 3434 videor
766 3404 855 3416 -
886 3370 1013 3435 scis
1048 3371 1253 3448 enim,
1297 3393 1498 3454 quam
1541 3381 1793 3439 attente.-
1826 3381 1892 3451 te
1925 3369 2148 3434 audire
2167 3363 2400 3450 ¹soleam
2425 3386 2507 3424 ···2

506 3463 574 3526 'te
606 3483 737 3529 non
770 3473 904 3528 tam
937 3487 1039 3533 res
1074 3476 1295 3552 gestas
1321 3487 1521 3550 quam
1554 3487 1788 3541 mores,
1822 3463 2113 3532 instituta
2145 3470 2326 3542 atque
2351 3450 2508 3514 vitam

507 3555 965 3642 imperatorum
998 3571 1289 3644 spectare
1322 3561 1530 3626 solere
1563 3558 1633 3625 in
1665 3554 1978 3626 habendis
2015 3565 2128 3622 aut
2157 3574 2280 3618 non
2309 3543 2506 3611 haben-

510 3649 607 3717 dis
642 3649 991 3718 honoribus
1002 3677 1023 3733 3
1064 3655 1245 3737 quod
1278 3654 1335 3718 si
1369 3654 1438 3718 in
1472 3677 1618 3720 mea
1657 3673 1854 3720 causa
1887 3645 2328 3718 considerabis,
2359 3654 2503 3736 repe:

505 3743 654 3808 ries
682 3763 787 3808 me
841 3747 1125 3812 exercitu
1176 3747 1478 3814 inbecillo
1531 3759 1754 3827 contra
1793 3757 2048 3828 ‚metum
2098 3733 2341 3812 maximi
2383 3725 2501 3793 belh

506 3837 940 3906 firmissimum
972 3842 1368 3926 praesidium
1399 3843 1718 3908 habuisse·
1735 3841 2116 3926 aequitatem
2143 3845 2204 3902 et
2229 3825 2501 3926 contineu-

507 3930 694 3994 tiam:
749 3933 849 3997 his
892 3929 1015 4020 ego
1051 3937 1354 4013 subsidiis
1388 3959 1470 4004 ea
1511 3961 1655 4003 sum
1701 3947 2107 4012 consecutus,
2157 3947 2308 4014 quae
2343 3914 2494 4022 nullffl

507 4021 867 4101 legionibus
912 4029 1219 4113 consequi
1261 4031 1644 4117 potuissem,
1697 4044 1772 4101 ut
1810 4055 1896 4098 ex
1931 4021 2306 4097 alienissimis
2341 4025 2494 4080 ⁸⁰0¹¹⁸
2606 4097 2607 4108 χ
