2675 4559
439 231 572 297 484
1069 244 1137 308 Q.
1175 243 1461 301 TULLII·
1484 240 1883 301 CICERONIS

530 390 808 453 ,quem
857 366 1148 433 homines
1199 366 1405 453 ignoti
1454 366 1646 431 nullis
1700 364 2207 476 suffragantibus
2258 364 2487 432 honore

441 462 770 540 adficiaut3
823 472 898 527 ut
937 460 1202 547 quidem
1243 460 1435 525 homo
1468 480 1777 543 nequam,
1830 460 2025 537 iners,
2076 460 2222 527 sine
2266 458 2484 536 officio,

441 557 580 625 sine
614 554 904 642 ingenio,
947 577 1098 621 cum
1129 553 1427 629 infame,
1468 552 1663 618 nullis
1697 552 1949 631 amicis,
2000 552 2325 623 hominem
2356 554 2486 639 plu-

439 652 748 717 rimorum
781 648 996 715 studio
1031 658 1222 732 atque
1259 647 1545 713 omnium
1578 647 1751 712 bona
1784 648 2257 715 existimatione
2292 649 2489 713 muni·

441 753 1010 829 praecurrat,
1045 742 1182 807 sine
1215 762 1455 827 magna
1488 738 1684 825 culpa
1710 741 2164 827 neglegentiae
2198 742 2338 807 fieri
2370 765 2489 807 ιιοιι

370 837 409 891 8
365 847 674 949 29Ῑιοιεεοι.
755 858 955 922 quam
995 836 1082 901 ob
1133 856 1274 902 rem
1314 834 1523 900 omnis
1574 835 1893 901 centurias
1936 836 2159 901 multis
2204 848 2271 901 et
2312 836 2489 902 variis

365 908 735 999 ”amicitiis
797 934 952 997 eura
1012 939 1085 996 ut
1135 928 1560 995 confirmatas
1600 928 1874 1006 habeas3
1934 940 2000 995 et
2060 930 2377 1027 primum,
2431 929 2491 995 id

443 1026 620 1111 quod
671 1036 820 1091 ante
873 1024 1092 1091 oculos
1143 1034 1270 1101 est,
1333 1032 1659 1089 senatores
1720 1022 2095 1107 equitesque
2150 1014 2487 1099 Romanos,

443 1131 802 1187 ceterorum
843 1119 1140 1185 ordinum
1181 1138 1385 1183 navos
1426 1115 1715 1182 homines
1758 1127 1823 1183 et
1872 1116 2193 1202 gratioms
2248 1118 2490 1203 conple-

443 1225 640 1279 ctere.
742 1213 926 1279 multi
979 1212 1269 1277 homines
1319 1210 1551 1277 urbani
1598 1210 1921 1288 industrii,
1981 1210 2173 1277 multi
2224 1210 2487 1277 libertini

441 1308 513 1373 ιιι
563 1308 706 1373 foro
756 1306 1024 1391 gratiosi
1069 1306 1351 1415 navique
1401 1316 1765 1382 versmtur,
1816 1327 1983 1389 quos
2023 1328 2145 1391 per
2188 1317 2257 1371 te
2268 1352 2287 1383 ,
2339 1325 2487 1391 quos

441 1422 557 1485 per
607 1421 964 1465 communis
1015 1398 1254 1465 amieos
1303 1400 1574 1485 poteris,
1638 1421 1889 1465 summa
1937 1420 2093 1464 cura
2132 1411 2225 1464 ut
2284 1392 2485 1483 cupidi

441 1493 536 1559 tui
441 1493 708 1559 ttusint
749 1492 1106 1571 elaborato,
1151 1493 1465 1581 adpetito,
1506 1492 1836 1580 adlegatu,
1886 1514 2141 1558 summo
2188 1491 2485 1560 beneficio

366 1612 420 1653 ao
443 1596 508 1653 te
541 1586 734 1653 adfici
765 1585 1101 1653 ostendito.
1181 1585 1413 1653 deinde
1446 1584 1679 1652 habeto
1714 1586 2029 1652 rationem
2060 1586 2248 1651 urbis
2280 1585 2483 1658 totius,

441 1680 860 1767 collegiorum
893 1680 1207 1757 omnium,
1243 1702 1589 1765 pagorum,
1624 1678 2050 1746 vicinitatmnz
2086 1701 2174 1745 ex
2205 1679 2290 1745 iis
2324 1677 2481 1763 prin-

441 1776 620 1861 cipes
653 1774 738 1841 ad
771 1774 1118 1841 amicitiam
1149 1784 1326 1840 tuam
1360 1774 1419 1839 si
1450 1770 1851 1851 adiunxeris,
1883 1796 2000 1859 per
2032 1796 2147 1839 eos
2184 1772 2479 1856 reliquam

441 1868 914 1935 multitudinem
963 1867 1153 1935 facile
1203 1867 1469 1933 tenebis.
1554 1876 1779 1953 postea
1830 1877 2029 1931 totam
2080 1867 2343 1932 Italiam
2386 1864 2479 1927 fae

440 1973 514 2027 ut
555 1962 626 2027 in
658 1962 870 2029 animo
905 1983 984 2029 ac
1015 1960 1322 2028 memoria
1361 1960 1653 2027 tributim
1688 1960 2057 2045 discriptam
2101 1958 2481 2046 conprehen-

441 2076 708 2139 samque
749 2055 1023 2131 habeas,
1071 2077 1155 2122 ne
1197 2055 1373 2138 quod
1415 2052 1859 2139 municipium,
1912 2054 2261 2133 coloniam,
2308 2074 2477 2137 prse-

441 2146 754 2213 fecturam
768 2196 787 2225 ,
841 2149 1056 2215 locum
1097 2148 1375 2231 denique
1415 2146 1641 2215 Italiae
1682 2168 1769 2213 ne
1808 2168 2001 2229 quem
2044 2170 2189 2213 esse
2232 2146 2475 2232 patiare,

439 2240 508 2305 in
557 2262 688 2323 quo
739 2262 870 2305 non
911 2240 1150 2307 habeas
1203 2241 1588 2309 firmamenti
1642 2240 1819 2325 quod
1870 2240 2022 2307 satis
2073 2260 2222 2309 esse
2271 2237 2475 2327 possit,

364 2359 415 2401 ιι
442 2333 770 2418 perquiras
813 2332 1008 2397 etiam
1051 2344 1118 2399 et
1158 2334 1510 2419 investiges
1554 2334 1845 2401 homines
1876 2358 1961 2401 ex
1990 2336 2170 2401 omni
2210 2333 2473 2439 regione,

439 2446 678 2509 eosque
719 2444 1098 2511 cognoscas,
1141 2425 1437 2511 adpetes,
1482 2427 1847 2505 confirmes,
1884 2450 2096 2505 cures,
2150 2440 2225 2495 ut
2256 2428 2321 2493 in
2355 2425 2467 2491 suis

437 2518 867 2588 vicinitatibus
928 2520 1046 2588 tibi
1105 2530 1328 2607 petant
1380 2532 1447 2587 et
1506 2532 1623 2590 tua
1674 2544 1870 2592 cauea
1928 2524 2131 2633 quasi·
2170 2518 2469 2591 candidati

439 2616 584 2683 sint.
671 2614 888 2681 volent
930 2624 994 2679 te
1039 2614 1347 2692 amicum,
1399 2615 1455 2681 si
1497 2638 1681 2681 suam
1716 2639 1755 2680 a
1788 2627 1851 2681 te
1896 2617 2247 2687 amicitiam
2278 2610 2467 2701 expeti

437 2707 774 2775 videbunt:
827 2708 896 2773 id
941 2720 1014 2773 ut
1051 2710 1456 2796 intellegant,
1509 2711 1795 2779 oratione
1839 2734 1945 2789 ea,
1996 2733 2166 2796 quae
2212 2710 2293 2777 ad
2342 2729 2465 2775 eam

439 2802 752 2869 rationem
791 2803 1092 2887 pertinet,
1137 2803 1437 2869 habenda
1468 2824 1875 2889 consequere.
1958 2805 2249 2873 homines
2280 2800 2465 2869 muni·

441 2895 678 2979 cipales
714 2916 791 2961 ac
833 2895 1170 2975 rusticani,
1223 2898 1280 2963 si
1321 2897 1509 2967 nobis
1541 2897 1797 2965 nomine
1830 2900 1965 2964 noti
1998 2910 2177 2980 sunt,
2230 2900 2295 2965 in
2326 2892 2466 2961 ami·

439 2986 590 3053 citia
629 3010 771 3055 esse
815 3011 886 3054 se
930 2990 1318 3058 arbitrantur
1329 3017 1349 3070 3
1404 2992 1458 3057 si
1502 3013 1653 3057 vero
1696 2992 1891 3059 etiam
1932 2994 2236 3079 praesidii
2266 3014 2331 3057 se
2362 2988 2461 3055 ali-

437 3081 592 3167 quid
645 3081 768 3147 sibi
819 3084 1202 3151 constituere
1251 3095 1506 3171 putant,
1558 3107 1689 3152 non
1740 3087 2039 3153 amittunt
2090 3087 2459 3157 occasionem

435 3176 861 3262 promerendi.
949 3176 1068 3244 hos
1111 3179 1306 3245 ceteri
1348 3190 1414 3244 et
1454 3180 1731 3246 maxime
1782 3182 1877 3247 tui
1930 3183 2351 3269 conpetitores
2386 3197 2457 3241 ne

436 3280 672 3335 norunt
721 3270 1009 3356 quidem.
1073 3284 1146 3337 tu
1196 3284 1262 3339 et
1321 3274 1492 3340 nosti
1542 3286 1607 3341 et
1664 3273 1853 3341 facile
1906 3298 2279 3363 cognosces,
2336 3272 2455 3337 sine

357 3389 410 3429 ιι
437 3382 565 3446 quo
618 3363 899 3429 amicitia
951 3388 1090 3433 esse
1152 3370 1281 3433 ιιοιι
1339 3379 1567 3453 potest.
1670 3389 1881 3453 neque
1931 3369 2000 3435 id
2060 3381 2271 3437 tamen
2318 3363 2454 3431 satis

437 3466 562 3534 est,
609 3458 862 3523 tametsi
895 3482 1205 3545 magnum
1239 3472 1367 3539 est,
1412 3462 1467 3529 si
1508 3483 1638 3527 non
1673 3474 2098 3547 consequatur
2132 3486 2277 3551 spes
2306 3454 2451 3525 utili-

434 3550 584 3615 tatis
619 3562 812 3635 atque
846 3553 1187 3631 amicitiae,
1223 3578 1305 3621 ne
1339 3558 1773 3639 nomenclator
1806 3558 2047 3635 solum,
2088 3559 2205 3625 sed
2236 3553 2448 3623 amicus

434 3644 628 3709 etiam
677 3645 884 3711 bonus
929 3670 1068 3713 esse
1120 3634 1397 3716 videare.
1482 3652 1575 3715 ita
1618 3672 1767 3717 cum
1810 3663 1875 3718 et
1917 3651 2037 3719 hos
2078 3653 2274 3739 ipsos,
2322 3666 2451 3733 pro·

431 3748 575 3823 pter
621 3760 805 3803 suam
849 3740 1262 3826 ambitionem
1305 3743 1418 3827 qui
1450 3744 1624 3829 apud
1666 3744 1917 3811 tribulis
1948 3768 2100 3813 suos
2133 3743 2445 3833 plurimum

429 3831 638 3917 gratia
669 3846 966 3917 possunt,
1013 3819 1392 3901 studiosos
1372 3861 1441 3903 ιιι
1474 3839 1772 3907 centuriis
1804 3840 2075 3907 habebis
2106 3853 2171 3908 et
2211 3848 2444 3906 eeteros,

431 3923 544 4003 qui
597 3924 769 4007 apud
821 3927 1100 4010 aliquam
1160 3941 1409 4015 partem
1462 3932 1791 3999 tribulium
1840 3945 2099 4019 propter
2148 3922 2441 4013 munissipii

431 4021 544 4073 aut
586 4014 922 4083 vicinitatis
969 4033 1080 4087 aut
1125 4023 1379 4111 collegii
1431 4025 1743 4093 rationem
1787 4028 2029 4106 valent,
2082 4026 2334 4115 cupidos
2378 4030 2441 4084 tu
2616 4102 2618 4119 Ι

2616 4142 2618 4173 Ι

2616 4204 2618 4273 ἐ

2613 4294 2616 4315 1
