2675 4559
483 212 619 311 μ206
1108 255 1183 309 Μ.
1223 253 1497 312 TULLII
1533 251 1933 310 (nonnosus

1423 440 1428 443 ,
1456 425 1586 482 XV·

936 529 1052 585 Ser.
1073 528 1287 584 Romae
1305 544 1496 583 mense
1515 526 1744 583 Octobri
1765 544 1816 582 a.
1834 545 1890 581 ιι.
1911 544 1958 582 c.
1979 526 2098 582 708.

1190 628 1466 686 CICERO
1500 628 1759 685 PAETO
1797 627 1855 686 S.

620 755 896 823 Duabus
930 753 1057 820 tuis
1092 754 1378 840 epistolis
1411 752 1841 839 respondebo=
1879 752 2021 830 uni,
2057 772 2255 836 quam
2290 752 2517 837 quadri-

492 852 620 916 duo
655 861 805 916 ante
840 871 1213 935 acceperam
1248 871 1289 914 a
1314 847 1550 926 Zeth03
1588 847 1791 923 alteri,
1826 869 2023 931 quam
2056 846 2355 912 attulerat
2385 845 2517 910 Phi-

496 948 548 1008 112
556 968 658 1012 rm
694 943 1081 1011 tabellarius.
1171 965 1253 1009 ex
1296 941 1618 1029 prioribus
1651 940 1777 1006 tuis
1824 940 2049 1006 litteris
2082 940 2366 1006 intellexi
2397 961 2518 1026 per-

492 1052 742 1124 gratam
794 1039 911 1104 tibi
961 1052 1000 1092 ὓ
1017 1051 1056 1091 ⁴*
1072 1051 1111 1091 ὓ
1162 1046 1571 1124 perspectum
1626 1057 1765 1101 esse
1816 1034 2092 1121 gaudeo.
2195 1034 2337 1112 sed,
2386 1033 2518 1098 mihi

496 1132 708 1211 crede,
752 1154 883 1198 non
923 1130 1217 1217 perinde,
1262 1141 1337 1196 ut
1373 1142 1467 1196 est
1504 1151 1757 1215 reapse,
1803 1150 1886 1193 ex
1925 1128 2150 1193 litteris
2162 1129 2518 1240 perspicere

496 1228 773 1312 patuisti.
858 1249 1009 1292 nam
1020 1272 1040 1303 ,
1085 1247 1234 1291 cum
1268 1248 1310 1290 a
1344 1225 1498 1290 satis
1542 1225 1758 1290 multis
1792 1259 1881 1272 —-
1911 1245 2041 1289 non
2077 1224 2249 1290 enim
2283 1247 2519 1311 possum

496 1324 674 1388 aliter
715 1320 927 1386 dicere
972 1355 1062 1366 —-
1102 1330 1167 1385 et
1220 1318 1343 1384 coli
1387 1340 1491 1384 me
1533 1318 1790 1384 videam
1833 1328 1896 1386 et
1941 1317 2154 1403 diligi,
2209 1339 2397 1383 nemo
2443 1328 2521 1382 est

496 1416 744 1479 illorum
780 1413 1067 1479 omnium
1102 1413 1259 1479 mihi
1293 1427 1359 1479 te
1392 1411 1760 1479 iucundior:
1808 1434 1960 1477 nam
1995 1412 2171 1496 quod
2205 1435 2312 1478 me
2346 1435 2520 1488 amas,

492 1506 666 1588 quod
698 1506 768 1572 id
801 1518 865 1573 et
898 1507 1030 1573 iam
1063 1506 1315 1593 pridem
1350 1517 1417 1572 et
1442 1517 1807 1573 constanter
1832 1505 2012 1582 facis,
2049 1516 2147 1572 est
2179 1505 2248 1571 id
2285 1507 2522 1590 quidem

492 1623 797 1688 magnum
849 1611 1043 1685 atque
1087 1600 1263 1667 haud
1310 1598 1441 1666 scio
1485 1623 1568 1665 an
1610 1600 1991 1676 maximum,
2044 1600 2160 1667 sed
2211 1600 2333 1666 tibi
2375 1622 2525 1667 com-

496 1717 684 1761 nmne
720 1716 870 1760 oum
904 1695 1151 1774 multis3
1187 1694 1364 1779 quod
1397 1705 1468 1760 tu
1501 1695 1637 1780 ipse
1672 1705 1807 1760 tam
1841 1693 2153 1759 amandus
2181 1716 2251 1759 es
2287 1704 2525 1780 tamque

492 1789 693 1856 dulcis
738 1799 999 1873 tamque
1043 1790 1112 1854 in
1156 1789 1330 1856 omni
1373 1809 1608 1875 genere
1641 1787 1961 1853 iucundus
1973 1834 1992 1865 ,
2045 1787 2114 1853 id
2149 1799 2249 1855 est
2294 1789 2524 1875 proprie

432 1914 452 1944 -,·
496 1904 694 1948 mum.
766 1883 1078 1949 accedunt
1112 1905 1243 1948 non
1276 1883 1500 1960 Attici,
1537 1881 1650 1947 sed
1686 1882 1981 1948 salsiores
2015 1902 2212 1966 quam
2246 1883 2341 1948 illi
2373 1883 2524 1948 Atti-

492 2000 740 2054 corum,
785 1977 1061 2042 Romani
1105 1988 1354 2043 veteres
1390 1988 1585 2060 atque
1629 1974 1861 2041 urbani
1895 1977 2080 2041 sales.
2169 1998 2294 2064 ego
2332 1988 2524 2044 autem

492 2108 571 2116 q—
612 2070 929 2136 existimes
964 2070 1142 2147 licet,
1188 2070 1363 2154 quod
1393 2070 1576 2136 lubet
1607 2105 1694 2117 —
1726 2069 1990 2136 mirifice
2026 2070 2245 2155 capior
2278 2071 2524 2147 facetiis,

492 2162 766 2230 maxime
800 2163 1209 2241 nostratibus,
1245 2163 1621 2249 praesertim
1656 2184 1804 2229 cum
1839 2187 1945 2230 eas
1981 2164 2236 2231 videam
2269 2166 2526 2252 primum
2642 2200 2643 2238 3

492 2256 717 2320 oblitas
769 2256 963 2321 Latio
1017 2268 1183 2335 tum,
1238 2279 1388 2322 cum
1438 2257 1506 2322 in
1559 2259 1787 2325 urbem
1839 2269 2125 2325 nostram
2177 2270 2276 2325 est
2327 2259 2523 2324 infusa

492 2350 938 2436 peregrinitas,
989 2373 1161 2417 nunc
1214 2373 1365 2418 vero
1419 2351 1614 2416 etiam
1667 2352 1942 2418 bracatis
1995 2364 2060 2418 et
2102 2353 2525 2440 Transalpinis

492 2468 568 2508 na
576 2444 872 2520 tionibus,
906 2456 979 2511 ιιι
1012 2446 1260 2515 nullum
1294 2445 1530 2512 veteris
1564 2446 1804 2533 leporis
1840 2446 2185 2534 vestigium
2219 2447 2527 2533 adpareat.

491 2540 733 2624 itaque,
768 2550 832 2605 te
868 2560 1017 2605 oum
1050 2539 1239 2606 video
1250 2587 1269 2618 ,
1305 2541 1514 2606 omnis
1550 2540 1708 2607 mihi
1747 2538 2056 2618 Granios,
2100 2541 2308 2607 omnis
2344 2541 2529 2607 Luci-

492 2636 628 2708 lios,
662 2668 751 2680 —
783 2656 933 2702 vere
968 2644 1042 2699 ιιι
1075 2634 1287 2700 dicam
1320 2671 1409 2681 —
1444 2630 1714 2700 Crassos
1761 2655 2018 2719 quoque
2053 2644 2117 2701 et
2152 2634 2414 2703 Laelios
2449 2635 2532 2699 vi-

490 2728 639 2792 dere
672 2727 912 2795 videor.
1001 2729 1265 2808 moriar,
1319 2729 1375 2795 si
1409 2738 1662 2815 praeter
1695 2740 1760 2795 te
1793 2748 2183 2813 quemquam
2225 2729 2532 2813 reliquum

492 2824 524 2884 h
536 2824 691 2887 abeo
705 2868 724 2898 ,
775 2823 844 2887 in
889 2844 1018 2908 quo
1050 2824 1293 2909 possim
1335 2823 1682 2909 imaginem
1718 2823 2018 2906 antiquae
2053 2833 2118 2889 et
2161 2825 2531 2890 vernaculae

492 2915 846 2982 festivitatis
890 2917 1302 3003 adgnoscere.
1391 2918 1475 2982 ad
1518 2916 1634 2982 hos
1677 2917 1927 3002 lepores
1973 2938 2121 2982 cum
2163 2938 2347 2982 amor
2389 2939 2533 3003 erga

492 3032 592 3072 me
628 3019 841 3074 tantus
877 3010 1168 3089 accedat,
1213 3011 1463 3078 miraris
1507 3033 1610 3076 me
1644 3021 1822 3076 tanta
1855 3011 2334 3096 perturbatione
2371 3011 2533 3078 vale-

428 3125 450 3160 a
492 3116 556 3164 tn
564 3102 723 3168 dinis
751 3113 900 3168 tuae
926 3115 1060 3169 tam
1084 3096 1372 3192 graviter
1385 3105 1822 3172 exanimatum
1846 3104 2087 3171 fuisse?
2121 3105 2298 3189 quod
2326 3116 2534 3172 autem

492 3200 685 3261 altera
721 3197 988 3284 epistola
1020 3221 1260 3286 purgas
1296 3211 1362 3264 te
1388 3220 1520 3264 non
1547 3197 1976 3264 dissuasorem
2009 3197 2168 3263 mihi
2203 3199 2532 3284 emptionis

491 3290 945 3377 Neapolitanae
970 3292 1189 3371 fuisse,
1210 3292 1324 3358 sed
1352 3302 1676 3358 auctorem
1695 3291 2209 3368 commorationis
2237 3291 2533 3369 urbanae,
2636 3359 2637 3374 ¹

488 3412 564 3448 ne.
600 3406 722 3471 ego
757 3386 1018 3470 quidem
1054 3387 1238 3453 aliter
1271 3387 1520 3472 accepi3
1556 3386 1842 3452 intellexi
1877 3396 2094 3453 tamen
2129 3385 2333 3464 idem,
2370 3387 2535 3472 quod
2636 3385 2637 3471 ζ

488 3480 584 3544 his
628 3479 929 3567 intellego
970 3479 1227 3558 litteris,
1279 3492 1436 3546 non'
1454 3480 1850 3547 existimasse
1893 3491 1958 3547 te
2002 3480 2159 3546 mihi
2202 3480 2424 3560 licere,
2473 3480 2537 3546 id

488 3573 659 3656 quad
702 3596 824 3661 ego
868 3575 1253 3654 arbitrabar,
1305 3599 1408 3642 res
1452 3575 1570 3642 has
1614 3597 1747 3641 non
1780 3576 2040 3643 omnino
2085 3574 2377 3660 quidem,
2429 3575 2537 3642 sed

488 3690 786 3752 nfflgnam
819 3679 1070 3754 partem
1103 3670 1483 3754 relinquere.
1541 3666 1851 3735 Catulum
1884 3669 2042 3735 mihi
2076 3692 2300 3735 narras
2336 3680 2402 3736 et
2433 3670 2537 3734 illa

484 3779 544 3824 te
552 3784 790 3848 mpora.
844 3761 1000 3846 quid
1027 3763 1272 3830 simile?
1305 3787 1390 3831 ne
1423 3763 1582 3829 mihi
1607 3763 1868 3849 quidem
1901 3763 2026 3850 ipsi
2061 3774 2214 3830 tunc
2248 3764 2536 3850 placebat

486 3856 719 3920 [liutius
756 3857 982 3923 abesse
1016 3856 1100 3922 ab
1135 3857 1229 3923 rei
1262 3857 1562 3944 publicae
1597 3857 1917 3935 custodia,
1953 3853 2338 3933 sedebamus
2375 3857 2535 3924 enim

484 3948 548 4008 in
593 3949 794 4034 puppi
840 3962 907 4016 et
950 3952 1203 4017 clavum
1248 3952 1625 4019 tenebamus
1637 3976 1656 4032 3
1712 3973 1884 4017 nunc
1929 3961 2145 4017 autem
2186 3950 2299 4017 vix
2335 3961 2432 4017 est
2474 3952 2535 4014 in

424 4064 444 4096 4
488 4040 733 4107 sentina
774 4043 972 4111 locus.
1061 4069 1146 4113 an
1190 4047 1402 4112 minus
1447 4045 1652 4113 multa
1695 4056 1952 4113 senatus
1988 4044 2281 4112 consulta
2326 4045 2537 4110 futura
2634 4087 2635 4102 1
