2675 4559
519 180 649 248 218
1142 191 1217 243 M.
1256 188 1532 246 TULLn
1567 187 1966 245 CICERONIS

520 315 881 384 amantibus
917 312 1011 377 tui
1045 312 1256 375 vivas:
1292 312 1453 375 nihil
1489 322 1586 376 est
1617 312 1826 396 aptius
1855 312 2046 388 vitae,
2081 311 2238 375 nihil
2272 311 2349 375 ad
2375 311 2521 377 beate
2603 310 2606 388 Ῐ

519 408 868 476 vivendum
904 404 1464 471 accommodatius.
1536 426 1655 470 nec
1676 404 1758 469 'id
1793 405 1877 469 ad
1923 405 2316 489 voluptatem
2343 404 2522 480 refem,
2603 402 2606 481 f

524 504 632 568 sed
672 504 755 568 ad
788 498 1310 567 communitatem
1347 500 1518 565 vitae
1555 509 1749 583 atque
1775 499 1985 564 victus
2022 498 2524 582 remissionemque
2603 505 2606 578 j

524 600 912 671 animorum,
950 617 1117 679 quae
1152 593 1434 659 maxime
1471 615 1764 659 sermone
1802 593 2080 658 efficitur
2115 591 2417 668 familiari,
2445 593 2524 674 qui
2603 594 2606 669 ff

524 708 616 756 aar
676 696 738 756 in
782 689 1088 756 conviviis
1142 687 1579 765 dulcissimus,
1632 700 1706 754 ut
1751 687 2105 774 sapientius
2155 688 2345 753 nostri
2380 708 2525 769 quam
2603 695 2606 701 “

528 784 790 848 Grzleci:
826 782 919 848 illi
948 781 1293 864 συμπόσια
1325 792 1437 846 aut
1466 781 1844 860 σύνδειπνα,
1885 781 1953 847 id
1979 792 2080 846 est
2109 781 2523 866 conpotationes
2604 790 2605 794 ’

528 896 636 944 aut
692 877 1209 952 concenationes,
1265 898 1381 942 nos
1436 876 1811 952 ‘convivia',
1879 875 2059 959 quod
2123 886 2260 940 tum
2310 874 2526 938 maxime

528 972 715 1036 simul
748 970 1003 1037 vivitur.
1058 970 1266 1045 vides,
1303 981 1377 1035 ut
1411 981 1474 1036 te
1509 969 2021 1056 philosophando
2059 989 2354 1049 revocare
2383 987 2524 1031 coner
2603 977 2606 984 ’

532 1068 608 1128 ad
660 1065 884 1132 cenas?
937 1085 1092 1129 cura
1144 1075 1216 1128 ut
1269 1066 1517 1139 valeas3
1571 1064 1639 1130 id
1691 1063 1848 1128 foris
1896 1053 2236 1129 cenitando
2287 1059 2525 1125 facillime
2604 1070 2605 1138 j

468 1196 490 1228 -ι
532 1180 937 1244 [ranaequere.
1026 1159 1141 1223 sed
1177 1180 1364 1235 cave,
1404 1160 1457 1222 si
1492 1181 1597 1224 me
1639 1181 1838 1236 amas,
1877 1159 2204 1223 existimes
2240 1179 2362 1232 me,
2400 1152 2526 1236 quod
2604 1151 2605 1171 ³

532 1256 588 1316 io
596 1252 802 1318 casius
837 1251 1140 1328 scribam,
1178 1252 1489 1318 abiecisse
1526 1274 1750 1318 curam
1782 1253 1878 1318 rei
1913 1253 2235 1338 publicae.
2320 1249 2400 1314 sic
2428 1245 2524 1319 tibi,
2603 1255 2605 1265 ⁴

532 1352 612 1412 mi
655 1348 879 1422 Paete,
923 1347 1268 1435 persuade,
1313 1370 1420 1412 me
1457 1348 1593 1414 dies
1630 1360 1694 1414 et
1729 1348 1932 1413 noctis
1968 1347 2134 1413 nihil
2170 1344 2336 1412 aliud
2366 1361 2525 1427 agere,

528 1444 680 1504 nihil
720 1463 963 1517 curare,
998 1441 1122 1505 nisi
1149 1455 1222 1507 ut
1256 1443 1383 1508 mei
1412 1443 1585 1509 cives
1617 1444 1778 1509 salvi
1811 1443 2129 1528 liberique
2159 1443 2305 1506 sint:
2338 1436 2526 1502 nullum

531 1540 740 1600 lacum
788 1535 1224 1621 praetermitto
1276 1537 1609 1613 monendi,
1667 1537 1937 1623 agendi,
2003 1533 2368 1624 providendi
2376 1555 2392 1608 3
2441 1527 2524 1590 hoc

532 1632 803 1716 denique
840 1631 1054 1696 animo
1092 1653 1255 1709 sum,
1290 1645 1383 1710 ut,
1421 1633 1476 1697 si
1508 1633 1576 1696 in
1610 1632 1733 1697 hac
1769 1655 1924 1698 cura
1959 1643 2160 1717 atque
2195 1625 2526 1695 administra-

528 1728 700 1792 tifflie
738 1727 868 1791 vita
893 1727 1051 1791 mihi
1084 1729 1384 1812 ponenda
1418 1727 1520 1804 sit,
1556 1728 1882 1812 praeclare
1927 1738 2151 1793 actum
2185 1743 2413 1791 mecum
2440 1739 2522 1802 pu·

532 1836 676 1888 tem.
768 1822 959 1888 etiam
998 1833 1191 1906 atque
1227 1823 1422 1888 etiam
1457 1822 1619 1886 vale.

1461 2056 1649 2113 XXV.

873 2154 990 2212 Ser.
1010 2155 1332 2212 Laodiceae
1352 2175 1543 2215 mense
1561 2159 1872 2215 Februario
1893 2177 1945 2215 a.
1963 2177 2019 2215 u.
2055 2178 2102 2216 c.
2134 2159 2249 2214 704.

1162 2259 1436 2315 CICERO
1473 2261 1630 2316 IMP.
1667 2261 1944 2317 PAETO.

476 2414 492 2448 1
664 2384 1003 2448 Summum
1037 2403 1142 2447 me
1178 2382 1410 2447 ducem
1444 2383 1693 2450 litterae
1729 2396 1878 2450 tuae
1915 2383 2352 2456 reddiderunt3
2383 2375 2520 2461 plane
2604 2377 2605 2391 ¹

532 2479 895 2544 nesciebam
945 2489 1009 2544 te
1054 2487 1187 2542 tam
1232 2478 1506 2564 peritum
1554 2501 1693 2545 esse
1736 2481 1831 2545 rei
1874 2479 2196 2555 militaris3
2245 2469 2447 2559 Pyrrhi
2479 2475 2521 2526 ῒθ

532 2576 724 2636 libros
777 2583 843 2638 et
896 2569 1139 2638 Cineae
1191 2571 1380 2638 video
1431 2573 1770 2638 lectitasse.
1876 2573 2098 2658 itaque
2151 2573 2522 2651 obtemperare
2603 2629 2605 2647 .

532 2672 744 2752 segite
777 2667 1135 2753 praeceptis
1169 2667 1327 2744 tuis,
1365 2666 1488 2733 hoc
1523 2668 1826 2754 amplius,
1871 2668 2307 2734 navicularum
2338 2657 2520 2724 habere
2603 2655 2605 2669 ⁴

532 2761 771 2844 aliquid
804 2761 874 2826 in
902 2783 1015 2827 ora
1050 2761 1395 2829 maritima:
1434 2772 1655 2826 contra
1691 2762 1974 2846 equitem
2000 2760 2307 2827 Parthum
2337 2752 2520 2850 negant

532 2860 728 2920 ullam
754 2867 1145 2921 armaturam
1170 2855 1500 2920 meliorem
1525 2856 1798 2921 inveniri
1826 2879 2036 2943 posse.
2093 2853 2204 2921 sed
2231 2846 2372 2936 quid
2401 2839 2520 2908 lud1-

535 2948 712 3012 mus?
748 2948 975 3025 nescis,
1012 2970 1138 3032 quo
1168 2970 1315 3014 cum
1350 2951 1735 3035 imperatore
1764 2952 1881 3016 tibi
1915 2950 2243 3037 negotium
2277 2944 2375 3010 sit:
2405 2953 2520 3001 παι·

536 3044 716 3104 d‘es'rw
748 3041 997 3128 Κύρου,
1056 3064 1251 3127 quam
1288 3045 1715 3111 contriveram
1749 3045 2056 3132 legend0,
2111 3054 2303 3109 totam
2341 3034 2400 3098 in
2433 3027 2519 3090 1³⁰⁰

476 3159 500 3192 e
536 3136 798 3220 imperio
833 3139 1168 3224 explicavi.
1260 3140 1375 3206 sed
1410 3136 1768 3206 iocabimur
1804 3141 1962 3205 alias
2000 3161 2232 3212 coram,
2265 3141 2332 3198 ut
2362 3137 2517 3210 spero,

536 3232 708 3296 brevi
748 3242 1059 3319 tempore:
1104 3255 1277 3300 nunc
1313 3233 1466 3300 ades
1505 3234 1589 3299 ad
1624 3234 2069 3320 imperandum
2105 3232 2205 3298 vel
2239 3227 2315 3293 ad
2344 3233 2518 3319 paren·

536 3328 688 3388 dum
716 3327 948 3412 potine,
984 3328 1077 3393 sic
1103 3329 1274 3394 enim
1302 3329 1550 3412 antiqui
1569 3329 2013 3415 loquebantur.
2071 3349 2214 3394 cum
2238 3307 2517 3386 M,Fad10‚

536 3420 704 3504 qumi
744 3421 903 3487 scire
937 3433 1000 3488 te
1036 3422 1336 3500 arbitror,
1385 3422 1543 3487 mihi
1589 3445 1878 3491 summus
1911 3445 2068 3488 usus
2105 3431 2233 3496 est,
2267 3406 2518 3507 valdeque

536 3540 680 3580 cum
720 3517 920 3604 diligo
948 3539 1097 3583 cum
1132 3530 1393 3604 propter
1419 3541 1738 3585 summam
1773 3518 2154 3605 probitatem
2178 3512 2304 3578 eius
2331 3521 2396 3568 ao
2423 3513 2517 3559 fllss‘

536 3616 825 3696 glilarem
859 3613 1265 3692 modestiam,
1311 3625 1452 3680 tum
1488 3615 1664 3698 quod
1697 3614 1765 3679 in
1798 3614 1878 3680 iis
1916 3602 2364 3693 controversiis,
2397 3602 2516 3674 <1³⁸⁵

538 3708 740 3772 liabeo
791 3728 940 3774 cum
990 3708 1119 3774 tuis
1167 3709 1654 3776 combibonibus
1702 3708 2053 3794 Epicuriis,
2107 3702 2329 3790 optima
2367 3696 2516 3770 opera

476 3824 496 3860 a
536 3804 670 3864 eius
716 3802 810 3868 uti
855 3802 1049 3870 soleo.
1136 3803 1192 3868 is
1239 3825 1388 3870 cum
1433 3803 1517 3868 ad
1564 3827 1668 3871 me
1703 3801 2094 3869 Laodiceam
2127 3792 2382 3863 venisset
2414 3792 2516 3840 me·

540 3919 811 3980 tefflnque
871 3919 1004 3986 ego·
1047 3920 1197 3964 eum
1260 3921 1400 3965 esse
1453 3899 1715 3976 vellem,
1778 3906 2040 3984 repente
2096 3896 2398 3982 percussus
2441 3869 2512 3929 ‘³⁸‘

540 3991 944 4057 atrocissimis
977 3991 1223 4071 litteris,
1257 3992 1324 4058 in
1353 3992 1589 4077 quibus
1619 3992 1926 4078 scriptum
1955 4001 2088 4058 erat
2120 3979 2366 4052 fundum
2380 3963 2512 4029 Her·
