<?xml version="1.0" encoding="UTF-8"?>
<!DOCTYPE html PUBLIC "-//W3C//DTD XHTML 1.0 Transitional//EN"
    "http://www.w3.org/TR/xhtml1/DTD/xhtml1-transitional.dtd">
<html xmlns="http://www.w3.org/1999/xhtml" xml:lang="en" lang="en">
 <head>
  <title>
</title>
<meta http-equiv="Content-Type" content="text/html;charset=utf-8" />
  <meta name='ocr-system' content='tesseract 3.04.00' />
  <meta name='ocr-capabilities' content='ocr_page ocr_carea ocr_par ocr_line ocrx_word'/>
</head>
<body>
  <div class='ocr_page' id='page_1' title='image "./mtulliiciceroni12unkngoog_0197.png"; bbox 0 0 2675 4559; ppageno 0'>
   <div class='ocr_carea' id='block_1_1' title="bbox 200 51 736 114">
    <p class='ocr_par' dir='ltr' id='par_1_1' title="bbox 200 51 736 114">
     <span class='ocr_line' id='line_1_1' title="bbox 200 51 736 114; baseline 0 -37"><span class='ocrx_word' id='word_1_1' title='bbox 200 70 209 77; x_wconf 91' lang='lat'>.</span> <span class='ocrx_word' id='word_1_2' title='bbox 339 95 391 114; x_wconf 67' lang='lat'>„-,-</span> <span class='ocrx_word' id='word_1_3' title='bbox 430 89 446 109; x_wconf 44' lang='grc' dir='ltr'>ι</span> <span class='ocrx_word' id='word_1_4' title='bbox 471 55 517 104; x_wconf 39' lang='grc' dir='ltr'>ἢ,</span> <span class='ocrx_word' id='word_1_5' title='bbox 574 51 633 84; x_wconf 72' lang='lat'>.‘⁸&#39;⁴</span> <span class='ocrx_word' id='word_1_6' title='bbox 705 60 713 67; x_wconf 85' lang='lat'><em>·</em></span> <span class='ocrx_word' id='word_1_7' title='bbox 730 92 736 95; x_wconf 90' lang='lat'>.</span> 
     </span>
    </p>
   </div>
   <div class='ocr_carea' id='block_1_2' title="bbox 829 266 2304 362">
    <p class='ocr_par' dir='ltr' id='par_1_2' title="bbox 829 266 2304 362">
     <span class='ocr_line' id='line_1_2' title="bbox 829 266 2304 362; baseline 0.005 -34"><span class='ocrx_word' id='word_1_8' title='bbox 829 270 1385 362; x_wconf 78' lang='lat' dir='ltr'><strong>EPISTOLARUM</strong></span> <span class='ocrx_word' id='word_1_9' title='bbox 1418 274 1489 329; x_wconf 84' lang='lat' dir='ltr'>v.</span> <span class='ocrx_word' id='word_1_10' title='bbox 1526 274 1611 331; x_wconf 85' lang='lat'>19.</span> <span class='ocrx_word' id='word_1_11' title='bbox 1630 275 1717 329; x_wconf 79' lang='lat'>20.</span> <span class='ocrx_word' id='word_1_12' title='bbox 2174 266 2304 336; x_wconf 85' lang='lat'>113</span> 
     </span>
    </p>
   </div>
   <div class='ocr_carea' id='block_1_3' title="bbox 227 392 2425 4191">
    <p class='ocr_par' dir='ltr' id='par_1_3' title="bbox 227 392 2425 4191">
     <span class='ocr_line' id='line_1_3' title="bbox 229 392 2298 485; baseline 0.002 -22"><span class='ocrx_word' id='word_1_13' title='bbox 229 394 568 463; x_wconf 71' lang='lat' dir='ltr'>rationum</span> <span class='ocrx_word' id='word_1_14' title='bbox 597 392 1079 463; x_wconf 81' lang='lat' dir='ltr'>referendarum</span> <span class='ocrx_word' id='word_1_15' title='bbox 1109 395 1212 460; x_wconf 89' lang='lat' dir='ltr'>ius</span> <span class='ocrx_word' id='word_1_16' title='bbox 1247 404 1434 461; x_wconf 83' lang='lat' dir='ltr'>vetus</span> <span class='ocrx_word' id='word_1_17' title='bbox 1470 407 1533 461; x_wconf 83' lang='lat' dir='ltr'>et</span> <span class='ocrx_word' id='word_1_18' title='bbox 1566 418 1706 463; x_wconf 86' lang='lat' dir='ltr'>mos</span> <span class='ocrx_word' id='word_1_19' title='bbox 1743 394 2043 485; x_wconf 78' lang='lat' dir='ltr'>antiquus</span> <span class='ocrx_word' id='word_1_20' title='bbox 2076 424 2298 475; x_wconf 79' lang='lat' dir='ltr'>mane-</span> 
     </span>
     <span class='ocr_line' id='line_1_4' title="bbox 231 488 2297 577; baseline 0.004 -21"><span class='ocrx_word' id='word_1_21' title='bbox 231 502 353 569; x_wconf 82' lang='lat' dir='ltr'>ret,</span> <span class='ocrx_word' id='word_1_22' title='bbox 390 512 504 556; x_wconf 89' lang='lat' dir='ltr'>me</span> <span class='ocrx_word' id='word_1_23' title='bbox 535 489 890 555; x_wconf 84' lang='lat' dir='ltr'>relaturum</span> <span class='ocrx_word' id='word_1_24' title='bbox 921 488 1235 566; x_wconf 79' lang='lat' dir='ltr'>rat-iones,</span> <span class='ocrx_word' id='word_1_25' title='bbox 1276 488 1405 556; x_wconf 86' lang='lat' dir='ltr'>nisi</span> <span class='ocrx_word' id='word_1_26' title='bbox 1446 499 1665 559; x_wconf 48' lang='lat' dir='ltr'>tecum*</span> <span class='ocrx_word' id='word_1_27' title='bbox 1702 513 1821 577; x_wconf 80' lang='lat' dir='ltr'>pro</span> <span class='ocrx_word' id='word_1_28' title='bbox 1856 494 2297 567; x_wconf 82' lang='lat' dir='ltr'>coniunctione</span> 
     </span>
     <span class='ocr_line' id='line_1_5' title="bbox 227 582 2299 672; baseline 0.002 -22"><span class='ocrx_word' id='word_1_29' title='bbox 227 594 498 651; x_wconf 73' lang='lat' dir='ltr'>nostrae</span> <span class='ocrx_word' id='word_1_30' title='bbox 541 582 1028 649; x_wconf 73' lang='lat' dir='ltr'>necessitudinis</span> <span class='ocrx_word' id='word_1_31' title='bbox 1082 583 1492 651; x_wconf 79' lang='lat' dir='ltr'><strong>contulissem</strong></span> <span class='ocrx_word' id='word_1_32' title='bbox 1546 584 2117 672; x_wconf 81' lang='lat' dir='ltr'>confecissemque,</span> <span class='ocrx_word' id='word_1_33' title='bbox 2168 611 2299 655; x_wconf 84' lang='lat' dir='ltr'>non</span> 
     </span>
     <span class='ocr_line' id='line_1_6' title="bbox 227 674 2361 761; baseline -0 -19"><span class='ocrx_word' id='word_1_34' title='bbox 227 676 462 743; x_wconf 80' lang='lat' dir='ltr'>fnisse.</span> <span class='ocrx_word' id='word_1_35' title='bbox 551 676 726 760; x_wconf 86' lang='lat' dir='ltr'>quod</span> <span class='ocrx_word' id='word_1_36' title='bbox 769 676 967 761; x_wconf 84' lang='lat' dir='ltr'>igitur</span> <span class='ocrx_word' id='word_1_37' title='bbox 1017 674 1316 743; x_wconf 78' lang='lat' dir='ltr'>fecissem</span> <span class='ocrx_word' id='word_1_38' title='bbox 1361 677 1445 742; x_wconf 85' lang='lat' dir='ltr'>ad</span> <span class='ocrx_word' id='word_1_39' title='bbox 1488 678 1745 755; x_wconf 80' lang='lat' dir='ltr'>urbem,</span> <span class='ocrx_word' id='word_1_40' title='bbox 1796 680 1851 745; x_wconf 86' lang='lat' dir='ltr'>si</span> <span class='ocrx_word' id='word_1_41' title='bbox 1900 683 2296 749; x_wconf 70' lang='lat' dir='ltr'>consuetudo</span> <span class='ocrx_word' id='word_1_42' title='bbox 2330 700 2361 741; x_wconf 73' lang='lat'>2</span> 
     </span>
     <span class='ocr_line' id='line_1_7' title="bbox 229 768 2299 859; baseline 0.002 -23"><span class='ocrx_word' id='word_1_43' title='bbox 229 770 510 858; x_wconf 80' lang='lat' dir='ltr'>pristina</span> <span class='ocrx_word' id='word_1_44' title='bbox 542 780 859 847; x_wconf 76' lang='lat' dir='ltr'>maneret,</span> <span class='ocrx_word' id='word_1_45' title='bbox 913 768 1010 848; x_wconf 89' lang='lat' dir='ltr'>id,</span> <span class='ocrx_word' id='word_1_46' title='bbox 1065 771 1370 855; x_wconf 87' lang='lat' dir='ltr'>quoniam</span> <span class='ocrx_word' id='word_1_47' title='bbox 1413 772 1560 857; x_wconf 81' lang='lat' dir='ltr'>lege</span> <span class='ocrx_word' id='word_1_48' title='bbox 1592 772 1764 839; x_wconf 86' lang='lat' dir='ltr'>Iulia</span> <span class='ocrx_word' id='word_1_49' title='bbox 1804 774 2162 859; x_wconf 76' lang='lat' dir='ltr'>relinquere</span> <span class='ocrx_word' id='word_1_50' title='bbox 2196 800 2299 841; x_wconf 85' lang='lat' dir='ltr'>ra-</span> 
     </span>
     <span class='ocr_line' id='line_1_8' title="bbox 230 862 2299 949; baseline 0.003 -19"><span class='ocrx_word' id='word_1_51' title='bbox 230 865 446 931; x_wconf 78' lang='lat' dir='ltr'>tiones</span> <span class='ocrx_word' id='word_1_52' title='bbox 477 863 553 929; x_wconf 84' lang='lat' dir='ltr'>in</span> <span class='ocrx_word' id='word_1_53' title='bbox 592 862 926 949; x_wconf 79' lang='lat' dir='ltr'>provincia</span> <span class='ocrx_word' id='word_1_54' title='bbox 957 886 1220 932; x_wconf 85' lang='lat' dir='ltr'>necesse</span> <span class='ocrx_word' id='word_1_55' title='bbox 1255 876 1394 931; x_wconf 84' lang='lat' dir='ltr'>erat</span> <span class='ocrx_word' id='word_1_56' title='bbox 1436 865 1823 949; x_wconf 83' lang='lat' dir='ltr'>easdemque</span> <span class='ocrx_word' id='word_1_57' title='bbox 1856 868 2123 935; x_wconf 84' lang='lat' dir='ltr'>totidem</span> <span class='ocrx_word' id='word_1_58' title='bbox 2157 890 2299 935; x_wconf 82' lang='lat' dir='ltr'>ver-</span> 
     </span>
     <span class='ocr_line' id='line_1_9' title="bbox 231 954 2297 1044; baseline 0.001 -21"><span class='ocrx_word' id='word_1_59' title='bbox 231 959 338 1025; x_wconf 89' lang='lat' dir='ltr'>bis</span> <span class='ocrx_word' id='word_1_60' title='bbox 363 958 612 1024; x_wconf 79' lang='lat' dir='ltr'>referre</span> <span class='ocrx_word' id='word_1_61' title='bbox 647 958 732 1023; x_wconf 84' lang='lat' dir='ltr'>ad</span> <span class='ocrx_word' id='word_1_62' title='bbox 760 957 1097 1035; x_wconf 77' lang='lat' dir='ltr'>aerarium,</span> <span class='ocrx_word' id='word_1_63' title='bbox 1132 958 1259 1025; x_wconf 84' lang='lat' dir='ltr'>feci</span> <span class='ocrx_word' id='word_1_64' title='bbox 1293 959 1363 1025; x_wconf 89' lang='lat' dir='ltr'>in</span> <span class='ocrx_word' id='word_1_65' title='bbox 1396 954 1751 1044; x_wconf 64' lang='lat' dir='ltr'>provincia}</span> <span class='ocrx_word' id='word_1_66' title='bbox 1786 982 1995 1044; x_wconf 85' lang='lat' dir='ltr'>neque</span> <span class='ocrx_word' id='word_1_67' title='bbox 2026 960 2121 1027; x_wconf 83' lang='lat' dir='ltr'>ita</span> <span class='ocrx_word' id='word_1_68' title='bbox 2151 962 2297 1037; x_wconf 83' lang='lat' dir='ltr'>feci,</span> 
     </span>
     <span class='ocr_line' id='line_1_10' title="bbox 233 1051 2299 1130; baseline 0.001 -13"><span class='ocrx_word' id='word_1_69' title='bbox 233 1064 310 1117; x_wconf 85' lang='lat' dir='ltr'>ut</span> <span class='ocrx_word' id='word_1_70' title='bbox 343 1062 412 1117; x_wconf 84' lang='lat' dir='ltr'>te</span> <span class='ocrx_word' id='word_1_71' title='bbox 445 1052 536 1116; x_wconf 79' lang='lat' dir='ltr'>ad</span> <span class='ocrx_word' id='word_1_72' title='bbox 569 1074 788 1117; x_wconf 83' lang='lat' dir='ltr'>meum</span> <span class='ocrx_word' id='word_1_73' title='bbox 820 1051 1154 1118; x_wconf 71' lang='lat' dir='ltr'><strong>arbitrium</strong></span> <span class='ocrx_word' id='word_1_74' title='bbox 1189 1052 1593 1130; x_wconf 74' lang='lat' dir='ltr'>adducerem,</span> <span class='ocrx_word' id='word_1_75' title='bbox 1627 1054 1745 1117; x_wconf 87' lang='lat' dir='ltr'>sed</span> <span class='ocrx_word' id='word_1_76' title='bbox 1778 1053 1975 1119; x_wconf 76' lang='lat' dir='ltr'>tribui</span> <span class='ocrx_word' id='word_1_77' title='bbox 2008 1053 2126 1119; x_wconf 87' lang='lat' dir='ltr'>tibi</span> <span class='ocrx_word' id='word_1_78' title='bbox 2159 1064 2299 1121; x_wconf 81' lang='lat' dir='ltr'>tan-</span> 
     </span>
     <span class='ocr_line' id='line_1_11' title="bbox 235 1144 2296 1231; baseline -0 -20"><span class='ocrx_word' id='word_1_79' title='bbox 235 1158 407 1221; x_wconf 75' lang='lat' dir='ltr'>tum,</span> <span class='ocrx_word' id='word_1_80' title='bbox 471 1156 787 1229; x_wconf 81' lang='lat' dir='ltr'>quantum</span> <span class='ocrx_word' id='word_1_81' title='bbox 837 1166 942 1209; x_wconf 90' lang='lat' dir='ltr'>me</span> <span class='ocrx_word' id='word_1_82' title='bbox 1003 1144 1298 1211; x_wconf 75' lang='lat' dir='ltr'>tribuisse</span> <span class='ocrx_word' id='word_1_83' title='bbox 1348 1166 1703 1229; x_wconf 79' lang='lat' dir='ltr'>numquam</span> <span class='ocrx_word' id='word_1_84' title='bbox 1754 1165 1857 1211; x_wconf 84' lang='lat' dir='ltr'>me</span> <span class='ocrx_word' id='word_1_85' title='bbox 1919 1146 2296 1231; x_wconf 81' lang='lat' dir='ltr'>paenitebit:</span> 
     </span>
     <span class='ocr_line' id='line_1_12' title="bbox 233 1237 2349 1321; baseline 0 -18"><span class='ocrx_word' id='word_1_86' title='bbox 233 1250 450 1304; x_wconf 83' lang='lat' dir='ltr'>totum</span> <span class='ocrx_word' id='word_1_87' title='bbox 493 1238 668 1303; x_wconf 86' lang='lat' dir='ltr'>enim</span> <span class='ocrx_word' id='word_1_88' title='bbox 709 1237 986 1304; x_wconf 83' lang='lat' dir='ltr'>scribam</span> <span class='ocrx_word' id='word_1_89' title='bbox 1029 1260 1274 1315; x_wconf 85' lang='lat' dir='ltr'>meum,</span> <span class='ocrx_word' id='word_1_90' title='bbox 1327 1258 1523 1321; x_wconf 82' lang='lat' dir='ltr'>quem</span> <span class='ocrx_word' id='word_1_91' title='bbox 1566 1238 1683 1303; x_wconf 87' lang='lat' dir='ltr'>tibi</span> <span class='ocrx_word' id='word_1_92' title='bbox 1718 1238 1905 1307; x_wconf 84' lang='lat' dir='ltr'>video</span> <span class='ocrx_word' id='word_1_93' title='bbox 1948 1260 2121 1309; x_wconf 82' lang='lat' dir='ltr'>nunc</span> <span class='ocrx_word' id='word_1_94' title='bbox 2154 1260 2295 1305; x_wconf 79' lang='lat' dir='ltr'>esse</span> <span class='ocrx_word' id='word_1_95' title='bbox 2337 1248 2349 1264; x_wconf 84' lang='lat'><strong><em>¹</em></strong></span> 
     </span>
     <span class='ocr_line' id='line_1_13' title="bbox 235 1330 2298 1418; baseline 0 -21"><span class='ocrx_word' id='word_1_96' title='bbox 235 1337 636 1418; x_wconf 72' lang='lat' dir='ltr'>suspectum,</span> <span class='ocrx_word' id='word_1_97' title='bbox 673 1330 790 1395; x_wconf 88' lang='lat' dir='ltr'>tibi</span> <span class='ocrx_word' id='word_1_98' title='bbox 815 1330 1049 1397; x_wconf 84' lang='lat' dir='ltr'>tradidi</span> <span class='ocrx_word' id='word_1_99' title='bbox 1059 1346 1082 1407; x_wconf 69' lang='lat'>3&#39;</span> <span class='ocrx_word' id='word_1_100' title='bbox 1115 1342 1187 1395; x_wconf 85' lang='lat' dir='ltr'>tu</span> <span class='ocrx_word' id='word_1_101' title='bbox 1218 1331 1281 1399; x_wconf 89' lang='lat' dir='ltr'>ei</span> <span class='ocrx_word' id='word_1_102' title='bbox 1305 1332 1405 1397; x_wconf 90' lang='lat' dir='ltr'>M.</span> <span class='ocrx_word' id='word_1_103' title='bbox 1424 1331 1770 1408; x_wconf 86' lang='lat' dir='ltr'>Mindium,</span> <span class='ocrx_word' id='word_1_104' title='bbox 1805 1332 2068 1399; x_wconf 79' lang='lat' dir='ltr'>fratrem</span> <span class='ocrx_word' id='word_1_105' title='bbox 2094 1341 2298 1408; x_wconf 82' lang='lat' dir='ltr'>tuum,</span> 
     </span>
     <span class='ocr_line' id='line_1_14' title="bbox 235 1424 2329 1505; baseline 0 -14"><span class='ocrx_word' id='word_1_106' title='bbox 235 1424 619 1503; x_wconf 78' lang='lat' dir='ltr'>adiunxisti3</span> <span class='ocrx_word' id='word_1_107' title='bbox 655 1426 932 1491; x_wconf 83' lang='lat' dir='ltr'>rationes</span> <span class='ocrx_word' id='word_1_108' title='bbox 965 1424 1298 1494; x_wconf 83' lang='lat' dir='ltr'>confectae</span> <span class='ocrx_word' id='word_1_109' title='bbox 1331 1447 1436 1491; x_wconf 89' lang='lat' dir='ltr'>me</span> <span class='ocrx_word' id='word_1_110' title='bbox 1472 1425 1735 1491; x_wconf 79' lang='lat' dir='ltr'>absente</span> <span class='ocrx_word' id='word_1_111' title='bbox 1772 1438 1919 1493; x_wconf 84' lang='lat' dir='ltr'>sunt</span> <span class='ocrx_word' id='word_1_112' title='bbox 1952 1438 2186 1504; x_wconf 86' lang='lat' dir='ltr'>tecum,</span> <span class='ocrx_word' id='word_1_113' title='bbox 2213 1424 2329 1505; x_wconf 49' lang='lat' dir='ltr'>ad,</span> 
     </span>
     <span class='ocr_line' id='line_1_15' title="bbox 235 1517 2298 1605; baseline -0.002 -20"><span class='ocrx_word' id='word_1_114' title='bbox 235 1542 402 1605; x_wconf 83' lang='lat' dir='ltr'>quas</span> <span class='ocrx_word' id='word_1_115' title='bbox 453 1540 585 1604; x_wconf 80' lang='lat' dir='ltr'>ego.</span> <span class='ocrx_word' id='word_1_116' title='bbox 639 1518 798 1586; x_wconf 81' lang='lat' dir='ltr'>nihil</span> <span class='ocrx_word' id='word_1_117' title='bbox 860 1517 1125 1585; x_wconf 76' lang='lat' dir='ltr'><strong>adhibui</strong></span> <span class='ocrx_word' id='word_1_118' title='bbox 1185 1528 1439 1603; x_wconf 82' lang='lat' dir='ltr'>praeter</span> <span class='ocrx_word' id='word_1_119' title='bbox 1502 1517 1837 1585; x_wconf 81' lang='lat' dir='ltr'>lectionem</span> <span class='ocrx_word' id='word_1_120' title='bbox 1844 1544 1866 1597; x_wconf 81' lang='lat'>3</span> <span class='ocrx_word' id='word_1_121' title='bbox 1935 1520 2029 1585; x_wconf 80' lang='lat' dir='ltr'>ita</span> <span class='ocrx_word' id='word_1_122' title='bbox 2080 1517 2298 1605; x_wconf 86' lang='lat' dir='ltr'>accepi</span> 
     </span>
     <span class='ocr_line' id='line_1_16' title="bbox 233 1608 2299 1697; baseline -0.001 -19"><span class='ocrx_word' id='word_1_123' title='bbox 233 1614 480 1678; x_wconf 76' lang='lat' dir='ltr'>libnnn</span> <span class='ocrx_word' id='word_1_124' title='bbox 531 1634 574 1677; x_wconf 84' lang='lat' dir='ltr'>a</span> <span class='ocrx_word' id='word_1_125' title='bbox 621 1632 764 1678; x_wconf 90' lang='lat' dir='ltr'>meo</span> <span class='ocrx_word' id='word_1_126' title='bbox 820 1608 1094 1697; x_wconf 69' lang='lat' dir='ltr'>[servo]-</span> <span class='ocrx_word' id='word_1_127' title='bbox 1119 1610 1361 1687; x_wconf 85' lang='lat' dir='ltr'>scriba,</span> <span class='ocrx_word' id='word_1_128' title='bbox 1414 1620 1488 1676; x_wconf 85' lang='lat' dir='ltr'>ut</span> <span class='ocrx_word' id='word_1_129' title='bbox 1532 1611 1805 1679; x_wconf 83' lang='lat' dir='ltr'>eundem</span> <span class='ocrx_word' id='word_1_130' title='bbox 1859 1612 2214 1695; x_wconf 86' lang='lat' dir='ltr'>acceperim</span> <span class='ocrx_word' id='word_1_131' title='bbox 2258 1632 2299 1675; x_wconf 88' lang='lat' dir='ltr'>a</span> 
     </span>
     <span class='ocr_line' id='line_1_17' title="bbox 235 1703 2298 1780; baseline -0.002 -9"><span class='ocrx_word' id='word_1_132' title='bbox 235 1706 438 1771; x_wconf 80' lang='lat' dir='ltr'>fratre</span> <span class='ocrx_word' id='word_1_133' title='bbox 481 1716 614 1769; x_wconf 78' lang='lat' dir='ltr'>tuo.</span> <span class='ocrx_word' id='word_1_134' title='bbox 701 1705 756 1769; x_wconf 77' lang='lat' dir='ltr'>si</span> <span class='ocrx_word' id='word_1_135' title='bbox 807 1703 1008 1771; x_wconf 83' lang='lat' dir='ltr'>honos</span> <span class='ocrx_word' id='word_1_136' title='bbox 1059 1704 1116 1770; x_wconf 87' lang='lat' dir='ltr'>is</span> <span class='ocrx_word' id='word_1_137' title='bbox 1169 1704 1320 1780; x_wconf 82' lang='lat' dir='ltr'>fuit,</span> <span class='ocrx_word' id='word_1_138' title='bbox 1374 1703 1681 1771; x_wconf 78' lang='lat' dir='ltr'>maiorem</span> <span class='ocrx_word' id='word_1_139' title='bbox 1725 1703 1842 1769; x_wconf 87' lang='lat' dir='ltr'>tibi</span> <span class='ocrx_word' id='word_1_140' title='bbox 1885 1703 2121 1769; x_wconf 85' lang='lat' dir='ltr'>habere</span> <span class='ocrx_word' id='word_1_141' title='bbox 2166 1707 2298 1767; x_wconf 84' lang='lat' dir='ltr'>non</span> 
     </span>
     <span class='ocr_line' id='line_1_18' title="bbox 235 1794 2425 1886; baseline -0.003 -21"><span class='ocrx_word' id='word_1_142' title='bbox 235 1799 456 1886; x_wconf 80' lang='lat' dir='ltr'>potui;</span> <span class='ocrx_word' id='word_1_143' title='bbox 489 1799 550 1863; x_wconf 83' lang='lat' dir='ltr'>si</span> <span class='ocrx_word' id='word_1_144' title='bbox 571 1798 754 1876; x_wconf 79' lang='lat' dir='ltr'>fides,</span> <span class='ocrx_word' id='word_1_145' title='bbox 789 1799 1098 1865; x_wconf 82' lang='lat' dir='ltr'>maiorem</span> <span class='ocrx_word' id='word_1_146' title='bbox 1125 1798 1243 1865; x_wconf 83' lang='lat' dir='ltr'>tibi</span> <span class='ocrx_word' id='word_1_147' title='bbox 1275 1796 1479 1868; x_wconf 67' lang='lat' dir='ltr'>habui</span> <span class='ocrx_word' id='word_1_148' title='bbox 1504 1816 1702 1883; x_wconf 85' lang='lat' dir='ltr'>quam</span> <span class='ocrx_word' id='word_1_149' title='bbox 1735 1818 1938 1881; x_wconf 88' lang='lat' dir='ltr'>paene</span> <span class='ocrx_word' id='word_1_150' title='bbox 1964 1795 2089 1881; x_wconf 83' lang='lat' dir='ltr'>ipsi</span> <span class='ocrx_word' id='word_1_151' title='bbox 2110 1794 2297 1873; x_wconf 83' lang='lat' dir='ltr'>mihi3</span> <span class='ocrx_word' id='word_1_152' title='bbox 2422 1845 2425 1849; x_wconf 85' lang='lat'><em>.</em></span> 
     </span>
     <span class='ocr_line' id='line_1_19' title="bbox 237 1888 2299 1979; baseline -0.003 -20"><span class='ocrx_word' id='word_1_153' title='bbox 237 1894 294 1959; x_wconf 84' lang='lat' dir='ltr'>si</span> <span class='ocrx_word' id='word_1_154' title='bbox 327 1891 808 1979; x_wconf 78' lang='lat' dir='ltr'>providendum</span> <span class='ocrx_word' id='word_1_155' title='bbox 851 1890 978 1957; x_wconf 79' lang='lat' dir='ltr'>fuit</span> <span class='ocrx_word' id='word_1_156' title='bbox 1017 1914 1100 1959; x_wconf 86' lang='lat' dir='ltr'>ne</span> <span class='ocrx_word' id='word_1_157' title='bbox 1136 1891 1294 1975; x_wconf 77' lang='lat' dir='ltr'>quid</span> <span class='ocrx_word' id='word_1_158' title='bbox 1325 1889 1543 1967; x_wconf 83' lang='lat' dir='ltr'>aliter,</span> <span class='ocrx_word' id='word_1_159' title='bbox 1590 1912 1668 1955; x_wconf 82' lang='lat' dir='ltr'>ac</span> <span class='ocrx_word' id='word_1_160' title='bbox 1702 1889 1821 1955; x_wconf 83' lang='lat' dir='ltr'>tibi</span> <span class='ocrx_word' id='word_1_161' title='bbox 1856 1900 1921 1954; x_wconf 84' lang='lat' dir='ltr'>et</span> <span class='ocrx_word' id='word_1_162' title='bbox 1961 1888 2299 1955; x_wconf 87' lang='lat' dir='ltr'>honestum</span> 
     </span>
     <span class='ocr_line' id='line_1_20' title="bbox 237 1979 2297 2069; baseline -0.003 -17"><span class='ocrx_word' id='word_1_163' title='bbox 237 1997 304 2053; x_wconf 79' lang='lat' dir='ltr'>et</span> <span class='ocrx_word' id='word_1_164' title='bbox 337 1986 499 2051; x_wconf 78' lang='lat' dir='ltr'>utile</span> <span class='ocrx_word' id='word_1_165' title='bbox 530 1996 718 2061; x_wconf 80' lang='lat' dir='ltr'>esset,</span> <span class='ocrx_word' id='word_1_166' title='bbox 751 1983 1116 2061; x_wconf 77' lang='lat' dir='ltr'>referretur,</span> <span class='ocrx_word' id='word_1_167' title='bbox 1149 2005 1280 2049; x_wconf 90' lang='lat' dir='ltr'>non</span> <span class='ocrx_word' id='word_1_168' title='bbox 1312 1982 1531 2059; x_wconf 87' lang='lat' dir='ltr'>habui,</span> <span class='ocrx_word' id='word_1_169' title='bbox 1568 1981 1673 2047; x_wconf 85' lang='lat' dir='ltr'>eui</span> <span class='ocrx_word' id='word_1_170' title='bbox 1706 1982 1921 2069; x_wconf 87' lang='lat' dir='ltr'>potius</span> <span class='ocrx_word' id='word_1_171' title='bbox 1955 1982 2023 2047; x_wconf 89' lang='lat' dir='ltr'>id</span> <span class='ocrx_word' id='word_1_172' title='bbox 2055 1979 2297 2065; x_wconf 80' lang='lat' dir='ltr'>negotii</span> 
     </span>
     <span class='ocr_line' id='line_1_21' title="bbox 239 2074 2301 2162; baseline -0.004 -15"><span class='ocrx_word' id='word_1_173' title='bbox 239 2082 467 2147; x_wconf 77' lang='lat' dir='ltr'>darem</span> <span class='ocrx_word' id='word_1_174' title='bbox 478 2126 498 2157; x_wconf 93' lang='lat'>,</span> <span class='ocrx_word' id='word_1_175' title='bbox 544 2100 739 2162; x_wconf 77' lang='lat' dir='ltr'>qnam</span> <span class='ocrx_word' id='word_1_176' title='bbox 785 2083 884 2145; x_wconf 60' lang='lat' dir='ltr'>cai</span> <span class='ocrx_word' id='word_1_177' title='bbox 927 2078 1230 2145; x_wconf 77' lang='lat' dir='ltr'>dederam</span> <span class='ocrx_word' id='word_1_178' title='bbox 1335 2078 1496 2143; x_wconf 83' lang='lat' dir='ltr'>illud</span> <span class='ocrx_word' id='word_1_179' title='bbox 1539 2076 1799 2160; x_wconf 88' lang='lat' dir='ltr'>quidem</span> <span class='ocrx_word' id='word_1_180' title='bbox 1843 2086 2013 2141; x_wconf 83' lang='lat' dir='ltr'>certe</span> <span class='ocrx_word' id='word_1_181' title='bbox 2056 2074 2301 2139; x_wconf 69' lang='lat' dir='ltr'>factum</span> 
     </span>
     <span class='ocr_line' id='line_1_22' title="bbox 240 2167 2298 2258; baseline -0.005 -16"><span class='ocrx_word' id='word_1_182' title='bbox 240 2186 361 2250; x_wconf 83' lang='lat' dir='ltr'>est,</span> <span class='ocrx_word' id='word_1_183' title='bbox 396 2172 576 2258; x_wconf 82' lang='lat' dir='ltr'>quod</span> <span class='ocrx_word' id='word_1_184' title='bbox 607 2174 716 2238; x_wconf 84' lang='lat' dir='ltr'>lex</span> <span class='ocrx_word' id='word_1_185' title='bbox 747 2172 1040 2250; x_wconf 82' lang='lat' dir='ltr'>iubebat,</span> <span class='ocrx_word' id='word_1_186' title='bbox 1076 2184 1150 2237; x_wconf 78' lang='lat' dir='ltr'>ut</span> <span class='ocrx_word' id='word_1_187' title='bbox 1183 2170 1358 2257; x_wconf 87' lang='lat' dir='ltr'>apud</span> <span class='ocrx_word' id='word_1_188' title='bbox 1392 2171 1553 2238; x_wconf 84' lang='lat' dir='ltr'>duas</span> <span class='ocrx_word' id='word_1_189' title='bbox 1590 2170 1900 2247; x_wconf 77' lang='lat' dir='ltr'>civitates,</span> <span class='ocrx_word' id='word_1_190' title='bbox 1936 2167 2298 2235; x_wconf 88' lang='lat' dir='ltr'>Laodicen-</span> 
     </span>
     <span class='ocr_line' id='line_1_23' title="bbox 241 2260 2296 2353; baseline -0.004 -19"><span class='ocrx_word' id='word_1_191' title='bbox 241 2291 380 2334; x_wconf 82' lang='lat' dir='ltr'>sem</span> <span class='ocrx_word' id='word_1_192' title='bbox 434 2277 500 2333; x_wconf 83' lang='lat' dir='ltr'>et</span> <span class='ocrx_word' id='word_1_193' title='bbox 553 2266 1022 2353; x_wconf 75' lang='lat' dir='ltr'>Apamensem,</span> <span class='ocrx_word' id='word_1_194' title='bbox 1073 2286 1240 2349; x_wconf 87' lang='lat' dir='ltr'>quae</span> <span class='ocrx_word' id='word_1_195' title='bbox 1289 2262 1475 2329; x_wconf 88' lang='lat' dir='ltr'>nobis</span> <span class='ocrx_word' id='word_1_196' title='bbox 1527 2263 1845 2331; x_wconf 82' lang='lat' dir='ltr'>maximae</span> <span class='ocrx_word' id='word_1_197' title='bbox 1896 2260 2296 2335; x_wconf 78' lang='lat' dir='ltr'>videbantur,</span> 
     </span>
     <span class='ocr_line' id='line_1_24' title="bbox 241 2353 2300 2448; baseline -0.005 -22"><span class='ocrx_word' id='word_1_198' title='bbox 241 2360 554 2448; x_wconf 82' lang='lat' dir='ltr'>quoniam</span> <span class='ocrx_word' id='word_1_199' title='bbox 584 2360 676 2425; x_wconf 86' lang='lat' dir='ltr'>ita</span> <span class='ocrx_word' id='word_1_200' title='bbox 705 2381 969 2426; x_wconf 87' lang='lat' dir='ltr'>necesse</span> <span class='ocrx_word' id='word_1_201' title='bbox 1003 2370 1158 2436; x_wconf 86' lang='lat' dir='ltr'>erat,</span> <span class='ocrx_word' id='word_1_202' title='bbox 1193 2358 1473 2423; x_wconf 82' lang='lat' dir='ltr'>rationes</span> <span class='ocrx_word' id='word_1_203' title='bbox 1508 2356 1833 2425; x_wconf 82' lang='lat' dir='ltr'>confectas</span> <span class='ocrx_word' id='word_1_204' title='bbox 1870 2354 2151 2421; x_wconf 84' lang='lat' dir='ltr'>conlatas</span> <span class='ocrx_word' id='word_1_205' title='bbox 2187 2353 2300 2417; x_wconf 91' lang='lat' dir='ltr'>de-</span> 
     </span>
     <span class='ocr_line' id='line_1_25' title="bbox 237 2450 2296 2544; baseline -0.005 -22"><span class='ocrx_word' id='word_1_206' title='bbox 237 2477 648 2544; x_wconf 79' lang='lat' dir='ltr'>poneremus.</span> <span class='ocrx_word' id='word_1_207' title='bbox 751 2455 969 2537; x_wconf 80' lang='lat' dir='ltr'>itaque</span> <span class='ocrx_word' id='word_1_208' title='bbox 1019 2452 1172 2518; x_wconf 88' lang='lat' dir='ltr'>huic</span> <span class='ocrx_word' id='word_1_209' title='bbox 1222 2453 1365 2518; x_wconf 86' lang='lat' dir='ltr'>loco</span> <span class='ocrx_word' id='word_1_210' title='bbox 1416 2450 1697 2535; x_wconf 84' lang='lat' dir='ltr'>primum</span> <span class='ocrx_word' id='word_1_211' title='bbox 1736 2450 2120 2535; x_wconf 81' lang='lat' dir='ltr'>responden,</span> <span class='ocrx_word' id='word_1_212' title='bbox 2171 2468 2296 2531; x_wconf 84' lang='lat' dir='ltr'>me,</span> 
     </span>
     <span class='ocr_line' id='line_1_26' title="bbox 241 2540 2297 2636; baseline -0.006 -20"><span class='ocrx_word' id='word_1_213' title='bbox 241 2568 638 2636; x_wconf 83' lang='lat' dir='ltr'>quamquam</span> <span class='ocrx_word' id='word_1_214' title='bbox 679 2546 863 2613; x_wconf 71' lang='lat' dir='ltr'>iustis</span> <span class='ocrx_word' id='word_1_215' title='bbox 908 2547 990 2611; x_wconf 90' lang='lat' dir='ltr'>de</span> <span class='ocrx_word' id='word_1_216' title='bbox 1035 2544 1244 2611; x_wconf 83' lang='lat' dir='ltr'>causis</span> <span class='ocrx_word' id='word_1_217' title='bbox 1287 2544 1565 2614; x_wconf 80' lang='lat' dir='ltr'>rationes</span> <span class='ocrx_word' id='word_1_218' title='bbox 1607 2544 1845 2611; x_wconf 80' lang='lat' dir='ltr'>referre</span> <span class='ocrx_word' id='word_1_219' title='bbox 1888 2540 2297 2627; x_wconf 76' lang='lat' dir='ltr'>properatim,</span> 
     </span>
     <span class='ocr_line' id='line_1_27' title="bbox 241 2633 2297 2726; baseline -0.007 -16"><span class='ocrx_word' id='word_1_220' title='bbox 241 2655 466 2709; x_wconf 76' lang='lat' dir='ltr'>tamen</span> <span class='ocrx_word' id='word_1_221' title='bbox 499 2652 564 2707; x_wconf 79' lang='lat' dir='ltr'>te</span> <span class='ocrx_word' id='word_1_222' title='bbox 599 2650 1113 2726; x_wconf 81' lang='lat' dir='ltr'>exspectaturum</span> <span class='ocrx_word' id='word_1_223' title='bbox 1147 2638 1348 2703; x_wconf 81' lang='lat' dir='ltr'>fuisse</span> <span class='ocrx_word' id='word_1_224' title='bbox 1360 2684 1380 2716; x_wconf 94' lang='lat'>,</span> <span class='ocrx_word' id='word_1_225' title='bbox 1428 2638 1552 2703; x_wconf 89' lang='lat' dir='ltr'>nisi</span> <span class='ocrx_word' id='word_1_226' title='bbox 1586 2638 1657 2703; x_wconf 87' lang='lat' dir='ltr'>in</span> <span class='ocrx_word' id='word_1_227' title='bbox 1688 2634 2015 2721; x_wconf 82' lang='lat' dir='ltr'>provincia</span> <span class='ocrx_word' id='word_1_228' title='bbox 2047 2633 2297 2699; x_wconf 83' lang='lat' dir='ltr'>relictas</span> 
     </span>
     <span class='ocr_line' id='line_1_28' title="bbox 243 2725 2359 2820; baseline -0.006 -19"><span class='ocrx_word' id='word_1_229' title='bbox 243 2737 527 2801; x_wconf 82' lang='lat' dir='ltr'>rationes</span> <span class='ocrx_word' id='word_1_230' title='bbox 578 2756 695 2820; x_wconf 86' lang='lat' dir='ltr'>pro</span> <span class='ocrx_word' id='word_1_231' title='bbox 747 2733 954 2799; x_wconf 80' lang='lat' dir='ltr'>relatis</span> <span class='ocrx_word' id='word_1_232' title='bbox 1005 2732 1340 2809; x_wconf 86' lang='lat' dir='ltr'>haberem,</span> <span class='ocrx_word' id='word_1_233' title='bbox 1396 2752 1591 2815; x_wconf 88' lang='lat' dir='ltr'>quam</span> <span class='ocrx_word' id='word_1_234' title='bbox 1642 2729 1732 2796; x_wconf 82' lang='lat' dir='ltr'>ob</span> <span class='ocrx_word' id='word_1_235' title='bbox 1778 2750 1915 2793; x_wconf 85' lang='lat' dir='ltr'>rem</span> <span class='ocrx_word' id='word_1_236' title='bbox 1969 2772 1986 2789; x_wconf 87' lang='lat'><strong><em>.</em></strong></span> <span class='ocrx_word' id='word_1_237' title='bbox 2018 2771 2035 2789; x_wconf 91' lang='lat'><strong><em>.</em></strong></span> <span class='ocrx_word' id='word_1_238' title='bbox 2064 2772 2081 2788; x_wconf 90' lang='lat'><strong>.</strong></span> <span class='ocrx_word' id='word_1_239' title='bbox 2111 2770 2129 2787; x_wconf 88' lang='lat'><strong>.</strong></span> <span class='ocrx_word' id='word_1_240' title='bbox 2218 2725 2298 2788; x_wconf 90' lang='lat' dir='ltr'>de</span> <span class='ocrx_word' id='word_1_241' title='bbox 2332 2750 2359 2789; x_wconf 80' lang='lat'><strong>3</strong></span> 
     </span>
     <span class='ocr_line' id='line_1_29' title="bbox 243 2818 2301 2911; baseline -0.007 -15"><span class='ocrx_word' id='word_1_242' title='bbox 243 2828 522 2897; x_wconf 75' lang='lat' dir='ltr'>Volusio</span> <span class='ocrx_word' id='word_1_243' title='bbox 573 2826 752 2911; x_wconf 80' lang='lat' dir='ltr'>quod</span> <span class='ocrx_word' id='word_1_244' title='bbox 803 2826 1058 2902; x_wconf 85' lang='lat' dir='ltr'>scribis,</span> <span class='ocrx_word' id='word_1_245' title='bbox 1108 2847 1240 2891; x_wconf 86' lang='lat' dir='ltr'>non</span> <span class='ocrx_word' id='word_1_246' title='bbox 1283 2835 1380 2891; x_wconf 86' lang='lat' dir='ltr'>est</span> <span class='ocrx_word' id='word_1_247' title='bbox 1422 2824 1490 2891; x_wconf 89' lang='lat' dir='ltr'>id</span> <span class='ocrx_word' id='word_1_248' title='bbox 1544 2822 1891 2895; x_wconf 81' lang='lat' dir='ltr'>rationum:</span> <span class='ocrx_word' id='word_1_249' title='bbox 1947 2818 2301 2885; x_wconf 85' lang='lat' dir='ltr'>docuerunt</span> 
     </span>
     <span class='ocr_line' id='line_1_30' title="bbox 247 2911 2300 3007; baseline -0.008 -17"><span class='ocrx_word' id='word_1_250' title='bbox 247 2924 422 2990; x_wconf 85' lang='lat' dir='ltr'>enim</span> <span class='ocrx_word' id='word_1_251' title='bbox 447 2945 551 2989; x_wconf 90' lang='lat' dir='ltr'>me</span> <span class='ocrx_word' id='word_1_252' title='bbox 587 2919 776 3007; x_wconf 72' lang='lat' dir='ltr'>periti</span> <span class='ocrx_word' id='word_1_253' title='bbox 801 2918 1109 2997; x_wconf 82' lang='lat' dir='ltr'>homines,</span> <span class='ocrx_word' id='word_1_254' title='bbox 1143 2920 1213 2985; x_wconf 89' lang='lat' dir='ltr'>in</span> <span class='ocrx_word' id='word_1_255' title='bbox 1238 2919 1337 2985; x_wconf 87' lang='lat' dir='ltr'>his</span> <span class='ocrx_word' id='word_1_256' title='bbox 1366 2940 1516 2986; x_wconf 85' lang='lat' dir='ltr'>cum</span> <span class='ocrx_word' id='word_1_257' title='bbox 1543 2916 1828 2981; x_wconf 83' lang='lat' dir='ltr'>omnium</span> <span class='ocrx_word' id='word_1_258' title='bbox 1860 2911 2300 2999; x_wconf 83' lang='lat' dir='ltr'>peritissimus,</span> 
     </span>
     <span class='ocr_line' id='line_1_31' title="bbox 247 3004 2301 3091; baseline -0.008 -8"><span class='ocrx_word' id='word_1_259' title='bbox 247 3030 390 3083; x_wconf 70' lang='lat' dir='ltr'>vum</span> <span class='ocrx_word' id='word_1_260' title='bbox 422 3015 580 3081; x_wconf 88' lang='lat' dir='ltr'>mihi</span> <span class='ocrx_word' id='word_1_261' title='bbox 615 3013 1056 3091; x_wconf 69' lang='lat' dir='ltr'>amicissimum,</span> <span class='ocrx_word' id='word_1_262' title='bbox 1093 3010 1172 3079; x_wconf 86' lang='lat' dir='ltr'>G.</span> <span class='ocrx_word' id='word_1_263' title='bbox 1196 3008 1529 3088; x_wconf 78' lang='lat' dir='ltr'>Camillus,</span> <span class='ocrx_word' id='word_1_264' title='bbox 1565 3010 1651 3075; x_wconf 85' lang='lat' dir='ltr'>ad</span> <span class='ocrx_word' id='word_1_265' title='bbox 1676 3008 2020 3075; x_wconf 85' lang='lat' dir='ltr'>Volusium</span> <span class='ocrx_word' id='word_1_266' title='bbox 2049 3004 2301 3073; x_wconf 80' lang='lat' dir='ltr'>traferri</span> 
     </span>
     <span class='ocr_line' id='line_1_32' title="bbox 246 3097 2299 3191; baseline -0.008 -14"><span class='ocrx_word' id='word_1_267' title='bbox 246 3128 484 3177; x_wconf 79' lang='lat' dir='ltr'>nomen</span> <span class='ocrx_word' id='word_1_268' title='bbox 519 3132 560 3173; x_wconf 85' lang='lat' dir='ltr'>a</span> <span class='ocrx_word' id='word_1_269' title='bbox 573 3108 838 3175; x_wconf 79' lang='lat' dir='ltr'>Valerio</span> <span class='ocrx_word' id='word_1_270' title='bbox 870 3130 1004 3173; x_wconf 88' lang='lat' dir='ltr'>non</span> <span class='ocrx_word' id='word_1_271' title='bbox 1033 3106 1342 3191; x_wconf 85' lang='lat' dir='ltr'>potuisse,</span> <span class='ocrx_word' id='word_1_272' title='bbox 1378 3103 1647 3188; x_wconf 78' lang='lat' dir='ltr'>praedes</span> <span class='ocrx_word' id='word_1_273' title='bbox 1665 3100 2044 3167; x_wconf 74' lang='lat' dir='ltr'>Valerianos</span> <span class='ocrx_word' id='word_1_274' title='bbox 2079 3097 2299 3163; x_wconf 76' lang='lat' dir='ltr'>teneri.</span> 
     </span>
     <span class='ocr_line' id='line_1_33' title="bbox 245 3190 2300 3291; baseline -0.006 -22"><span class='ocrx_word' id='word_1_275' title='bbox 245 3225 462 3291; x_wconf 81' lang='lat' dir='ltr'>neque</span> <span class='ocrx_word' id='word_1_276' title='bbox 495 3202 566 3266; x_wconf 83' lang='lat' dir='ltr'>id</span> <span class='ocrx_word' id='word_1_277' title='bbox 600 3211 738 3266; x_wconf 66' lang='lat' dir='ltr'>erat</span> <span class='ocrx_word' id='word_1_278' title='bbox 769 3198 894 3267; x_wconf 85' lang='lat' dir='ltr'>HS</span> <span class='ocrx_word' id='word_1_279' title='bbox 925 3223 1069 3277; x_wconf 80' lang='lat' dir='ltr'>xxx,</span> <span class='ocrx_word' id='word_1_280' title='bbox 1104 3209 1178 3263; x_wconf 81' lang='lat' dir='ltr'>ut</span> <span class='ocrx_word' id='word_1_281' title='bbox 1205 3196 1450 3271; x_wconf 75' lang='lat' dir='ltr'>scribis,</span> <span class='ocrx_word' id='word_1_282' title='bbox 1487 3194 1601 3259; x_wconf 88' lang='lat' dir='ltr'>sed</span> <span class='ocrx_word' id='word_1_283' title='bbox 1634 3190 1757 3259; x_wconf 80' lang='lat' dir='ltr'>HS</span> <span class='ocrx_word' id='word_1_284' title='bbox 1792 3214 1926 3268; x_wconf 74' lang='lat'>1113</span> <span class='ocrx_word' id='word_1_285' title='bbox 1962 3200 2099 3256; x_wconf 87' lang='lat' dir='ltr'>erat</span> <span class='ocrx_word' id='word_1_286' title='bbox 2132 3190 2300 3257; x_wconf 76' lang='lat' dir='ltr'>enim</span> 
     </span>
     <span class='ocr_line' id='line_1_34' title="bbox 251 3285 2303 3379; baseline -0.009 -16"><span class='ocrx_word' id='word_1_287' title='bbox 251 3308 478 3363; x_wconf 82' lang='lat' dir='ltr'>curata</span> <span class='ocrx_word' id='word_1_288' title='bbox 519 3294 706 3359; x_wconf 89' lang='lat' dir='ltr'>nobis</span> <span class='ocrx_word' id='word_1_289' title='bbox 749 3294 1024 3379; x_wconf 79' lang='lat' dir='ltr'>pecunia</span> <span class='ocrx_word' id='word_1_290' title='bbox 1065 3290 1312 3359; x_wconf 83' lang='lat' dir='ltr'>Valerii</span> <span class='ocrx_word' id='word_1_291' title='bbox 1366 3285 1676 3371; x_wconf 86' lang='lat' dir='ltr'>mancipis</span> <span class='ocrx_word' id='word_1_292' title='bbox 1720 3286 2005 3361; x_wconf 83' lang='lat' dir='ltr'>nomine,</span> <span class='ocrx_word' id='word_1_293' title='bbox 2048 3306 2130 3347; x_wconf 84' lang='lat' dir='ltr'>ex</span> <span class='ocrx_word' id='word_1_294' title='bbox 2172 3302 2303 3365; x_wconf 85' lang='lat' dir='ltr'>qua</span> 
     </span>
     <span class='ocr_line' id='line_1_35' title="bbox 249 3374 2363 3473; baseline -0.009 -17"><span class='ocrx_word' id='word_1_295' title='bbox 249 3390 574 3473; x_wconf 80' lang='lat' dir='ltr'>reliquum</span> <span class='ocrx_word' id='word_1_296' title='bbox 607 3388 784 3471; x_wconf 85' lang='lat' dir='ltr'>quod</span> <span class='ocrx_word' id='word_1_297' title='bbox 817 3397 954 3452; x_wconf 86' lang='lat' dir='ltr'>erat</span> <span class='ocrx_word' id='word_1_298' title='bbox 995 3388 1066 3453; x_wconf 83' lang='lat' dir='ltr'>in</span> <span class='ocrx_word' id='word_1_299' title='bbox 1109 3382 1466 3451; x_wconf 83' lang='lat' dir='ltr'>rationibus</span> <span class='ocrx_word' id='word_1_300' title='bbox 1500 3379 1736 3447; x_wconf 84' lang='lat' dir='ltr'>ret-tuli.</span> <span class='ocrx_word' id='word_1_301' title='bbox 1824 3378 1941 3443; x_wconf 90' lang='lat' dir='ltr'>sed</span> <span class='ocrx_word' id='word_1_302' title='bbox 1974 3374 2067 3443; x_wconf 83' lang='lat' dir='ltr'>sic</span> <span class='ocrx_word' id='word_1_303' title='bbox 2100 3396 2204 3441; x_wconf 88' lang='lat' dir='ltr'>me</span> <span class='ocrx_word' id='word_1_304' title='bbox 2238 3384 2303 3441; x_wconf 87' lang='lat' dir='ltr'>et</span> <span class='ocrx_word' id='word_1_305' title='bbox 2335 3398 2363 3437; x_wconf 78' lang='lat'><em>4</em></span> 
     </span>
     <span class='ocr_line' id='line_1_36' title="bbox 249 3465 2303 3565; baseline -0.009 -16"><span class='ocrx_word' id='word_1_306' title='bbox 249 3481 650 3565; x_wconf 64' lang='lat' dir='ltr'>liberalitatis</span> <span class='ocrx_word' id='word_1_307' title='bbox 695 3480 912 3547; x_wconf 82' lang='lat' dir='ltr'>fructu</span> <span class='ocrx_word' id='word_1_308' title='bbox 954 3479 1168 3564; x_wconf 80' lang='lat' dir='ltr'>privas</span> <span class='ocrx_word' id='word_1_309' title='bbox 1204 3488 1270 3543; x_wconf 90' lang='lat' dir='ltr'>et</span> <span class='ocrx_word' id='word_1_310' title='bbox 1303 3472 1673 3561; x_wconf 82' lang='lat' dir='ltr'>diligentiae</span> <span class='ocrx_word' id='word_1_311' title='bbox 1706 3482 1801 3549; x_wconf 78' lang='lat' dir='ltr'>et,</span> <span class='ocrx_word' id='word_1_312' title='bbox 1836 3470 2012 3555; x_wconf 83' lang='lat' dir='ltr'>quod</span> <span class='ocrx_word' id='word_1_313' title='bbox 2044 3465 2303 3535; x_wconf 87' lang='lat' dir='ltr'>minime</span> 
     </span>
     <span class='ocr_line' id='line_1_37' title="bbox 249 3560 2303 3655; baseline -0.009 -12"><span class='ocrx_word' id='word_1_314' title='bbox 249 3590 470 3643; x_wconf 83' lang='lat' dir='ltr'>tamen</span> <span class='ocrx_word' id='word_1_315' title='bbox 513 3574 764 3652; x_wconf 80' lang='lat' dir='ltr'>laboro,</span> <span class='ocrx_word' id='word_1_316' title='bbox 819 3572 1154 3641; x_wconf 75' lang='lat' dir='ltr'>mediocris</span> <span class='ocrx_word' id='word_1_317' title='bbox 1191 3571 1385 3637; x_wconf 85' lang='lat' dir='ltr'>etiam</span> <span class='ocrx_word' id='word_1_318' title='bbox 1429 3567 1835 3655; x_wconf 78' lang='lat' dir='ltr'>prudentiae:</span> <span class='ocrx_word' id='word_1_319' title='bbox 1888 3560 2303 3634; x_wconf 77' lang='lat' dir='ltr'>liberalitatis,</span> 
     </span>
     <span class='ocr_line' id='line_1_38' title="bbox 253 3658 2306 3757; baseline -0.01 -20"><span class='ocrx_word' id='word_1_320' title='bbox 253 3670 432 3757; x_wconf 79' lang='lat' dir='ltr'>quod</span> <span class='ocrx_word' id='word_1_321' title='bbox 479 3669 684 3734; x_wconf 78' lang='lat' dir='ltr'>mavis</span> <span class='ocrx_word' id='word_1_322' title='bbox 737 3667 984 3735; x_wconf 69' lang='lat' dir='ltr'>set-ibae</span> <span class='ocrx_word' id='word_1_323' title='bbox 1035 3666 1164 3733; x_wconf 81' lang='lat' dir='ltr'>mei</span> <span class='ocrx_word' id='word_1_324' title='bbox 1216 3663 1527 3732; x_wconf 84' lang='lat' dir='ltr'>beneficio</span> <span class='ocrx_word' id='word_1_325' title='bbox 1579 3684 1775 3746; x_wconf 79' lang='lat' dir='ltr'>quam</span> <span class='ocrx_word' id='word_1_326' title='bbox 1824 3680 1969 3725; x_wconf 90' lang='lat' dir='ltr'>meo</span> <span class='ocrx_word' id='word_1_327' title='bbox 2020 3658 2306 3741; x_wconf 86' lang='lat' dir='ltr'>legatum</span> 
     </span>
     <span class='ocr_line' id='line_1_39' title="bbox 251 3746 2307 3849; baseline -0.01 -18"><span class='ocrx_word' id='word_1_328' title='bbox 251 3786 474 3831; x_wconf 77' lang='lat' dir='ltr'>meum</span> <span class='ocrx_word' id='word_1_329' title='bbox 513 3808 762 3827; x_wconf 89' lang='grc'><strong>.......</strong></span> <span class='ocrx_word' id='word_1_330' title='bbox 809 3760 1334 3849; x_wconf 71' lang='lat' dir='ltr'>praefectumque</span> <span class='ocrx_word' id='word_1_331' title='bbox 1370 3756 1455 3839; x_wconf 81' lang='lat' dir='ltr'>Q.</span> <span class='ocrx_word' id='word_1_332' title='bbox 1491 3756 1773 3841; x_wconf 81' lang='lat' dir='ltr'>Leptam</span> <span class='ocrx_word' id='word_1_333' title='bbox 1814 3750 2095 3819; x_wconf 80' lang='lat' dir='ltr'>maxima</span> <span class='ocrx_word' id='word_1_334' title='bbox 2137 3746 2307 3815; x_wconf 83' lang='lat' dir='ltr'>cala-</span> 
     </span>
     <span class='ocr_line' id='line_1_40' title="bbox 253 3840 2306 3942; baseline -0.008 -17"><span class='ocrx_word' id='word_1_335' title='bbox 253 3859 482 3925; x_wconf 77' lang='lat' dir='ltr'>mitate</span> <span class='ocrx_word' id='word_1_336' title='bbox 506 3857 772 3935; x_wconf 82' lang='lat' dir='ltr'>levatos,</span> <span class='ocrx_word' id='word_1_337' title='bbox 789 3878 940 3922; x_wconf 81' lang='lat' dir='ltr'>eum</span> <span class='ocrx_word' id='word_1_338' title='bbox 964 3854 1338 3942; x_wconf 75' lang='lat' dir='ltr'>praesertim</span> <span class='ocrx_word' id='word_1_339' title='bbox 1362 3873 1491 3919; x_wconf 79' lang='lat' dir='ltr'>non</span> <span class='ocrx_word' id='word_1_340' title='bbox 1516 3850 1819 3915; x_wconf 83' lang='lat' dir='ltr'>deberent</span> <span class='ocrx_word' id='word_1_341' title='bbox 1836 3866 1986 3913; x_wconf 84' lang='lat' dir='ltr'>esse</span> <span class='ocrx_word' id='word_1_342' title='bbox 2012 3840 2275 3927; x_wconf 84' lang='lat' dir='ltr'>obligati</span> <span class='ocrx_word' id='word_1_343' title='bbox 2286 3864 2306 3917; x_wconf 91' lang='lat'>;</span> 
     </span>
     <span class='ocr_line' id='line_1_41' title="bbox 259 3940 2307 4039; baseline -0.01 -22"><span class='ocrx_word' id='word_1_344' title='bbox 259 3952 661 4039; x_wconf 84' lang='lat' dir='ltr'>diligentiae,</span> <span class='ocrx_word' id='word_1_345' title='bbox 714 3951 890 4035; x_wconf 86' lang='lat' dir='ltr'>quod</span> <span class='ocrx_word' id='word_1_346' title='bbox 933 3949 1260 4016; x_wconf 71' lang='lat' dir='ltr'>existimas</span> <span class='ocrx_word' id='word_1_347' title='bbox 1305 3946 1386 4013; x_wconf 85' lang='lat' dir='ltr'>de</span> <span class='ocrx_word' id='word_1_348' title='bbox 1430 3954 1607 4011; x_wconf 80' lang='lat' dir='ltr'>tanto</span> <span class='ocrx_word' id='word_1_349' title='bbox 1650 3940 1861 4008; x_wconf 86' lang='lat' dir='ltr'>officio</span> <span class='ocrx_word' id='word_1_350' title='bbox 1904 3958 2079 4013; x_wconf 90' lang='lat' dir='ltr'>me0,</span> <span class='ocrx_word' id='word_1_351' title='bbox 2130 3943 2307 3999; x_wconf 80' lang='lat' dir='ltr'>tanto</span> 
     </span>
     <span class='ocr_line' id='line_1_42' title="bbox 259 4031 2305 4130; baseline -0.01 -17"><span class='ocrx_word' id='word_1_352' title='bbox 259 4048 460 4113; x_wconf 81' lang='lat' dir='ltr'>etiam</span> <span class='ocrx_word' id='word_1_353' title='bbox 491 4045 806 4130; x_wconf 83' lang='lat' dir='ltr'>periculo,</span> <span class='ocrx_word' id='word_1_354' title='bbox 849 4066 970 4110; x_wconf 88' lang='lat' dir='ltr'>nee</span> <span class='ocrx_word' id='word_1_355' title='bbox 1003 4042 1196 4109; x_wconf 80' lang='lat' dir='ltr'>scisse</span> <span class='ocrx_word' id='word_1_356' title='bbox 1231 4062 1333 4107; x_wconf 88' lang='lat' dir='ltr'>me</span> <span class='ocrx_word' id='word_1_357' title='bbox 1368 4038 1709 4122; x_wconf 82' lang='lat' dir='ltr'>quiequam</span> <span class='ocrx_word' id='word_1_358' title='bbox 1751 4054 1872 4100; x_wconf 90' lang='lat' dir='ltr'>nec</span> <span class='ocrx_word' id='word_1_359' title='bbox 1906 4031 2305 4117; x_wconf 81' lang='lat' dir='ltr'>cogitavisse,</span> 
     </span>
     <span class='ocr_line' id='line_1_43' title="bbox 370 4131 1955 4191; baseline -0.003 0"><span class='ocrx_word' id='word_1_360' title='bbox 370 4147 590 4191; x_wconf 64' lang='lat' dir='ltr'>ciceronis</span> <span class='ocrx_word' id='word_1_361' title='bbox 617 4147 696 4189; x_wconf 76' lang='grc' dir='ltr'>ωι.</span> <span class='ocrx_word' id='word_1_362' title='bbox 722 4146 794 4189; x_wconf 74' lang='lat' dir='ltr'>ix.</span> <span class='ocrx_word' id='word_1_363' title='bbox 1919 4131 1955 4186; x_wconf 85' lang='lat'>8</span> 
     </span>
    </p>
   </div>
  </div>
 </body>
</html>
