2675 4559
507 195 635 260 366
1124 207 1200 259 M.
1239 204 1514 262 TULLII
1550 203 1949 261 CICERONIS

506 355 683 397 mum
716 329 858 396 fuit.
946 350 1156 413 neque
1193 351 1337 393 sum
1389 327 1734 392 admiratus
1769 327 1936 393 hanc
1972 326 2320 413 epistolam,
2353 349 2514 411 quam

504 427 787 490 Acastus
824 423 1064 499 attulit,
1112 422 1373 488 brevem
1408 420 1635 497 fuisse3
1687 421 1816 486 iam
1853 420 2022 486 enim
2054 443 2159 485 me
2201 421 2400 506 ipsum
2432 444 2516 486 ex·
2600 469 2601 472 ι

503 529 753 604 spectas
790 518 925 584 sive
959 538 1077 581 nos
1112 516 1306 602 ipsos,
1343 506 1457 599 qui
1493 515 1752 599 quidem
1787 536 1983 599 quam
2015 515 2294 601 primum
2323 516 2400 580 ad
2429 537 2516 578 vos

506 614 721 680 venire
757 613 1084 701 cupimus,
1126 613 1278 690 etsi,
1324 611 1392 677 in
1429 632 1625 695 quam
1667 634 1804 678 rem
1846 611 2172 698 publicam
2205 611 2514 688 veniamuS,

506 708 835 794 intellego:
882 707 1157 794 cognovi
1201 707 1374 774 enim
1408 729 1490 771 ex
1532 706 1879 774 multorum
1914 706 2266 772 amicorum
2307 706 2512 781 litteris,

506 823 665 884 {guas
700 801 912 866 attulit
929 801 1231 877 Acastus,
1267 800 1352 865 ad
1379 821 1556 864 arma
1581 822 1720 865 rem
1747 811 2053 885 spectare,
2091 810 2167 865 ut
2199 799 2368 876 mihi,
2400 821 2515 864 cum

506 917 761 972 venero,
798 890 1197 960 dissimulare
1232 917 1363 959 non
1395 894 1613 972 liceat,
1650 895 1806 982 quid
1841 893 2132 960 sentiam.
2221 895 2359 973 sed,
2390 916 2514 978 quo-

506 992 678 1056 niam
713 989 1047 1056 subeunda
1081 989 1340 1058 fortuna
1375 999 1491 1066 est,
1529 1010 1604 1054 eo
1642 990 1827 1054 citius
1856 988 2154 1054 dabimus
2181 1010 2441 1074 operam,
2464 1000 2517 1051 ut

509 1084 869 1162 mniamus,
903 1105 1032 1168 quo
1067 1084 1318 1149 facilius
1355 1083 1435 1148 de
1472 1094 1605 1148 tota
1637 1105 1708 1148 rc
1743 1083 2191 1150 deliberemus.
2244 1096 2314 1149 tu
2346 1083 2517 1157 velim,

506 1178 680 1260 quod
731 1177 1065 1242 commodo
1117 1176 1501 1242 valetudinis
1545 1188 1694 1243 tuae
1745 1178 1887 1254 fiat,
1941 1199 2143 1261 quam
2198 1176 2517 1263 longissime

442 1324 466 1332 -
506 1271 738 1356 puteris
752 1317 771 1346 ,
818 1271 1075 1335 obviam
1110 1270 1296 1336 nobis
1331 1271 1622 1356 prodeas.
1712 1272 1793 1337 de
1828 1270 2186 1338 hereditate
2221 1271 2516 1343 Preciana,

502 1388 665 1448 qnae
702 1364 965 1449 quidem
998 1364 1157 1428 mihi
1190 1387 1427 1451 magno
1465 1365 1668 1431 dolori
1721 1377 1818 1431 est
1839 1401 1929 1412 -—
1952 1367 2148 1432 valde
2184 1367 2350 1431 enim
2378 1365 2517 1428 illum

506 1459 713 1524 amavi
738 1494 853 1537 -—-,
889 1459 1005 1527 sed
1038 1459 1162 1524 hoc
1195 1460 1390 1526 velim
1418 1483 1630 1526 cures·
1669 1460 1724 1524 si
1759 1460 1970 1526 auctio
2008 1471 2160 1527 ante
2197 1482 2402 1526 meum
2431 1457 2515 1521 ad·

506 1580 542 1616 ι
546 1564 763 1620 autum
797 1554 937 1632 fiet,
982 1565 1055 1620 ut
1088 1553 1487 1640 Pomponius
1523 1565 1664 1631 aut,
1703 1554 1756 1619 si
1789 1555 1845 1619 is
1880 1555 2096 1620 minus
2132 1555 2385 1640 poterit,
2420 1549 2517 1616 Ca-

506 1648 714 1713 111illus
758 1659 1046 1715 nostrum
1090 1648 1420 1734 negotium
1464 1659 1661 1714 curet.
1748 1670 1867 1713 nos
1913 1670 2060 1714 cum
2110 1648 2275 1714 salvi
2314 1643 2517 1712 veneri-

506 1764 665 1820 mus,
701 1743 949 1827 reliqua
981 1766 1097 1829 per
1131 1765 1247 1807 nos
1285 1765 1582 1828 agemus3
1621 1743 1720 1807 sin
1755 1754 1825 1808 tu
1860 1743 1990 1807 iam
2023 1742 2244 1808 R-oma
2275 1728 2517 1827 profecta

506 1860 534 1900 ι·
546 1840 646 1913 ris,
683 1847 897 1903 tamen
924 1838 1199 1916 curabis,
1233 1848 1306 1902 ut
1332 1837 1456 1903 hoc
1480 1838 1570 1902 ita
1603 1837 1735 1902 fiat.
1789 1858 1924 1913 nos,
1962 1836 2016 1901 si
2044 1836 2119 1901 di
2147 1835 2516 1906 adjuvabunt,

506 1930 756 1996 circiter
794 1931 953 1997 Idus
998 1931 1386 1998 Novembris
1437 1932 1507 1996 in
1550 1931 1740 1996 Italia
1793 1950 2130 2016 speramus
2183 1930 2336 1995 fore.
2413 1947 2516 1998 νοε,

506 2048 644 2092 mea
687 2026 1065 2091 suavissima
1108 2038 1171 2092 et
1216 2025 1615 2112 optatissima
1656 2025 1985 2100 Terentia,
2041 2025 2102 2089 si
2145 2047 2264 2090 nos
2315 2019 2514 2093 amatis,

502 2129 717 2184 curate
753 2131 826 2183 ut
859 2119 1143 2184 valeatis.
1201 2117 1426 2205 [vales]
1484 2118 1758 2184 Athenis
1787 2141 1844 2184 a.
1865 2119 1926 2183 d.
1945 2141 2044 2183 xv.
2063 2118 2226 2184 Kal.
2245 2117 2310 2182 N
2310 2113 2512 2182 ovemb·

1473 2353 1573 2408 VI.

703 2452 821 2509 ser.
840 2454 900 2508 in
919 2452 1391 2525 castris-Pompeii
1411 2419 1608 2508 idibus
1630 2455 1972 2520 Quintilibus
1993 2473 2042 2510 a.
2062 2473 2122 2510 u.
2149 2473 2198 2512 c.
2221 2457 2333 2511 706.

1068 2558 1409 2613 TULLIUS
1445 2556 1612 2614 sms
1651 2557 1707 2615 s.
1741 2557 1978 2616 chrr.

625 2679 765 2745 Nec
801 2701 991 2766 saepe
1026 2689 1154 2757 est,
1190 2680 1295 2746 cui
1330 2680 1573 2746 litteras
1610 2681 1866 2758 demus,
1912 2702 2032 2746 nec
2066 2703 2210 2746 rem
2245 2680 2513 2744 habemus

502 2776 714 2851 ullam,
752 2795 947 2857 quam
981 2773 1258 2840 scribere
1293 2774 1584 2840 velimus.
1651 2797 1732 2839 ex
1767 2775 1894 2840 tuis
1928 2775 2178 2852 litteris,
2215 2796 2370 2859 quas
2400 2790 2516 2858 pro·

498 2868 665 2931 :zime
703 2867 949 2952 accepi,
995 2868 1269 2954 cognovi
1315 2868 1649 2953 praedium
1692 2868 1940 2932 nullum
1975 2869 2197 2934 venire
2239 2866 2513 2954 potuisse3

498 2980 623 3040 qua
656 2981 727 3024 re
763 2961 1031 3026 videatis
1068 2961 1289 3037 velim,
1345 2982 1474 3044 quo
1509 2961 1699 3026 modo
1735 2962 1889 3026 satis
1934 2963 2044 3026 fiat
2079 2963 2172 3039 ei,
2233 2961 2335 3026 cui
2375 2955 2511 3023 scitis

501 3076 598 3116 zue
635 3053 786 3118 satis
821 3053 961 3121 fieri
996 3055 1177 3119 velle.
1250 3055 1424 3140 quod
1458 3067 1675 3120 nostra
1709 3053 1826 3120 tibi
1859 3057 2098 3141 gratias
2137 3057 2292 3142 agit,
2325 3055 2388 3118 id
2418 3068 2509 3135 ego

498 3168 623 3212 non
656 3147 851 3212 miror
886 3159 949 3214 te
984 3148 1241 3258 mereri,
1287 3159 1361 3213 ut
1396 3171 1472 3215 ea
1506 3149 1624 3214 tibi
1667 3150 1894 3214 merito
1930 3161 2042 3214 tuo
2076 3151 2320 3236 gratias
2353 3162 2507 3231 agere

498 3264 538 3324 ι
526 3241 714 3308 ussit.
801 3240 1134 3320 Pollicem,
1173 3243 1228 3307 si
1264 3243 1475 3309 adhuc
1510 3265 1639 3308 non
1674 3254 1772 3308 est
1807 3243 2153 3329 profectus,
2193 3265 2380 3327 quam
2411 3236 2509 3323 pri·

498 3358 669 3400 mum
704 3334 809 3401 fac
844 3336 1164 3402 extrudas.
1255 3358 1430 3414 cura,
1468 3349 1540 3402 ut
1575 3335 2363 3419 valeas.1dib.Quinct.

1453 3569 1584 3626 V11.

765 3669 881 3725 Scr.
903 3672 961 3724 in
978 3675 1144 3742 portu
1164 3672 1434 3727 Caietano
1453 3690 1595 3728 nave
1616 3691 1919 3730 conscensa
1938 3691 1988 3728 a.
2007 3693 2063 3728 u.
2084 3691 2128 3728 c.
2152 3674 2270 3730 705.

650 3770 991 3829 TULLIUS
1027 3771 1474 3830 TERENTIAE
1513 3773 1712 3832 SUAE
1750 3776 1913 3832 SAL.
1952 3772 2377 3834 PLURIMAM.

620 3887 851 3958 Omnis
889 3896 1207 3962 molestias
1245 3907 1309 3962 et
1345 3897 1822 3976 sollicitudines,
1860 3898 2092 3983 quibus
2127 3907 2189 3963 et
2225 3907 2286 3962 te
2318 3892 2504 3960 miser·

494 3980 715 4045 stanam
750 3985 966 4064 habui,
1002 3987 1070 4052 id
1106 3990 1279 4073 quod
1313 3991 1472 4055 mihi
1507 3993 2021 4059 molestissimum
2056 4002 2169 4068 est,
2207 4003 2262 4056 et
2294 3983 2501 4054 Tullio·
