2675 4559
729 236 1286 296 EPISTOLARUM
1317 236 1427 299 111.
1462 238 1511 295 6.
1534 238 1583 294 7.
2100 228 2188 297 53

179 386 420 451 possum.
505 384 625 449 ego
634 409 654 441 ,
697 372 770 427 ut
813 384 919 428 me
964 361 1084 426 tibi
1127 360 1583 427 amicissimum
1618 380 1759 430 esse
1794 362 1871 430 et'
1894 366 2086 450 aequi
2120 378 2184 434 et
2219 386 2247 427 e

177 458 346 541 iniqui
385 457 805 543 intellegant,
835 456 1102 521 curabot
1157 456 1237 521 de
1281 467 1397 521 tuo
1440 456 1509 522 in
1550 480 1657 523 me
1700 457 1912 525 animo
1947 459 2183 545 iniquis

178 574 328 617 secus
361 550 754 617 existimandi
781 549 1014 616 videris
1049 573 1181 616 non
1205 550 1365 616 nihil
1398 551 1524 617 loci
1552 552 1803 619 dedisse
1814 578 1833 631 3
1868 552 1937 617 id
1962 554 2021 619 si
2046 576 2186 621 cor-

175 645 402 723 rexeris,
435 644 590 710 mihi
624 645 812 710 valde
845 655 1103 731 gratum
1138 645 1275 711 erit.
1367 656 1458 723 et,
1494 658 1568 711 ut
1599 646 1839 714 habere
1874 648 2184 716 rationem

175 742 368 826 possis,
415 761 542 825 quo
575 740 718 805 loco
753 761 856 805 me
892 739 1072 805 salva
1113 740 1258 826 lege
1295 736 1601 807 Cornelia
1634 743 1975 809 convenias
1988 792 2007 823 ,
2060 764 2183 832 ego

175 836 226 898 in
252 835 621 921 provinciam
656 835 806 900 veni
839 833 1044 919 pridie
1079 834 1413 899 Kalendas
1442 832 1703 901 Sextilis
1714 861 1733 914 ς
1769 834 1891 903 iter
1923 838 1990 903 in
2028 836 2186 904 Cili-

178 928 304 993 ciam
349 928 512 994 facio
572 951 690 1015 per
745 926 1255 1014 Cappadociam3
1319 940 1531 995 castra
1592 930 1765 996 movi
1828 931 1911 995 ab
1961 932 2183 999 Iconio

175 1023 334 1108 pridie
372 1024 704 1089 Kalendas
752 1021 1170 1110 Septembris.
1267 1046 1441 1089 nunc
1493 1034 1565 1090 tu
1609 1036 1673 1090 et
1716 1048 1798 1092 ex
1840 1026 2068 1092 diebus
2120 1039 2185 1092 et

175 1139 234 1181 ex
274 1117 498 1184 ratione
549 1116 824 1195 itineris,
887 1118 942 1183 si
991 1116 1250 1203 putabis
1299 1140 1407 1184 me
1460 1140 1601 1185 esse
1652 1120 2183 1199 conveniendum,

174 1210 487 1289 constitues,
504 1233 639 1297 quo
663 1213 806 1277 loco
823 1210 892 1276 id
911 1211 1421 1278 commodissime
1441 1211 1582 1280 fieri
1606 1213 1811 1299 possit
1828 1224 1893 1279 et
1910 1235 2038 1299 quo
2058 1213 2181 1281 die.

1083 1446 1214 1503 VII.

372 1550 485 1606 Scr.
505 1550 830 1605 Laodiceae
848 1566 1040 1605 mense
1058 1549 1322 1606 Ianuario
1343 1556 1579 1608 exeunte
1600 1568 1650 1607 a.
1670 1569 1726 1606 u.
1745 1569 1795 1607 c.
1816 1552 1933 1607 704.

551 1655 640 1709 M.
678 1650 952 1709 CICERO
992 1652 1048 1710 S.
1085 1652 1161 1707 D.
1196 1652 1318 1709 ΑΡ.
1356 1652 1741 1711 PULCHRO.

263 1774 555 1841 Pluribus
603 1776 816 1841 verbis
859 1775 943 1839 ad
978 1786 1042 1842 te
1079 1772 1356 1841 scribam
1369 1822 1387 1851 ,
1434 1797 1583 1840 cum
1626 1776 1773 1861 plus
1809 1774 1923 1842 otii
1955 1784 2182 1842 nactus
2221 1799 2244 1837 1

169 1893 268 1935 ero.
329 1870 482 1937 haec
515 1869 751 1957 scripsi
785 1869 1020 1947 subite,
1057 1891 1204 1936 cum
1231 1869 1422 1934 Bruti
1456 1870 1641 1956 pueri
1674 1870 2045 1937 Laudiceae
2080 1893 2183 1936 me

169 1966 570 2033 convenissent
616 1976 681 2032 et
729 1987 799 2030 se
844 1965 1121 2030 Romam
1172 1986 1517 2051 properare
1571 1964 1911 2043 dixissent;
1963 1966 2183 2050 itaque

167 2062 336 2126 nullas
366 2062 440 2126 iis
475 2072 932 2147 praeterquam
968 2060 1053 2125 ad
1097 2070 1160 2126 te
1197 2071 1263 2126 et
1296 2060 1382 2125 ad
1414 2060 1694 2125 Brutum
1728 2060 1879 2126 dedi
1920 2060 2181 2126 litteras.

165 2153 324 2240 legati
355 2155 646 2243 Appiani
689 2155 846 2222 mihi
892 2156 1196 2221 volumen
1238 2178 1278 2220 a
1311 2165 1377 2220 te
1420 2154 1685 2241 plenum
1716 2156 2018 2239 querelae
2062 2155 2184 2220 1111-
2218 2178 2243 2217 2

167 2249 462 2329 quissimae
489 2243 934 2326 reddiderunt,
971 2248 1146 2333 quod
1171 2272 1394 2315 eorum
1422 2249 1927 2315 aedificationem
1961 2248 2185 2316 litteris

167 2344 290 2409 meis
327 2345 766 2432 impedissem3
821 2344 1047 2410 eadem
1092 2354 1308 2410 autem
1355 2344 1625 2431 epistola
1667 2345 1932 2431 petebas
1967 2354 2039 2409 ut
2074 2366 2183 2410 eos

165 2458 321 2520 quam
351 2442 632 2527 primum
644 2486 664 2517 ,
715 2461 800 2504 ne
833 2439 901 2505 111
937 2438 1213 2505 hiemem
1248 2438 1631 2517 inciderent,
1685 2440 1771 2504 ad
1812 2439 2184 2504 facultatem

168 2534 499 2601 aedificandi
531 2528 899 2611 liberarem,
937 2544 1000 2599 et
1037 2533 1227 2599 simul
1261 2544 1564 2620 peracute
1601 2533 1974 2617 querebare,
2011 2532 2185 2615 quod

165 2649 252 2691 eos
280 2629 504 2695 tributa
551 2630 818 2716 exigere
858 2638 1144 2695 vetarem
1183 2628 1363 2714 prius
1406 2616 1604 2711 quaffn
1648 2648 1771 2712 ego
1814 2648 1885 2692 re
1928 2625 2185 2711 cognita

166 2724 583 2811 permisissem3
613 2746 820 2809 genus
848 2723 1016 2788 enim
1035 2722 1365 2807 quoddam
1391 2722 1589 2787 fuisse
1609 2719 2017 2807 impediendi,
2037 2741 2183 2783 cum

165 2838 260 2901 ego
291 2840 672 2905 cognoscere
705 2840 835 2883 non
871 2840 1143 2903 possent,
1190 2816 1315 2881 nisi
1352 2837 1499 2881 cum
1534 2815 1619 2880 ad
1652 2814 1929 2880 hiemem
1963 2834 2066 2878 me
2100 2834 2183 2879 ex

167 2906 354 2978 Cilicia
383 2912 792 2999 recepissem.
865 2911 950 2977 ad
983 2910 1200 2977 omnia
1234 2910 1477 2996 accipe,
1512 2920 1579 2977 et
1611 2929 1927 2996 cognosce
1964 2906 2183 2991 aequi·
2217 2928 2242 2967 3

167 3014 326 3071 tatem
357 3005 886 3094 expostulationis
921 3016 1101 3072 tuae:
1149 3005 1429 3091 primum
1440 3052 1460 3083 ‚
1496 3026 1646 3070 cum
1680 3003 1763 3069 ad
1798 3026 1903 3069 1113
1939 3001 2184 3069 aditum

167 3110 301 3165 esset
329 3101 407 3166 ab
438 3102 518 3166 iis
532 3150 551 3178 ‚
597 3100 713 3183 qui
757 3100 1040 3166 dicerent
1074 3122 1114 3164 a
1150 3122 1218 3165 se
1253 3098 1677 3163 intolerabilia
1720 3096 1959 3163 tributa
1992 3095 2183 3181 exigi,

165 3192 292 3273 quid
311 3194 528 3261 habuit
553 3193 908 3278 iniquitatis
935 3216 1038 3260 me
1067 3193 1365 3270 scribere,
1396 3215 1477 3258 ne
1507 3192 1791 3257 facerent
1816 3200 1963 3255 ante
1990 3210 2184 3273 quam

167 3304 264 3369 ego
307 3310 435 3354 rem
487 3308 882 3372 causamque
935 3286 1351 3375 cognossem?
1410 3306 1542 3350 non
1592 3293 1911 3369 poteram,
1972 3282 2183 3357 crede,

167 3390 286 3445 ante
313 3380 614 3459 hiemem;
651 3382 743 3447 sic
778 3382 950 3447 enim
985 3381 1242 3447 scribis:
1276 3378 1465 3465 quasi
1499 3398 1651 3445 vero
1680 3377 1765 3441 ad
1795 3396 2185 3461 cognoscen-

168 3470 292 3537 dum
323 3498 440 3563 ego
473 3478 560 3543 ad
593 3477 758 3556 illos,
793 3499 925 3542 non
960 3477 1054 3542 illi
1087 3478 1174 3543 ad
1207 3498 1312 3541 me
1347 3474 1563 3541 venire
1600 3472 1955 3539 debuerint.
2024 3477 2184 3535 ‘tam

167 3562 384 3652 longe?
433 3571 669 3656 inquis.
758 3571 953 3655 quid?
1008 3593 1157 3636 cum
1191 3570 1393 3636 dabas
1427 3569 1508 3634 iis
1551 3568 1821 3645 litteras,
1867 3589 1982 3652 per
2025 3585 2185 3648 quas

170 3676 382 3727 mecum
417 3665 688 3751 agebas,
731 3688 816 3731 113
851 3687 961 3731 eos
997 3664 1407 3751 impedirem,
1451 3685 1579 3749 quo
1624 3662 1835 3727 minus
1870 3671 2017 3725 ante
2050 3657 2187 3723 hie-

169 3772 309 3819 mem
347 3758 780 3838 aedificarent,
823 3782 954 3826 non
975 3762 980 3767 '
1000 3782 1118 3825 eos·
1145 3759 1231 3825 ad
1275 3781 1379 3825 me
1416 3769 1719 3824 venturos
1754 3752 2186 3820 arbitrabare?

171 3852 388 3917 tametsi
425 3854 497 3919 id
540 3856 798 3940 quidem
843 3856 1136 3922 fecerunt
1179 3854 1479 3931 ridicule3
1532 3874 1695 3938 quas
1730 3849 1899 3916 enim
1941 3848 2185 3913 litteras

171 3939 525 4025 adferebant,
559 3959 632 4015 ut
667 3972 830 4037 opus
866 3962 1110 4017 aestate
1144 3950 1362 4016 facere
1395 3956 1677 4035 possent,
1713 3966 1822 4011 eas
1851 3942 2007 4007 mihi
2041 3954 2186 4029 post

173 4028 430 4105 brumam
459 4042 888 4113 reddiderunt.
961 4046 1075 4113 sed
1111 4045 1269 4112 scito
1306 4054 1371 4111 et
1405 4043 1609 4109 multo
1643 4038 1843 4126 pluris
1878 4060 2038 4116 esse,
2072 4042 2187 4128 qui
