2675 4559
445 274 570 339 110
1049 284 1128 338 M.
1166 282 1441 340 TULLII
1476 280 1878 339 CICERONIS

367 456 370 459 -
440 413 624 488 bare,
679 409 966 486 defendi,
1022 418 1113 486 et,
1170 430 1319 471 cum
1364 404 1433 471 in
1476 406 1572 471 tui
1614 404 2092 472 familiarissimi
2132 406 2371 474 iudicio
2423 432 2504 477 ac

440 506 723 592 periculo
760 516 944 571 tuum
987 504 1230 569 crimen
1263 503 1785 589 conjungeretur,
1832 514 1907 568 ut
1938 502 2122 588 potui
2154 505 2505 569 accuratis·-

439 602 598 665 sime
626 612 692 666 te
717 610 1023 684 mamque
1051 620 1311 665 causam
1342 607 1583 663 tutatus
1614 620 1778 675 sum,
1816 609 1881 663 et
1914 597 2224 683 proxime,
2254 599 2507 665 recenti

442 696 725 761 adventu
757 714 931 772 mec,
977 716 1127 760 cum
1169 714 1305 759 rem
1351 690 1531 757 aliter
1574 692 1933 757 institutam
1976 692 2391 759 offendissem
2423 715 2503 759 ac

439 789 595 853 mihi
631 789 1001 874 placuisset,
1041 788 1095 853 si
1129 788 1510 863 adfuissem,
1554 797 1771 851 tamen
1804 786 1983 852 nulla
2014 810 2087 852 re
2122 787 2315 852 saluti
2350 800 2501 854 tuae

441 883 648 960 defui3
693 904 968 967 cumque
1015 904 1092 948 eo
1128 892 1413 967 tempore
1458 880 1703 946 invidia
1736 902 2057 960 annonae,
2092 881 2337 947 inimici
2370 905 2501 947 non

442 978 652 1045 solum
687 977 814 1053 tui,
857 998 1082 1043 verum
1119 976 1310 1043 etiam
1348 976 1699 1041 amicorum
1734 986 2019 1053 tuorum,
2063 976 2367 1061 iniquitas
2405 988 2499 1043 to-

438 1072 566 1135 tius
611 1070 833 1136 iudicii
883 1072 1214 1155 multaque
1259 1070 1387 1135 alia
1428 1070 1521 1135 rei
1572 1068 1867 1155 publicae
1912 1069 2067 1134 vitia
2107 1071 2255 1156 plus
2300 1092 2498 1154 quam

441 1188 636 1231 causa
667 1166 810 1251 ipsa
845 1166 1203 1249 veritasque
1239 1164 1607 1241 valuissent,
1646 1163 1883 1229 Publio
1917 1174 2031 1230 tuo
2056 1186 2267 1249 neque
2302 1186 2499 1251 opera

441 1282 649 1343 neque
703 1258 964 1325 consilio
1016 1280 1226 1342 neque
1279 1259 1499 1324 labore
1542 1279 1753 1342 neque
1800 1258 2009 1345 gratia
2057 1278 2269 1342 neque
2321 1258 2498 1324 testi-

441 1354 656 1418 monio
701 1352 899 1417 defui.
995 1374 1192 1436 quam
1238 1353 1322 1418 ob
1366 1376 1503 1419 rem
1548 1353 1845 1419 omnibus
1897 1353 2125 1418 officiis
2178 1353 2499 1421 amicitiae

441 1447 778 1531 diligenter
813 1470 854 1511 a
885 1468 990 1511 me
1035 1456 1381 1531 sancteque
1426 1446 1695 1513 servatis
1728 1469 1811 1513 ne
1856 1446 1979 1513 hoc
2012 1447 2274 1532 quidem
2311 1470 2499 1534 prae-

437 1540 916 1605 termittendum
951 1562 1090 1607 esse
1125 1540 1309 1619 duxi,
1364 1553 1427 1608 te
1472 1552 1548 1606 ut
1589 1541 1876 1607 hortarer
1916 1562 2343 1647 rogaremque
2355 1589 2375 1620 ,
2429 1553 2499 1607 ut

436 1646 502 1700 et
535 1634 859 1702 hominem
905 1647 970 1701 te
1005 1646 1070 1701 et
1111 1636 1320 1701 virum
1356 1658 1495 1701 esse
1540 1635 1966 1713 meminisses,
2018 1636 2087 1700 id
2134 1646 2259 1713 est,
2316 1648 2393 1701 ut
2436 1648 2499 1701 et

436 1750 843 1795 communem
875 1730 1314 1815 incertumque
1346 1752 1586 1809 casum,
1622 1751 1816 1814 quem
1848 1751 2058 1814 neque
2084 1730 2287 1795 vitare
2324 1730 2497 1815 quis-

436 1846 634 1907 quam
666 1824 954 1890 nostrum
988 1847 1108 1890 nec
1141 1836 1467 1911 praestare
1500 1824 1631 1889 ullo
1668 1835 1858 1910 pacto
1893 1834 2131 1911 potest,
2176 1822 2499 1911 sapienter

436 1918 638 1985 ferres
674 1930 740 1984 et
783 1918 988 1985 dolori
1029 1918 1276 1984 fortiter
1319 1940 1398 1983 ac
1441 1917 1737 1983 fortunae
1780 1918 2105 1985 resisteres
2152 1920 2498 2005 cogitares-

435 2034 564 2097 que
597 2024 663 2078 et
695 2012 764 2077 in
798 2024 1018 2078 nostra
1051 2012 1308 2078 civitate
1335 2022 1403 2078 et
1434 2013 1503 2076 in
1528 2012 1775 2090 ceteris,
1812 2034 1977 2096 quae
2003 2036 2217 2079 rerum
2250 2015 2497 2099 potitae

439 2119 606 2185 sunt,
642 2108 855 2172 multis
891 2108 1252 2173 fortissimis
1281 2118 1474 2193 atque
1508 2108 1762 2194 optimis
1787 2107 1939 2173 viris
1966 2108 2217 2175 iniustis
2241 2109 2499 2175 iudiciis

437 2202 578 2265 talis
614 2224 800 2267 casus
834 2202 1152 2267 incidisse.
1238 2203 1401 2267 illud
1436 2204 1679 2268 utinam
1714 2226 1795 2269 ne
1831 2225 1981 2268 vere
2016 2202 2383 2281 scriberem,
2422 2226 2497 2269 ea

436 2314 499 2362 te
533 2320 603 2363 re
637 2298 896 2384 publica
932 2320 1177 2376 carere,
1221 2299 1290 2364 in
1335 2320 1467 2383 qua
1506 2299 1829 2365 neminem
1872 2298 2253 2385 prudentem
2288 2296 2495 2363 homi-

436 2414 584 2457 nem
619 2415 721 2458 res
757 2393 888 2459 ulla
923 2393 1222 2459 delectet!
1277 2393 1359 2460 de
1404 2405 1517 2459 tuo
1554 2405 1769 2481 autem
1810 2394 1943 2459 filio
1957 2440 1977 2471 ,
2018 2415 2245 2459 vereor
2276 2416 2393 2472 ne,
2440 2394 2494 2459 si

434 2486 592 2551 nihil
628 2488 712 2552 ad
755 2498 818 2554 te
855 2489 1248 2575 scripserim,
1293 2488 1579 2555 debitum
1616 2488 1751 2553 eius
1788 2488 2009 2553 virtuti
2051 2488 2271 2554 videar
2316 2490 2494 2553 testi-

433 2582 718 2647 monium
779 2605 910 2648 non
963 2582 1214 2649 dedisse
1227 2632 1246 2661 ,
1309 2585 1409 2649 sin
1466 2594 1682 2649 autem
1734 2583 1976 2660 omnia,
2037 2604 2202 2667 quae
2262 2584 2493 2661 sentiO,

433 2678 936 2763 perscripserim,
999 2702 1082 2744 ne
1132 2678 1429 2744 refricem
1482 2678 1642 2743 meis
1693 2677 1917 2743 litteris
1972 2675 2361 2743 desiderium
2417 2700 2495 2742 ac

433 2772 716 2837 dolorem
752 2783 962 2843 tuum:
1019 2772 1134 2838 sed
1169 2783 1387 2838 tamen
1419 2772 1911 2857 prudentissime
1944 2771 2183 2882 facies,
2228 2772 2282 2835 si
2316 2772 2491 2838 illius

431 2866 762 2950 pietatem,
816 2867 1146 2944 virtutem,
1198 2866 1607 2943 industriam,
1661 2866 2050 2951 ubicumque
2096 2866 2252 2942 eris,
2305 2877 2493 2931 tuam

431 2982 598 3036 esse,
662 2971 875 3025 tecum
935 2983 1074 3027 esse
1098 2960 1365 3053 duces3
1399 2982 1521 3025 nec
1582 2961 1752 3025 enim
1803 2962 2014 3026 minus
2066 2971 2285 3025 nostra
2338 2972 2493 3026 sunt

431 3074 596 3135 quae
649 3054 862 3119 animo
910 3012 1369 3142 conplectimur
1420 3076 1617 3139 quam
1669 3076 1835 3139 quae
1891 3052 2091 3119 oculis
2142 3055 2489 3120 intuemur.

430 3168 624 3230 quam
668 3148 752 3213 ob
796 3171 932 3215 rem
977 3161 1042 3215 et
1089 3149 1260 3215 illius
1315 3150 1551 3215 eximia
1603 3149 1803 3214 virtus
1851 3170 2271 3233 summusque
2306 3148 2378 3213 in
2425 3160 2491 3214 te

429 3265 609 3307 amor
642 3266 917 3330 magnae
961 3244 1080 3309 tibi
1115 3244 1531 3311 consolationi
1567 3242 1759 3309 debet
1792 3264 1962 3318 esse,
2006 3260 2071 3307 et
2106 3264 2223 3307 nos
2260 3243 2493 3309 ceteri-

427 3359 584 3420 que,
621 3338 734 3421 qui
769 3352 832 3403 te
866 3360 996 3403 non
1033 3362 1113 3404 ex
1147 3338 1425 3414 fortuna,
1463 3338 1577 3403 sed
1612 3360 1693 3402 ex
1730 3338 1965 3403 virtute
1999 3346 2112 3401 tua
2144 3335 2492 3421 pendimus

427 3454 806 3517 semperque
853 3433 1236 3517 pendemus,
1283 3444 1349 3497 et
1390 3432 1669 3497 maxime
1704 3430 1901 3497 animi
1945 3430 2041 3496 tui
2077 3432 2489 3509 conscientia,

425 3548 572 3590 cum
602 3526 719 3591 tibi
743 3526 902 3589 nihil
928 3525 1153 3591 merito
1183 3525 1491 3590 accidisse
1518 3524 1845 3610 reputabis
1872 3536 1937 3591 et
1962 3524 2121 3590 illud
2149 3524 2489 3612 adiunges,

425 3618 715 3685 homines
761 3618 1064 3705 sapientis
1109 3618 1533 3705 turpitudine,
1581 3641 1711 3685 non
1746 3641 1931 3697 casu,
1978 3630 2043 3684 et
2076 3618 2309 3685 delicto
2346 3642 2489 3697 suc,

423 3738 553 3780 non
588 3712 910 3779 aliorum
891 3712 1123 3777 iniuria
1158 3714 1567 3779 commoveri.
1631 3736 1753 3800 ego
1788 3726 1853 3780 et
1886 3713 2194 3779 memoria
2227 3722 2491 3780 nostrae

423 3809 654 3875 veteris
689 3807 1004 3872 amicitiae
1039 3824 1102 3871 et
1136 3805 1372 3872 virtute
1408 3817 1600 3891 atque
1628 3806 2031 3875 observantia
2062 3806 2179 3872 filii
2214 3806 2327 3871 tui
2346 3830 2490 3873 mo-

421 3904 592 3968 nitus
627 3903 803 3968 nullo
844 3904 986 3969 loco
1023 3903 1214 3969 deero
1257 3924 1468 3987 neque
1514 3902 1597 3967 ad
1642 3901 2097 3967 consolandam
2139 3922 2355 3987 neque
2402 3902 2489 3967 ad

420 3996 758 4061 levandam
792 3996 1114 4063 fortunam
1149 4008 1355 4061 tuam:
1393 4007 1466 4061 tu
1492 3996 1548 4061 si
1572 3995 1729 4079 quid
1764 3995 1846 4060 ad
1881 4018 1983 4061 me
2018 3994 2183 4061 forte
2210 3995 2491 4083 scripse-

420 4089 526 4165 ris,
562 4089 889 4174 perficiam
921 4114 1002 4157 ne
1039 4104 1102 4157 te
1135 4091 1377 4157 frustra
1412 4089 1735 4175 scripsisse
1771 4089 2095 4156 arbitrere.
