2675 4559
207 253 281 381 ‘35
771 265 1329 325 EPISTOLARUM
1363 268 1492 324 xv.
1530 271 1580 324 1.
1601 272 1652 325 2.
2117 256 2247 330 375

286 391 362 456 'te
396 411 529 456 non
566 388 785 467 deerit,
823 411 1009 476 spero
1045 413 1128 456 ne
1164 390 1504 456 consilium
1539 392 1816 477 quidem.
1873 397 2030 481 quid
2065 419 2248 464 casu-

375 485 486 563 sit,
538 484 853 549 incertum
898 494 1022 549 est:
1077 485 1323 550 utinam
1369 486 1560 550 saluti
1608 499 1867 556 nostrae
1919 494 2247 560 consulere

326 578 536 645 ,rmusl
591 579 888 666 dignitati
924 589 1096 645 certe
1132 580 1560 665 consulemus.

1174 747 1252 802 H.

327 850 447 908 Ser.
472 850 536 905 in
568 848 767 906 itinere
804 866 873 905 ex
907 850 1105 904 castris
1142 851 1217 905 ad
1252 850 1519 922 Cybistra
1543 853 1604 906 in
1629 852 1886 909 Ciliciam
1919 872 2112 912 mense

884 933 1204 1006 Septembri
1222 955 1274 994 a.
1292 955 1350 991 u.
1371 956 1419 992 c.
1441 938 1560 993 703.

185 1041 262 1096 M.
300 1036 646 1097 TULLIUS
681 1037 760 1092 M.
796 1037 864 1093 F.
903 1037 1179 1096 CICERO
1214 1038 1528 1097 PROCOS.
1567 1040 1626 1098 S.
1659 1041 1735 1098 D.
1773 1041 1930 1100 COS.
1964 1044 2085 1100 PR.
2125 1046 2246 1102 ΤΒ.

963 1123 1085 1179 PL.
1122 1124 1479 1184 SENATUI.

319 1238 390 1305 S.
426 1261 488 1304 v.
525 1261 587 1303 v.
628 1241 684 1304 b.
722 1263 777 1305 e.
815 1262 871 1306 e.
908 1262 970 1324 q.
1006 1263 1068 1305 v.
1107 1263 1253 1307 cum
1287 1262 1384 1326 pr.
1421 1243 1511 1306 K.
1535 1241 1771 1308 Sext.
1750 1267 1820 1308 ιιι
1853 1246 2249 1340 provinciam

186 1333 505 1400 venissem
548 1355 758 1418 neque
800 1334 1114 1400 maturius
1159 1347 1422 1420 propter
1456 1337 1760 1402 itinerum
1795 1350 1859 1404 et
1891 1341 2250 1427 navigatio-

184 1451 344 1494 num
386 1427 830 1494 difficultatem
873 1429 1093 1495 venire
1145 1430 1527 1514 potuissem,
1579 1433 1861 1498 maxime
1907 1436 2245 1501 convenire

186 1522 399 1588 officio
437 1545 580 1588 meo
616 1523 836 1607 reique
871 1523 1169 1609 publicae
1206 1525 1562 1591 conducere
1597 1529 1848 1611 putavi,
1887 1551 2114 1615 parare
2149 1554 2245 1606 ea,

185 1642 352 1704 quae
380 1619 464 1684 ad
491 1619 842 1684 exercitum
869 1630 1165 1704 quaeque
1193 1621 1277 1685 ad
1300 1644 1439 1686 rem
1465 1621 1803 1687 militarem
1830 1626 2244 1708 pertinerent3

185 1737 351 1800 quae
387 1735 536 1778 cum
571 1725 784 1779 essent
820 1737 858 1778 a
892 1736 996 1779 me
1033 1736 1194 1779 cura.
1219 1715 1426 1800 magis
1465 1725 1527 1780 et
1564 1715 1894 1802 diligentia
1919 1739 2116 1801 quam
2149 1719 2249 1783 fa-

186 1808 424 1875 cultate
474 1818 535 1873 et
570 1808 757 1894 copia
803 1809 1148 1874 constituta
1180 1809 1516 1893 nuntiique
1561 1821 1627 1875 et
1668 1810 1918 1877 litterae
1961 1813 2041 1877 de
2079 1813 2245 1878 bello

185 1929 225 1969 a
258 1903 521 1968 Parthis
554 1904 623 1968 in
656 1904 1050 1989 provinciam
1079 1903 1339 1990 Syriam
1373 1905 1570 1970 inlato
1599 1906 1829 1972 cotidie
1864 1907 2000 1973 fere
2037 1909 2247 1974 adfer-

185 2006 427 2076 rentur,
463 2000 584 2064 iter
609 1999 766 2064 mihi
799 1999 1169 2066 faciendum
1192 2022 1311 2086 per
1328 2001 1729 2086 Lycaoniam
1757 2013 1821 2067 et
1853 2024 1970 2088 per
1987 2004 2246 2070 Isauros

186 2104 250 2159 et
292 2116 410 2179 per
446 2091 927 2178 Cappadociam
973 2094 1313 2160 arbitratus
1362 2119 1524 2160 sum.
1616 2106 1752 2161 erat
1797 2097 1966 2161 enim
2012 2121 2248 2184 magna

187 2187 454 2273 suspitio
467 2235 486 2265 ,
522 2187 827 2266 Parthos,
865 2190 921 2254 si
955 2213 1035 2255 ex
1073 2187 1265 2274 Syria
1300 2191 1520 2275 egredi
1556 2202 1747 2275 a'tque
1782 2191 2146 2279 inrumpere
2180 2194 2248 2256 in

184 2305 394 2348 meam
429 2282 826 2368 provinciam
859 2296 1261 2362 conarentur,
1299 2285 1421 2351 iter
1456 2308 1565 2350 eos
1599 2307 1717 2371 per
1746 2283 2246 2372 Cappadociam,

183 2376 361 2461 quod
395 2399 473 2442 ea
506 2377 784 2443 maxime
820 2389 1085 2464 pateret,
1123 2401 1266 2459 esse
1292 2379 1595 2444 facturos.
1649 2380 1865 2466 itaque
1892 2404 2042 2446 cum
2067 2405 2248 2448 exer·
2300 2436 2303 2443 .

183 2471 315 2535 citu
350 2492 468 2556 per
486 2468 938 2557 Cappadociae
975 2483 1224 2558 partem
1260 2496 1425 2551 eam,
1462 2492 1629 2557 quae
1666 2497 1814 2540 cum
1834 2473 2063 2541 Cilicia
2099 2498 2249 2541 con·

182 2564 391 2630 tinens
428 2576 545 2641 est,
577 2565 698 2631 iter
731 2566 857 2631 feci
894 2577 1229 2651 castraque
1267 2567 1351 2631 ad
1371 2564 1694 2652 Cybistra,
1733 2568 1905 2651 quod
1941 2570 2250 2654 oppidum

182 2671 277 2724 est
313 2658 400 2724 ad
434 2670 717 2727 montem
742 2659 1053 2737 Taurum,
1088 2661 1317 2739 locavi,
1353 2673 1427 2726 ut
1453 2662 1836 2738 Artuasdes,
1872 2683 1986 2726 rex
2014 2663 2250 2728 Arme-

180 2755 358 2832 nius,
412 2774 822 2838 quocumque
859 2755 1073 2820 animo
1110 2765 1306 2831 esset,
1361 2755 1553 2820 sciret
1593 2777 1725 2820 non
1768 2754 1992 2840 procul
2040 2778 2080 2818 a
2115 2755 2246 2822 suis

180 2849 417 2913 finibus
473 2847 825 2914 exereitum
886 2849 1108 2936 populi
1160 2849 1439 2915 Romani
1493 2871 1662 2926 esse,
1726 2859 1792 2913 et
1841 2846 2248 2926 Deiotarum,

181 2941 626 3008 fidelissimum
670 2965 892 3029 regem
937 2954 1130 3027 atque
1175 2942 1632 3009 amicissimum
1665 2941 1759 3007 rei
1802 2941 2098 3026 publicae
2134 2965 2250 3008 no-

183 3047 384 3113 strae,
420 3036 702 3101 maxime
737 3037 1148 3102 coniunctum
1181 3036 1515 3114 haberem,
1561 3035 1742 3101 cuius
1777 3046 1842 3101 et
1885 3037 2148 3103 consilio
2185 3049 2250 3103 et

183 3130 417 3217 opibus
472 3130 763 3196 adiuvari
816 3143 1034 3219 posset
1085 3154 1187 3197 res
1238 3131 1516 3218 publica.
1605 3150 1732 3213 quo
1787 3153 1934 3195 cum
1986 3131 2055 3195 in
2105 3133 2248 3198 loco

184 3236 393 3290 castra
428 3223 733 3291 haberem
770 3226 1254 3310 equitatumque
1289 3227 1359 3291 in
1379 3223 1674 3291 Ciliciam
1708 3223 2044 3301 misissem,
2081 3235 2156 3289 ut
2185 3237 2250 3290 et

181 3342 366 3386 meus
420 3320 736 3386 adventus
778 3321 857 3386 iis
906 3321 1300 3398 civitatibus,
1349 3343 1516 3406 quae
1560 3321 1628 3384 in
1675 3342 1754 3385 ea
1795 3329 1978 3406 parte
2015 3330 2247 3397 essent,

182 3415 515 3480 nuntiatus
559 3415 871 3482 firmiores
918 3416 1163 3481 animos
1211 3416 1498 3480 omnium
1548 3414 1792 3481 faceret
1835 3425 1900 3480 et
1945 3436 2068 3499 ego
2111 3436 2249 3478 ma-

182 3521 355 3588 ture,
392 3509 551 3594 quid
586 3522 886 3597 ageretur
918 3511 987 3575 in
1026 3509 1246 3596 Syria,
1285 3510 1447 3575 scire
1481 3532 1770 3597 possem,
1817 3519 2071 3593 tempus
2109 3507 2247 3572 eius

182 3605 410 3682 tridui,
465 3605 639 3689 quod
684 3605 751 3669 in
794 3604 874 3670 iis
911 3605 1132 3670 castris
1175 3605 1504 3683 morabar,
1556 3606 1626 3670 in
1659 3624 1897 3689 magno
1934 3601 2146 3667 officio
2183 3612 2249 3667 et

180 3699 545 3784 necessario
582 3699 740 3766 mihi
773 3699 1143 3785 ponendum
1178 3698 1421 3784 putavi.
1495 3721 1645 3764 cum
1679 3698 1850 3764 enim
1885 3707 2097 3761 vestra
2132 3718 2248 3760 au—

184 3794 446 3859 ctoritas
480 3793 966 3871 intercessisset,
1002 3804 1075 3858 ut
1112 3816 1233 3879 ego
1267 3814 1489 3879 regem
1507 3791 2013 3857 Ariobarzanem
2040 3789 2248 3855 Euse-

182 3889 348 3953 bem
390 3898 454 3954 et
515 3887 1084 3954 Philorhomaeum
1135 3898 1349 3953 tuerer
1401 3887 1666 3971 eiusque
1728 3885 1898 3971 regis
1954 3884 2248 3960 salutem,

181 3972 690 4049 incolumitatem
751 4004 1151 4070 regnumque
1214 3981 1657 4058 defenderem,
1727 3979 1870 4065 regi
1919 3999 2250 4064 regnoque

180 4077 507 4164 praesidio
541 4099 779 4158 essem,
825 4077 1404 4163 adiunxissetisque
1441 4076 1716 4144 salutem
1751 4073 1891 4140 eius
1924 4073 2097 4160 regis
2134 4094 2248 4159 po-
