2675 4559
910 285 1247 329 ADNOTATIO
1287 286 1533 328 CRITICA·
2144 282 2320 331 XLIII

166 398 220 451 Μ.
248 428 302 437 -
331 413 482 467 quam
513 414 649 467 crya
683 414 768 451 me
798 416 832 451 a
855 400 1086 467 pueritia
1115 399 1204 451 ha·
1242 415 1353 451 esse
1374 397 1565 469 Kleyn
1583 414 1639 467 p.
1656 404 1733 452 10.
1780 396 1988 463 Quidni
2012 398 2179 453 etiam
2204 416 2319 453 eum

164 476 315 527 bmkses
353 477 448 526 aut
487 490 652 543 quam
693 477 750 527 in
789 492 869 529 me
909 494 946 529 a
979 475 1208 545 pueritia
1241 492 1320 529 me
1344 478 1481 529 exitu
1504 475 1533 528 Ῥ
1553 506 1623 516 -
1646 477 1783 528 ext-itu
1807 476 2056 546 rebusque
2079 474 2189 528 M1:
2215 479 2322 529 exi-

160 551 419 605 eontulzsses
450 554 610 605 recte
655 550 1000 607 desideravit
1033 552 1206 605 Erne-
1245 562 1355 605 tum
1376 552 1531 605 rebus
1554 568 1700 623 quem
1720 551 1819 605 M2.
1852 554 1871 621 fl
1894 557 1942 605 2.
1961 554 2219 606 rodanum
2242 552 2317 605 M.

159 628 280 680 atius.
299 656 366 666 —-
393 629 571 681 attulit
601 643 741 682 nos:
773 630 1057 683 atmlmm
1087 627 1205 694 Mk‚
1240 658 1309 669 —-
1334 646 1450 682 cum
1474 630 1579 682 tria
1600 631 1767 683 millia
1789 627 1865 681 Μ.
1889 658 1961 669 -
1982 629 2247 683 constituti
2264 637 2322 682 ut

159 705 365 756 Μυῖα-ατ
391 702 735 758 Lambinus.
775 706 796 773 ΙΙ
835 711 884 758 2.
917 722 1074 758 rusus
1105 704 1204 758 Ml.
1241 704 1315 759 M.
1336 736 1405 747 -—
1428 708 1551 772 huc]
1574 707 1669 759 hoc
1694 704 1767 757 M.
1788 734 1856 745 -
1880 707 2025 773 mim]
2051 706 2125 758 mi
2145 704 2262 758 Mk.
2291 706 2311 773 ΙΙ

156 778 220 833 cf.
240 778 333 848 IX,
359 785 408 849 9,
435 785 485 833 3.
515 810 586 821 —
612 782 708 849 iis]
731 783 809 835 Ia's
831 781 906 835 M.
927 812 994 821 —
1017 782 1074 833 in
1095 797 1204 850 rep.
1243 789 1289 835 3.
1319 784 1533 836 caedam
1557 780 1632 834 Μ.
1660 812 1726 821 --
1751 782 1971 849 Rcrm‘o]
1999 782 2161 848 sartio
2186 781 2261 834 Μ.

157 854 212 907 Μ.
233 887 290 896 -
317 857 536 911 maioris
569 857 652 911 M.
696 858 716 928 fl
763 864 812 911 3.
847 875 932 911 res
963 872 1104 912 corr.
1141 874 1208 911 ex
1307 859 1414 928 Ep.
1440 864 1521 911 12.
1546 857 1593 927 ξ.
1620 864 1665 909 1.
1693 858 1902 925 adferat
1918 858 2080 931 (corr.
2102 858 2226 913 ead.
2247 874 2321 913 m.

157 950 226 985 m·
243 931 308 987 M.
328 964 390 973 —·
408 935 686 1003 potuisses
709 929 850 989 corr.
875 951 943 989 ex
957 935 1209 1003 potuisset
1243 952 1310 991 ex
1333 933 1529 1002 adfert)
1564 933 1650 986 M:
1684 934 1858 1000 adfert
1883 934 1937 987 k.
1960 964 2033 975 -
2062 936 2324 1004 yratiores

153 1007 210 1060 M.
231 1012 520 1079 -proprie
553 1010 902 1065 Lambinus:
929 1012 1208 1081 proprium
1241 1010 1557 1067 Manutius:
1612 1012 1887 1079 yrauiores
1930 1010 2008 1063 M.
2057 1040 2123 1051 -—
2172 1021 2323 1063 erant

153 1082 244 1137 Mk.
283 1084 363 1140 cf.
387 1086 506 1156 IX,
541 1094 608 1141 15
627 1127 644 1157 ‚
675 1094 722 1139 1.
748 1087 824 1155 X,
852 1093 936 1156 24,
963 1094 1012 1141 8.
1036 1116 1106 1129 --—
1127 1088 1207 1140 in·
1241 1098 1477 1158 spectata
1506 1086 1583 1139 M.
1608 1116 1679 1127 --
1702 1088 1897 1157 quoad]
1934 1088 2070 1156 quod
2100 1086 2186 1151 M,
2220 1104 2323 1155 quo

153 1162 398 1217 aeds'bilest
420 1162 500 1218 M.
1243 1165 1357 1221 alii.
1386 1165 1411 1235 fl
1448 1170 1496 1217 2.
1530 1164 1665 1217 venit
1696 1165 1755 1217 T.
1791 1164 2063 1217 Munatius
2099 1160 2322 1215 Schiitz.

201 1237 290 1307 Ep.
315 1244 360 1292 6.
385 1240 434 1311 5.
465 1246 514 1293 1.
539 1243 846 1313 populoque
867 1242 1138 1306 Romano]
1149 1257 1205 1311 p.
1243 1274 1308 1283 --
1332 1242 1436 1295 sibi
1456 1258 1491 1294 a
1514 1244 1587 1305 te]
1622 1240 1715 1292 tibi
1733 1257 1769 1293 a
1790 1257 1848 1293 se
1870 1238 1945 1292 M.
1974 1240 1993 1311 ss
2026 1244 2072 1291 3.
2098 1245 2215 1292 erat
2236 1238 2324 1292 bis

153 1332 186 1365 r.
205 1312 268 1366 M.
292 1344 358 1355 --
372 1320 596 1385 positis]
620 1322 794 1387 possit
815 1320 888 1371 eis
911 1316 987 1371 M.
1012 1348 1081 1358 —-
1106 1334 1207 1386 pa·
1243 1317 1509 1387 deinceps
1538 1316 1713 1371 habet
1732 1316 1819 1384 M,
1856 1315 1956 1371 sed
1990 1316 2167 1370 altero
2198 1314 2323 1369 loco

46 1436 49 1451 2
153 1392 344 1447 denda-st
362 1392 438 1447 M.
467 1395 488 1460 ΙΙ
516 1400 566 1447 2.
595 1395 708 1448 nisi
737 1403 902 1449 tecum
925 1394 1209 1447 libertatem
1244 1394 1489 1450 deletum
1514 1398 1614 1448 est.
1640 1394 1659 1463 ΙΙ
1696 1399 1746 1446 4.
1772 1398 1947 1465 quem]
1971 1390 2221 1451 Litteras
2244 1408 2323 1445 em

153 1464 210 1518 M.
230 1497 288 1507 —
309 1470 393 1537 iis]
429 1472 510 1523 his
543 1468 630 1524 M.
669 1472 691 1540 ΙΙ
739 1477 788 1525 8.
823 1471 880 1523 in
909 1471 1210 1539 per-batione
1243 1488 1310 1526 ex
1331 1469 1676 1525 correctione
1710 1470 1771 1523 in
1793 1486 1992 1525 rasura
2022 1469 2198 1524 habet
2218 1468 2321 1521 M2.

46 1590 49 1603 .
154 1540 228 1596 Ml.
248 1574 312 1585 —
331 1549 650 1601 consulares
672 1546 864 1619 Kleyn
898 1548 976 1617 (p.
1005 1553 1052 1601 9.
1079 1547 1206 1601 coll.
1242 1580 1312 1591 -
1331 1556 1685 1618 quantamque
1715 1546 1927 1615 (littera
1948 1564 2001 1599 m
2035 1546 2217 1617 erasa)
2240 1544 2320 1597 M.

46 1680 48 1683 y
155 1616 244 1673 cie.
265 1620 502 1694 Philipp.
530 1623 675 1693 VII,
701 1624 806 1695 5.):
831 1626 1068 1679 consules
1090 1624 1206 1678 Mk.
1243 1656 1310 1666 -—
1335 1640 1491 1695 quam
1524 1628 1659 1687 tum]
1691 1633 1945 1692 quantum
1966 1620 2041 1676 Μ.
2078 1624 2099 1693 ΙΙ
2132 1630 2179 1676 5.
2216 1626 2323 1675 col-

46 1714 49 1721 ·
151 1724 206 1735 --
239 1706 302 1749 est
335 1715 464 1753 nos:
509 1716 630 1755 om.
671 1700 790 1755 Mk.
833 1730 903 1743 --
943 1702 1214 1755 consulari
1245 1704 1430 1755 lectam
1498 1717 1562 1753 ex
1624 1700 1939 1751 inanissimis
1994 1698 2321 1753 Lambinus,

159 1769 456 1831 Cratander:
491 1780 796 1833 consularis
827 1778 904 1832 M.
931 1810 997 1819 —-
1031 1780 1212 1833 deinde
1244 1777 1399 1832 Fort.
1444 1776 1735 1843 confectam
1772 1776 2208 1863 inanissimis.X-—
2238 1775 2323 1841 fu-

158 1857 192 1901 te
209 1846 472 1909 Manutius
485 1872 502 1907 z
537 1857 728 1909 deinde
759 1864 809 1909 et
831 1855 906 1909 M.
929 1884 1000 1895 -—
1024 1865 1080 1909 ut
1103 1869 1212 1925 ego
1241 1856 1391 1925 yatia
1414 1853 1493 1925 (ia
1514 1853 1575 1905 in
1598 1852 1819 1922 rasura)
1844 1852 2045 1905 caduca
2068 1853 2324 1903 existima-

161 1925 340 1981 seclusi.
371 1961 442 1971 —-
474 1942 592 1987 tum
626 1934 682 1985 in
713 1930 1026 1987 Manutius:
1069 1941 1124 1985 tu
1155 1933 1212 1984 in
1244 1933 1410 1985 nerim
1434 1970 1447 1983 .
1472 1932 1629 1985 decus
1660 1926 1736 1980 M.
1760 1958 1831 1967 —
1860 1930 2155 1997 complexus
2190 1937 2327 1979 tenes

159 1998 217 2053 Μ.
245 2033 306 2043 -
340 2007 393 2058 in
433 2010 750 2079 aperiendo
791 2026 879 2062 ea.
895 2007 1208 2063 Manutius:
1247 2006 1488 2063 Orellius
1522 2005 1672 2078 (coll.
1707 2022 1809 2075 pro
1840 2002 2078 2059 Fonteio
2112 2003 2160 2073 ξ.
2188 2002 2326 2073 36.):

159 2078 200 2128 in
217 2085 504 2148 expert‘erzdo
528 2089 592 2139 in
617 2104 682 2139 ea
701 2084 778 2139 M.
1245 2087 1543 2155 complexus
1588 2100 1644 2137 es
1695 2093 1807 2136 tene
1860 2081 1996 2154 (sed
2045 2080 2150 2134 litt.
2194 2098 2221 2132 s
2268 2078 2327 2132 in

213 2153 302 2225 Ep.
325 2164 372 2212 8.
397 2160 447 2231 §-
475 2168 526 2217 2.
554 2179 757 2233 mayna
777 2163 904 2215 mihi
921 2164 1031 2231 ipse
1051 2160 1211 2217 Ruti-
1245 2162 1415 2217 verbo
1438 2178 1495 2214 es
1518 2177 1585 2215 ex
1608 2160 1947 2215 correctione
1970 2157 2031 2212 in
2050 2172 2248 2212 rasura
2270 2162 2329 2211 et

164 2228 270 2284 lius:
307 2252 498 2307 mayna
539 2242 602 2293 in
643 2256 734 2309 spe
766 2238 841 2292 M.
885 2238 1104 2309 (mayna
1142 2240 1217 2291 mi
1246 2244 1376 2310 post
1405 2238 1637 2293 verbum
1670 2247 1783 2291 tene
1815 2236 2005 2291 litters
2038 2234 2223 2305 erasa)
2247 2233 2324 2301 M,

163 2306 246 2374 ιῬΜ
265 2310 338 2382 k)
361 2344 430 2357 -·
452 2317 672 2382 salutis]
696 2318 824 2370 satis
845 2313 922 2369 M.
945 2315 966 2385 ss
995 2320 1041 2367 Β.
1069 2315 1212 2369 labo·
1249 2316 1542 2385 complexus
1573 2332 1627 2369 es
1660 2323 1707 2368 et
1750 2322 1889 2367 tenes
1930 2312 2043 2367 alii.
2068 2341 2137 2351 —
2169 2312 2326 2363 uitast

168 2384 222 2435 ris
249 2385 314 2441 M.
348 2420 415 2432 --
445 2394 736 2447 eliciendae
768 2390 854 2447 M:
896 2392 1215 2447 adliciendae
1247 2392 1322 2447 M.
1350 2422 1419 2433 -
1440 2392 1646 2452 manati
1664 2388 1741 2443 M.

166 2457 208 2513 k·
235 2492 292 2507 ··-
313 2472 611 2534 potiremur
642 2468 717 2523 M.
761 2471 782 2536 u
824 2475 872 2521 4.
905 2464 1102 2534 invitis]
1133 2470 1212 2521 in·
1314 2470 1423 2539 Ep.
1450 2474 1531 2523 13.
1556 2467 1606 2537 ἓ.
1635 2474 1683 2520 1.
1704 2476 1763 2519 ut
1778 2469 2007 2535 primum
2032 2466 2156 2519 nu'hi
2185 2472 2325 2531 pote—

169 2538 286 2593 “1'011'8
311 2540 386 2599 M.
416 2576 488 2587 -—
519 2562 718 2601 summe
757 2544 943 2599 multi:
983 2561 1216 2599 summae
1246 2556 1358 2601 stas
1380 2546 1583 2613 Index,
1610 2561 1680 2599 ex
1704 2558 1815 2613 quo
1837 2558 2144 2613 pronomen
2168 2539 2326 2595 Cice-

167 2609 258 2669 ΜΚ
285 2618 318 2689 ΙΙ-
337 2626 382 2675 6.
415 2632 654 2693 paratus
693 2632 750 2675 ut
789 2624 870 2676 vel
911 2620 1213 2677 Graevius:
1247 2622 1371 2678 roni
1402 2621 1807 2677 restituendmn
1832 2624 1933 2673 est.
1962 2648 2030 2660 -—
2052 2620 2225 2671 datast
2250 2616 2325 2668 M.

167 2703 351 2754 param
385 2702 474 2753 uel
521 2698 641 2753 Mk.
682 2728 752 2740 -—-
783 2700 1216 2769 prouinciamque
1250 2729 1318 2739 -—
1342 2696 1827 2755 esset,Oratander:
1850 2705 1924 2747 est
1946 2692 2021 2746 M.
2040 2724 2110 2733 —-
2128 2702 2327 2745 senten-

169 2768 233 2819 κεί
251 2768 304 2823 Μ
313 2789 326 2823 :
348 2778 804 2847 provinciamque,
839 2785 897 2830 ut
925 2778 1006 2829 vel
1028 2774 1083 2828 k.
1109 2776 1129 2845 ss
1167 2782 1212 2829 7.
1251 2777 1371 2829 tiast
1392 2774 1469 2829 M.
1494 2778 1515 2845 ΙΙ
1543 2780 1591 2827 2.
1616 2775 1772 2844 quas]
1799 2769 2075 2824 Litteram
2098 2785 2125 2820 s
2157 2768 2216 2820 in
2238 2784 2327 2821 ra-

171 2848 377 2905 “ccedam
419 2856 502 2908 ad
545 2854 766 2907 consilia
810 2852 896 2921 M,
954 2852 1214 2918 accedam,
1251 2868 1383 2906 sura
1414 2850 1592 2905 habet
1620 2848 1698 2901 M.
1730 2878 1801 2887 —--
1833 2847 2121 2901 existimari
2148 2843 2225 2897 Μ.
2260 2874 2329 2883 --

172 2920 258 2987 W]
278 2933 492 2985 consi’lia
514 2930 570 2983 k.
595 2956 677 2970 -ν
697 2931 766 2985 ab
789 2946 928 2999 corr.
953 2944 1024 2983 ex
1044 2930 1118 2982 ad
1138 2926 1213 2983 Μ.
1249 2930 1330 2991 Μ.
1356 2926 1466 2983 del.
1485 2926 1679 2998 Kleyn
1696 2924 1965 2994 Mnemos.
1982 2920 2113 2978 VH.
2133 2939 2189 2992 p.
2212 2926 2328 2974 240.

183 3025 226 3037 -·
243 3017 444 3073 magnus
470 3017 548 3061 est
572 3048 585 3061 .
603 3016 828 3076 paratos
849 3023 938 3060 eos
961 3005 1036 3059 M.
1251 3005 1379 3061 coll.
1404 3003 1517 3073 XI,
1547 3008 1638 3070 -12,
1666 3008 1715 3056 2.
1748 3032 1820 3043 -
1846 3018 1955 3053 non
1988 3002 2227 3054 alancem
2250 2996 2325 3049 M.

223 3073 312 3147 Ep.
336 3086 380 3137 ⁹.
405 3084 458 3155 §-
492 3091 537 3138 1.
563 3086 626 3138 de
647 3100 754 3139 om.
780 3082 855 3137 M.
891 3086 912 3151 ιι
947 3088 996 3137 2.
1020 3100 1101 3137 me
1123 3084 1217 3137 aa·
1252 3113 1320 3123 -
1354 3080 1773 3149 πτολιπόρθιον
1817 3084 1945 3131 nos:
1986 3076 2330 3146 ptoliportion

179 3156 318 3211 ‘vante
335 3157 408 3214 M.
433 3191 510 3202 —-·
531 3170 588 3215 ut
609 3162 760 3215 etiam
785 3161 896 3215 sine
925 3161 1004 3213 his
1027 3158 1218 3229 Kleyn
1251 3158 1337 3227 M,
1375 3155 1787 3225 πτολίπορθον.
1823 3154 1949 3207 Vale
1968 3153 2027 3206 k.
2053 3152 2249 3224 (itaque
2265 3175 2287 3190 -
2308 3180 2329 3189 -

175 3240 220 3293 1>-
237 3235 308 3285 41·
331 3234 528 3293 Malim
547 3246 606 3291 ut
629 3240 715 3291 uel
736 3241 846 3291 sine
867 3238 958 3291 his.
982 3236 1002 3303 ΙΙ
1033 3241 1082 3289 3.
1107 3238 1216 3303 via]
1254 3233 1656 3302 πτολίπορθον
1679 3230 1787 3284 del.
1810 3228 2005 3299 Kleyn
2028 3246 2083 3297 p.
2109 3228 2219 3295 42.)

177 3312 250 3357 “²ss
267 3306 331 3362 Μ-
355 3343 423 3354 —
448 3324 619 3368 autem
649 3316 706 3367 in
735 3315 912 3368 itineri
931 3312 1020 3380 M,
1047 3321 1219 3365 autem
1319 3309 1426 3383 ΕΡ.
1450 3314 1532 3363 14.
1559 3306 1607 3376 §-
1633 3312 1679 3360 1.
1703 3305 1993 3359 Diutinensi
2014 3303 2122 3357 del.
2140 3302 2331 3370 Kleyn

181 3378 213 3429 is
231 3383 382 3443 itineri
397 3392 457 3445 k.
484 3420 554 3431 -
577 3392 854 3461 opposierit
877 3389 953 3445 M.
1253 3404 1308 3457 p.
1334 3392 1419 3441 48.
1448 3386 1467 3452 ΙΙ
1493 3390 1541 3437 2.
1574 3385 1806 3453 equidem
1837 3380 2133 3455 spectabam
2162 3376 2237 3429 M.
2263 3406 2333 3415 —

232 3456 319 3531 Ep.
347 3472 424 3522 10.
449 3468 500 3538 ξ.
529 3474 574 3521 1.
609 3468 926 3536 percrebruit
949 3470 1080 3534 (non
1097 3480 1221 3533 per·
1251 3464 1334 3517 rei
1366 3462 1631 3532 publicae]
1666 3478 1774 3529 rep.
1809 3458 1885 3512 M.
1917 3488 1987 3499 -
2020 3464 2181 3509 tecum
2215 3472 2245 3507 e
2275 3472 2334 3507 re

183 3538 362 3613 crebuit)
393 3545 568 3600 etiam
587 3542 677 3605 M.
699 3546 771 3585 ⁴-
807 3544 1022 3613 benefici
1051 3540 1128 3597 M.
1151 3570 1221 3581 --
1247 3541 1463 3610 publica
1486 3536 1800 3593 Buecheler
1830 3533 2000 3603 (Mus.
2021 3532 2202 3587 Rhen.
2226 3530 2332 3585 XI.

181 3618 218 3661 et
244 3614 378 3671 datur
408 3619 519 3675 del.
543 3618 735 3692 Kleyn
765 3621 844 3692 (p.
883 3619 1016 3690 10.):
1049 3633 1221 3673 uncos
1254 3634 1310 3687 p.
1337 3617 1508 3687 529.):
1540 3626 1706 3669 tecum
1727 3623 1787 3668 et
1814 3614 1943 3682 reip.
1968 3608 2053 3678 M,
2090 3619 2253 3663 tecum
2286 3618 2335 3659 et

182 3698 267 3741 om.
283 3690 334 3746 k.
357 3698 376 3766 ΙΙ
401 3703 450 3751 2.
466 3707 778 3767 perpetuum
791 3696 972 3753 Bake.
989 3728 1046 3739 --
1060 3697 1222 3749 adlua
1256 3710 1373 3747 cum
1394 3710 1454 3747 re
1476 3692 1695 3762 publica
1714 3706 1842 3745 cum
1865 3686 2074 3744 Orellio
2098 3686 2153 3739 k.
2177 3713 2249 3725 —
2268 3701 2336 3735 ne

191 3759 246 3816 Μ·
266 3797 326 3809 -·
351 3790 513 3844 eaque
543 3788 685 3827 corr.
710 3790 779 3829 ex
799 3790 864 3828 ea
887 3789 1022 3844 quae
1044 3770 1119 3826 M.
1255 3788 1391 3842 quae
1413 3768 1525 3823 Ml:
1546 3785 1713 3838 neque
1734 3767 1835 3820 ΜΒ.
2266 3838 2277 3849 ι

234 3840 326 3914 Ep.
349 3856 428 3903 11.
451 3848 502 3919 §-
531 3855 578 3903 1.
601 3852 752 3917 mma]
781 3852 858 3903 mi
871 3848 992 3903 Mk.
1016 3878 1088 3889 —
1119 3850 1220 3903 dis-
1323 3846 1429 3917 Ep.
1462 3852 1539 3899 15.
1566 3844 1613 3915 §.
1643 3850 1691 3897 2.
1708 3840 1920 3911 profeci
1940 3879 1955 3895 .
1980 3841 2153 3908 itaque
2175 3865 2233 3877 ·-
2254 3854 2334 3890 m-

188 3924 520 3997 mnis-timeque
541 3924 617 3983 M.
643 3957 714 3969 ——-
735 3928 1032 3997 diynitatem
1054 3924 1130 3979 M.
1155 3954 1224 3965 --
1257 3924 1570 3978 tea-nuntium
1590 3922 1750 3993 fidem
1767 3916 1930 3971 Bake
1954 3912 2244 3986 (Mnemos.
2255 3912 2333 3965 11.

186 3996 247 4045 (υἱ
260 4014 519 4056 memorem
541 4001 732 4074 Kleyn
763 4000 914 4075 (coll.
938 4000 1112 4070 XHI,
1139 4006 1222 4071 67,
1257 4018 1314 4070 p.
1337 3999 1524 4069 422.):·
1542 3995 1751 4067 profeci
1778 3994 1951 4065 itaque
1973 4020 1996 4031 -
2022 4020 2043 4031 ·
2067 3992 2333 4043 internun—

187 4069 265 4140 ¹·)=
293 4085 378 4133 tua
407 4096 682 4135 memorem
713 4079 829 4133 ΜΚ.
864 4110 934 4121 -
965 4096 1115 4149 quem
1147 4094 1226 4133 me
1260 4079 1409 4131 tiwm:
1449 4074 1605 4146 fidem
1638 4072 1693 4125 k.
1718 4102 1786 4111 —
1818 4070 2002 4139 optime
2033 4065 2107 4119 M.
2140 4094 2211 4107 --
2242 4066 2333 4117 ad-
