2675 4559
458 263 1014 328 EPISTOLARUM
1046 270 1156 326 AD
1194 269 1263 336 Ω.
1300 271 1676 328 FRATREM
1710 275 1820 334 111.
1853 275 1906 331 ὃ.
1930 277 1983 332 4.
2115 263 2250 328 469

172 393 306 482 ipsi
340 383 622 458 Lentulo
668 416 798 459 non
841 393 1303 480 respondisset,
1357 395 1472 479 qui
1513 407 1681 475 tum,
1729 397 1838 463 illo
1875 411 2246 469 accusatore

173 489 420 573 illoque
459 477 767 566 consilio,
824 488 1153 554 sententiis
1205 491 1673 556 condemnatus
1717 493 1808 557 sit
1835 515 2046 572 xxm„
2096 517 2246 562 cum

172 605 319 648 m.
357 582 669 648 tulissent.
727 595 839 648 est
857 583 1115 648 omnino
1152 594 1290 648 tam
1321 585 1506 669 gravi
1551 585 1725 650 fama
1758 586 1884 652 hoc
1913 588 2244 668 iudicium,

172 689 251 742 ut
287 675 582 742 videatur
614 677 875 762 reliquis
908 677 1161 742 iudiciis
1206 678 1558 764 periturus,
1584 685 1670 744 et
1701 681 1980 748 maxime
2016 680 2116 750 de'
2123 705 2246 770 pc-

170 769 385 836 cuniis
421 770 811 857 repetundis.
900 771 1016 838 sed
1050 770 1233 837 vides
1266 773 1512 838 nullam
1545 796 1689 840 esse
1722 797 1860 840 rem
1895 777 2241 862 publicam,

170 866 429 932 nullum
465 877 788 944 senatum,
843 867 1021 935 nulla
1064 867 1329 944 iudicia,
1377 867 1689 935 nullam’
1669 893 1738 935 ιιι
1781 869 1916 936 ullo
1950 884 2241 940 nostrum

174 961 577 1048 dignitatem.
641 915 795 1044 quid
830 962 1019 1046 plura
1052 962 1134 1027 de
1166 961 1526 1030 iudicibus?
1561 963 1691 1030 duo
1725 965 2026 1049 praetorii
2059 966 2244 1032 sede-

170 1065 355 1132 runt,
409 1053 735 1120 Domitius
784 1051 1095 1120 Calvinus
1108 1077 1145 1120 ι·
1178 1054 1232 1120 is
1280 1069 1508 1142 aperte·
1545 1056 1848 1134 absolvit,
1892 1069 1975 1123 ἱιιι
2019 1067 2240 1125 omnes

168 1151 471 1217 viderent
481 1175 500 1228 3
545 1162 607 1216 et
645 1147 863 1216 Catoz·
887 1151 945 1214 is
992 1149 1265 1215 diribitis
1298 1150 1555 1216 tabellis
1590 1150 1670 1217 de
1707 1152 1946 1218 circulo
1983 1176 2052 1219 se
2074 1153 2242 1218 ,sub-—
2308 1161 2312 1165 ’

171 1243 361 1308 duxit
392 1255 465 1310 'et'
494 1243 811 1330 Pompeio
850 1243 1095 1332 primus
1128 1243 1494 1310 nuntiavit.
1557 1244 1738 1310 aiunt
1770 1267 1900 1310 non
1935 1245 2126 1323 nulli,
2167 1259 2242 1312 ut

172 1335 522 1404 Sallustius
536 1386 557 1415 ,
606 1359 715 1404 me
764 1337 1122 1423 oportuisse
1180 1359 1504 1404 accusare.
1588 1337 1690 1404 his
1743 1361 1867 1426 ego
1913 1339 2238 1406 iudicibus

170 1433 679 1498 committerem?
721 1433 881 1517 quid
926 1454 1163 1510 essem,
1209 1433 1264 1498 si
1306 1435 1412 1498 ine
1461 1437 1692 1519 agente
1727 1445 1898 1500 esset
1943 1434 2240 1520 elapsus?

172 1526 291 1591 sed
332 1549 438 1592 me
482 1527 609 1592 alia
653 1537 1019 1592 moverunt:
1072 1549 1201 1592 non
1255 1537 1546 1612 putasset
1587 1526 1714 1592 sibi
1757 1527 2110 1616 Pompeius
2159 1527 2238 1593 de

168 1621 346 1686 illius
382 1621 607 1699 salute,
643 1621 763 1686 sed
794 1621 875 1686 de
908 1637 1030 1686 sua·
1066 1619 1378 1707 dignitate
1407 1642 1670 1688 mecum
1705 1643 1850 1688 esse
1882 1631 2235 1688 certamen·
2216 1669 2235 1700 ‚

168 1715 239 1779 in
289 1715 520 1780 urbem
583 1714 933 1792 introissem
998 1714 1083 1778 ad
1143 1714 1508 1779 inimicitias
1558 1737 1660 1779 res
1713 1715 2027 1792 venisset3
2088 1737 2238 1780 cum

170 1806 533 1874 Aesernino
569 1807 861 1875 Samnite
896 1806 1325 1872 Pacideianus
1363 1817 1770 1892 comparat-us
1807 1807 2084 1885 videret-3
2121 1830 2237 1872 au-

168 1902 441 1968 riculam
466 1900 739 1968 fontasse
768 1899 1087 1967 mordicus
1115 1902 1504 1978 abstulisset,
1542 1899 1945 1966 cum-Clodio
1970 1901 2238 1985 quidem

170 2008 345 2064 certe
380 1997 649 2062 redisset
683 1997 753 2062 in
786 1997 1087 2084 gratiam.
1170 2018 1293 2082 ego
1330 2017 1484 2062 vero
1519 2017 1736 2062 meum
1772 1995 2137 2072 consilium,
2181 1996 2236 2061 si

166 2091 547 2177 praesertim
590 2102 662 2156 tu
706 2112 839 2156 non
891 2091 1245 2176 inprobas,
1279 2089 1692 2156 vehementer
1735 2089 2051 2175 adprobo:
2103 2086 2232 2167 ille,

170 2207 320 2250 cum
356 2209 395 2250 a
438 2205 546 2251 me
586 2185 1019 2272 singularibus
1062 2184 1224 2252 meis'
1266 2183 1497 2250 studiis⁴
1539 2194 1799 2250 ornatus
1843 2193 2012 2250 esset
2058 2206 2236 2249 cum-

168 2373 431 2459 publica
468 2387 577 2442 me
618 2398 658 2440 a
700 2398 771 2442 se
814 2375 1299 2442 dissentientem
1338 2396 1472 2440 non
1517 2375 1666 2440 tulit
1697 2409 1788 2422 --
1818 2373 1978 2441 nihil
2021 2374 2232 2441 dicam

167 2469 431 2554 gravius
464 2506 551 2518 —·
584 2481 649 2536 et
694 2471 909 2536 minus
941 2482 1170 2558 potens
1206 2492 1284 2536 eo
1320 2480 1640 2556 tempore,
1685 2469 1843 2553 quid
1875 2468 1946 2534 in
1979 2491 2084 2535 me
2117 2469 2233 2534 flo—

166 2574 415 2628 rentem
446 2574 693 2648 posset,
737 2565 1041 2631 ostendit:
1095 2586 1300 2641 nunc,
1350 2585 1498 2629 cum
1542 2585 1664 2648 ego
1709 2586 1792 2628 ne
1837 2584 2054 2627 curem
2091 2562 2233 2645 qui-

166 2657 315 2722 dem
349 2657 624 2720 multum
659 2677 878 2766 posse,
922 2680 1025 2723 res
1048 2659 1329 2766 publica
1373 2667 1542 2723 certe
1578 2655 1734 2720 nihil
1777 2656 2008 2740 possit,
2061 2676 2229 2720 unus

164 2751 273 2817 ille
318 2749 533 2816 omnia
582 2749 811 2835 possit,
866 2773 1015 2816 cum
1047 2747 1155 2816 illo
1201 2751 1344 2860 ipso
1391 2747 1880 2814 contenderem?
1931 2747 2024 2812 sic
2059 2747 2230 2812 enim

163 2845 557 2910 faciendum
568 2844 815 2912 fuisset
884 2866 1016 2908 non
1051 2845 1342 2912 existimo
1378 2853 1442 2908 te
1477 2853 1706 2928 putare
1738 2841 1807 2906 id
1839 2840 1998 2908 mihi
2033 2841 2231 2906 susci-

162 2939 469 3026 piendum
524 2938 742 3005 fuisse.
851 2937 1304 3016 ‘alterutrum,’
1366 2937 1578 3021 inquit
1637 2937 1808 3003 idem
1863 2935 2228 3014 Sallustius,

165 3041 185 3072 ‘
198 3034 593 3103 defendisses
629 3029 826 3119 idque
851 3031 1165 3119 Pompeio
1185 3031 1609 3100 contendenti
1645 3031 1958 3110 dedissem
1993 3031 2229 3100 etenim

162 3127 577 3194 vehementer
626 3127 893 3194 orabat?
980 3127 1275 3213 ¹lepidum
1326 3126 1604 3192 amicum
1659 3124 2066 3202 Sallustium,
2119 3126 2232 3209 qui

122 3243 129 3248 ·
160 3221 321 3286 mihi
374 3233 486 3287 aut
536 3221 897 3288 inimicitias
948 3231 1134 3308 putet
1182 3221 1576 3306 periculosas
1621 3219 1988 3286 subeundas
2032 3219 2228 3285 fuisse

160 3328 277 3382 aut
316 3315 649 3382 infamiam
702 3313 1183 3400 sempiternam!
1238 3335 1364 3400 ego
1416 3335 1569 3381 vero
1621 3313 1744 3380 hac
1795 3312 2228 3380 mediocritate

163 3409 465 3486 delector,
503 3432 579 3475 ac
614 3407 771 3474 mihi
804 3409 965 3474 illud
994 3408 1352 3475 iucundum
1379 3419 1494 3487 est,
1528 3409 1726 3493 quod,
1762 3430 1910 3474 cum
1944 3401 2229 3473 testimo-

163 3505 343 3570 nium
379 3503 734 3570 secundum
766 3503 959 3569 fidem
990 3514 1053 3569 et
1081 3501 1454 3589 relig-ionem
1489 3502 1868 3590 gravissime
1901 3501 2226 3577 dixissem,

162 3619 313 3664 reus
349 3595 537 3676 dixit,
583 3598 637 3664 si
670 3599 739 3664 in
775 3598 1032 3664 civitate
1064 3597 1350 3662 licuisset
1383 3596 1508 3662 sibi
1541 3619 1712 3674 esse,
1755 3594 1915 3660 mihi
1957 3617 2028 3662 se
2073 3592 2227 3660 satis

164 3692 505 3769 facturum,
540 3713 750 3778 neque
786 3715 891 3758 me
923 3691 1273 3778 quicquam
1306 3691 1742 3777 interrogavit.
1797 3691 1880 3756 de
1914 3688 2224 3765 versibus,

163 3805 327 3871 quos
362 3787 480 3852 tibi
514 3811 554 3853 a
588 3809 692 3854 me
728 3785 921 3855 scribi
954 3786 1073 3866 vis,
1108 3787 1289 3853 deest
1322 3785 1480 3851 mihi
1515 3785 1778 3870 quidem
1811 3806 2026 3871 opera,
2061 3804 2227 3868 quae

163 3902 293 3946 non
330 3881 522 3946 modo
556 3893 841 3968 tempus,
886 3881 1003 3949 sed
1045 3881 1239 3948 etiam
1282 3881 1570 3948 animum
1612 3901 1892 3948 vacuum
1933 3877 2016 3945 ab
2053 3877 2228 3945 omni

166 3997 321 4042 cura
355 3975 703 4056 desiderat3
740 3978 872 4044 sed·
890 3977 1072 4044 abest
1106 3976 1300 4042 etiam
1332 3973 1858 4058 ἐνθουσιασμόςε
1891 3995 2020 4040 ιιοιι
2055 3973 2226 4044 enim

162 4087 387 4137 sumus
422 4072 681 4138 omnino
716 4073 856 4139 sine
890 4095 1043 4142 cura
1079 4070 1394 4139 venientis
1431 4072 1614 4150 anni,
1659 4070 1783 4138 etsi
1823 4090 2044 4138 sumus
2087 4068 2224 4136 sine
