2675 4559
64 7 90 43 .'
168 4 670 86 ⁰—Wffiiaew

647 244 1198 306 EPISTOLARUM
1231 247 1361 304 vn.
1401 204 1631 306 19-23(
2038 238 2162 305 161

159 374 331 439 facere
353 392 558 459 posse,
587 390 646 435 s1
665 392 960 465 renonum
977 368 1322 439 Tvnmnn
1348 394 1792 439 rosenssrormu
1811 372 1897 459 Q.
1918 371 2161 441 Cumo

155 488 392 531 emron
421 488 502 529 nx
534 485 761 531 nmero
799 485 912 531 svo
940 487 1078 531 uun
1109 486 1323 544 nnnrr,
1350 488 1587 553 negare
1621 467 1833 543 aiebat
1863 466 2163 545 Servium

154 560 363 625 tabulas
398 559 758 625 testamenti
792 581 936 625 esse
970 580 1109 635 eas,
1157 579 1317 643 quas
1361 560 1736 630 instituisset
1776 562 1866 643 is,
1916 562 2031 647 qui
2062 562 2161 627 fa-

153 653 383 727 ctionem
399 651 764 719 testamenti
789 674 920 722 non
935 650 1254 733 habuerit3
1282 650 1405 719 hoe
1431 653 1601 720 idem
1622 652 1907 721 Offilium
1916 655 2127 723 dicere
2138 680 2158 735 ;

148 760 322 813 tecum
343 768 410 813 se
441 746 734 813 locutum
765 746 1048 832 negabat
1072 766 1306 831 meque
1333 748 1589 833 rogavit
1613 758 1686 814 ut
1712 771 1783 815 se
1808 759 1873 815 et
1900 770 2161 818 causam

150 864 298 905 suam
325 840 438 907 tibi
471 840 1010 907 commendarem.
1097 862 1218 907 nec
1253 840 1354 908 vir
1386 840 1631 918 melior,
1664 842 1753 907 mi
1788 840 2005 921 Testa,
2039 864 2161 909 nec

147 935 270 1001 mihi
307 935 566 1001 amicior
609 935 690 1001 P.
730 934 890 1003 Silio
931 934 1272 1019 quisquam
1317 946 1444 1015 est,
1498 947 1563 1003 te
1605 946 1820 1003 tamen
1863 948 2157 1025 excepto:

64 1062 66 1115 ς
148 1027 532 1113 gratissimum
567 1028 730 1095 mihi
763 1027 960 1114 igitur
993 1027 1222 1095 feceris
1234 1077 1255 1108 ,
1309 1028 1367 1094 si
1400 1028 1485 1095 ad
1520 1052 1668 1097 eum
1710 1030 1879 1097 ultro
1913 1029 2161 1097 veneris

149 1121 294 1206 eique
332 1122 656 1209 pollicitus
702 1124 858 1202 eris3
911 1124 1053 1201 sed,
1106 1123 1164 1189 si
1205 1146 1311 1191 me
1356 1147 1560 1202 amas,
1615 1145 1810 1209 quam
1852 1125 2158 1212 primumn:

64 1304 66 1307 y
149 1214 241 1281 hoc
268 1227 326 1282 te
355 1217 770 1296 vehementer
805 1220 998 1285 etiam
1031 1228 1224 1303 atque
1259 1220 1453 1285 etiam
1487 1238 1667 1306 rogo.

1037 1452 1230 1508 XXII.

863 1552 978 1609 Ser.
1001 1572 1147 1609 anno
1165 1556 1397 1611 incerto.

681 1654 955 1712 CICERO
992 1655 1387 1711 TREBATIO
1426 1655 1589 1711 SAL.

241 1776 552 1845 Inluseras
603 1778 742 1845 heri
782 1779 948 1845 inter
1001 1778 1305 1864 scyphos,
1358 1776 1531 1862 quod
1580 1776 1865 1843 dixeram
1909 1788 2159 1843 contro-

148 1870 374 1948 versiam
405 1895 568 1951 esse,
609 1884 908 1958 possetne
944 1871 1163 1949 heres,
1201 1872 1375 1957 quod
1410 1871 1658 1936 furtum
1694 1882 1884 1936 antea
1915 1870 2160 1938 factum

64 1988 67 2053 j
148 1975 300 2041 esset,
330 1964 482 2033 furti
515 1977 698 2033 recte
733 1988 944 2053 agere.
1033 1966 1282 2050 itaque,
1319 1966 1440 2033 etsi
1476 1965 1737 2031 domum
1772 1964 1935 2031 bene
1968 1975 2158 2051 potus

64 2058 67 2129 ῗ
147 2076 368 2141 seroque
397 2062 741 2137 redieram,
777 2071 994 2125 tamen
1029 2058 1097 2123 id
1132 2070 1354 2145 caput,
1390 2057 1505 2124 ubi
1535 2058 1697 2124 haec
1732 2058 2159 2123 controversia

64 2230 66 2239 Ι
145 2160 242 2227 est,
269 2156 474 2221 notavi
507 2166 583 2226 et
617 2155 1008 2240 descriptum
1043 2154 1160 2219 tibi
1193 2154 1371 2231 misi,
1408 2162 1483 2219 ut
1516 2152 1708 2219 scires
1743 2151 1839 2230 id,
1876 2152 2050 2237 quod
2084 2162 2157 2219 tu

64 2254 67 2298 2
147 2244 413 2313 neminem
457 2248 740 2317 sensisse
775 2248 1034 2313 dicebas
1047 2296 1066 2325 ‚
1114 2246 1267 2315 Sex.
1306 2248 1600 2324 Aelium,
1636 2245 1755 2311 Μ’.
1792 2246 2156 2324 Manilium,

66 2384 69 2397 ,
148 2331 219 2397 Μ.
242 2337 498 2407 Brutum
533 2342 843 2409 sensisse:
881 2362 1004 2427 ego
1040 2353 1254 2409 tamen
1293 2339 1646 2407 Scaevolae
1682 2351 1745 2407 et
1772 2340 2007 2407 Testae
2043 2340 2156 2407 ad—

66 2450 69 2475 =
151 2430 352 2497 sentior.
1620 2453 1625 2458 ·

1015 2582 1238 2639 XXIII.

747 2685 864 2741 Ser.
881 2684 1096 2743 Romae
1117 2701 1264 2743 anno
1283 2685 1514 2740 incert0.

464 2790 550 2844 M.
590 2786 864 2843 CICERO
902 2786 959 2843 S.
994 2786 1070 2841 D.
1106 2786 1183 2841 Μ.
1223 2784 1467 2841 FADIO
1504 2784 1787 2843 GALLO.

244 2896 508 2969 Tantum
557 2902 733 2987 quod
777 2924 860 2967 ex
893 2900 1198 2986 Arpinati
1239 2922 1572 2976 veneram,
1626 2922 1777 2967 cum
1820 2897 1977 2965 mihi
2010 2920 2053 2965 a
2093 2909 2156 2965 te

149 2982 347 3089 litterae
371 2997 662 3063 redditae
689 3005 840 3061 sunt
847 3018 867 3073 3
895 2995 981 3060 ab
998 2994 1353 3081 eodemque
1372 2993 1591 3082 accepi
1606 2993 1871 3059 Avianii
1895 2992 2155 3071 litteras,

146 3098 195 3142 111
216 3084 428 3165 quibus
462 3091 594 3155 hoc
617 3088 823 3157 inerat
853 3088 1392 3166 liberalissimum,
1426 3086 1685 3165 nomina
1713 3109 1781 3153 se
1816 3086 2156 3163 facturum,

70 3218 72 3223 .
148 3190 264 3239 oum
291 3184 598 3261 venisset,
631 3204 762 3267 qua
795 3204 918 3269 ego
953 3181 1187 3253 vellem
1219 3180 1345 3247 die.
1431 3180 1558 3256 fac,
1594 3199 1858 3263 quaeso,
1889 3178 2003 3263 qui
2034 3199 2157 3263 ego

148 3284 286 3349 ⁸⁰1³,
340 3298 476 3347 esse
512 3290 610 3345 te:
664 3268 842 3345 estne
875 3286 990 3343 aut
1022 3274 1116 3341 tui
1150 3273 1413 3360 pudoris
1447 3282 1562 3338 aut
1602 3272 1832 3349 nostri,
1883 3271 2159 3356 primum

149 3378 334 3446 rogare
365 3370 446 3437 de
481 3372 616 3453 die,
662 3370 892 3438 deinde
935 3370 1082 3457 plus
1118 3390 1333 3445 annua
1364 3366 1729 3455 postulare?
1774 3365 1889 3431 sed
1924 3374 2155 3439 essent,

149 3454 215 3517 mi
243 3456 450 3541 Galle,
503 3466 720 3533 omnia
761 3465 1006 3543 facilia,
1060 3463 1118 3529 si
1150 3474 1216 3529 et
1257 3485 1336 3529 ea
1378 3470 1696 3530 mercatus
1731 3481 1904 3527 esses
1917 3505 1937 3536 ,
1992 3478 2157 3542 quae

153 3564 244 3630 ego
274 3552 732 3647 desiderabam,
778 3570 842 3639 et
876 3558 959 3625 ad
997 3580 1142 3627 eam
1175 3578 1525 3633 summam,
1569 3576 1765 3639 quam
1798 3553 2155 3627 volueram3

152 3656 208 3703 Μ
244 3654 443 3720 tamen
485 3654 610 3731 ista
650 3653 820 3739 ipsa,
876 3673 1044 3737 quae
1085 3661 1150 3718 te
1194 3650 1425 3718 emisse
1466 3648 1723 3727 scribis,
1773 3668 1904 3713 non
1949 3644 2156 3709 solum

152 3746 262 3802 ma
286 3743 433 3813 mihi
465 3758 672 3825 erunt,
707 3745 1050 3815 sedetiam
1083 3756 1268 3833 grata
1278 3769 1298 3824 3
1334 3745 1525 3831 plane
1561 3743 1731 3809 enim
1762 3740 2063 3823 intellego
2092 3746 2156 3801 te

154 3843 256 3895 non
282 3838 460 3905 modo
495 3839 740 3918 studio.
786 3840 900 3907 sed
935 3840 1128 3908 etiam
1163 3860 1379 3905 amore
1409 3859 1634 3915 usum,
1682 3856 1847 3920 quae
1880 3844 1945 3899 te
1981 3829 2155 3897 dele-

159 3923 362 4007 Wffinss
391 3933 732 4013 hominem,
767 3944 842 4001 ut
869 3956 992 4022 ego
1019 3956 1270 4021 semper
1293 3932 1594 4009 iudicavi,
1622 3930 1691 3995 in
1718 3927 1891 3994 omni
1916 3922 2153 3993 iudicio

163 4010 678 4107 degmtiflsimum,
731 4050 896 4115 quae
931 4051 1036 4095 me
1071 4027 1268 4115 digna
1299 4024 1575 4113 putaris,
1628 4023 1951 4091 coemisse.
2040 4019 2171 4087 sed·
2188 4038 2217 4078 ε

241 4115 432 4169 &mm
448 4131 525 4175 vol.
541 4130 612 4175 ιι.
1715 4122 1782 4176 11
