2675 4559
447 221 580 289 486
1060 198 1146 292 o.
1185 224 1455 284 'runnu
1490 218 1886 279 cmmoms
1978 220 1999 306 ss

451 355 845 445 temporibus
888 348 1286 417 descendite:
1331 368 1633 433 magnam
1676 343 1885 411 adfert
1916 342 2315 429 opinionem,
2372 362 2519 405 ma-

451 476 649 541 gnam
717 448 1098 535 dignitatem
1163 442 1483 509 cotidiana
1548 442 1618 507 in
1688 435 2064 527 deducendo
2122 434 2514 520 fiequentia.

354 568 408 609 ετ
451 547 638 613 tertia
689 554 787 609 est
837 564 920 610 ex
981 540 1105 605 hoc
1154 558 1390 625 genere
1442 533 1713 601 adsidua
1762 530 2235 599 adsectatorum
2286 528 2514 614 copia:

283 654 291 663 '
449 642 516 707 in
553 662 632 705 ea
665 656 828 724 quos
873 632 1266 701 voluntarios
1308 628 1605 706 habebis,
1626 636 1871 699 curato
1914 636 1989 691 ut
2028 624 2415 709 intellegant
2448 633 2518 687 te

381 718 388 723 ³
451 733 574 801 sibi
605 733 676 799 in
708 740 1092 825 perpetuum
1137 747 1391 792 summo
1434 722 1743 792 beneficio
1778 720 2081 809 obligari3
2130 720 2245 805 qui
2286 729 2519 785 autem

447 828 569 893 tibi
621 826 888 903 debent,
941 823 1024 889 ab
1075 822 1154 887 iis
1203 821 1395 907 plane
1449 819 1573 884 hoc
1622 838 1857 882 munus
1902 814 2176 901 exigite,
2227 813 2341 898 qui
2394 834 2521 899 per

280 978 290 991 .
379 978 388 983 .
451 932 730 989 aetatem
781 940 859 985 ac
907 916 1238 1004 negotium
1287 922 1619 1001 poterunt,
1680 909 1805 997 ipsi
1863 920 2079 975 tecum
2128 919 2223 973 ut·
2254 906 2520 973 adsidui

455 1018 608 1094 sint,
661 1014 774 1098 qui
815 1012 940 1099 ipsi
980 1009 1212 1076 sectari
1255 1030 1389 1073 non
1434 1016 1760 1093 poterunt,
1812 1025 1961 1069 suos
2002 1002 2402 1069 necessarios.
2442 999 2518 1065 in

452 1112 578 1177 hoe
629 1128 892 1173 munere
943 1104 1350 1171 constituant.
1438 1102 1627 1167 valde
1668 1121 1793 1186 ego
1836 1110 1901 1165 te
1942 1098 2087 1163 volo
2130 1108 2198 1163 et
2244 1096 2331 1161 ad
2373 1118 2516 1163 rem

357 1226 412 1266 ss
454 1190 772 1292 pertinere
816 1201 1088 1267 arbitror
1131 1220 1386 1284 semper
1428 1216 1577 1261 cum
1618 1191 2023 1259 multitudine
2064 1214 2228 1258 esse·
2320 1208 2515 1277 prae-

453 1312 630 1367 terea
664 1300 965 1383 magnam
999 1292 1214 1360 adfert
1255 1293 1517 1357 laudem
1552 1300 1616 1356 et
1648 1308 1965 1355 summam
1998 1286 2415 1373 dignitatern,
2458 1285 2516 1349 si

417 1386 499 1458 lii
533 1404 750 1459 tecum
783 1401 996 1466 erunt,
1041 1388 1154 1473 qui
1190 1410 1229 1452 a
1261 1396 1329 1452 te
1364 1385 1613 1452 defensi
1648 1395 1713 1449 et
1754 1383 1866 1469 qui
1906 1404 2026 1468 per
2058 1393 2123 1448 te
2159 1380 2397 1450 servati
2435 1401 2516 1445 ac

337 1500 348 1507 '
453 1486 706 1555 iudiciis
738 1483 992 1551 liberati
1024 1492 1206 1549 sunt:
1251 1480 1414 1547 haec
1450 1491 1525 1546 tu
1558 1478 1747 1567 plane
1782 1477 1866 1544 ab
1900 1476 1980 1542 iis
2015 1476 2369 1563 postulato,
2414 1486 2515 1552 ut,

457 1582 760 1668 quoniam
802 1578 980 1645 nulla
1022 1578 1291 1662 inpensa
1331 1596 1449 1661 per
1484 1585 1549 1639 te
1584 1572 1694 1638 alii
1726 1594 1889 1649 rem,
1943 1572 2055 1637 alii
2087 1571 2515 1647 honestatem,

457 1677 567 1743 alii
619 1676 890 1743 salutem
941 1694 1018 1739 ac
1075 1673 1370 1737 fortunas
1423 1667 1629 1733 omnis
1682 1662 2101 1743 obtinuerint,
2161 1687 2283 1731 nec
2334 1664 2519 1731 aliud

455 1773 661 1837 ullum
695 1781 947 1855 tempus
981 1768 1270 1833 futurum
1306 1765 1420 1841 sit,
1464 1764 1577 1829 ubi
1620 1762 1737 1829 tibi
1779 1764 2017 1829 reterre
2050 1760 2328 1847 gratiam
2364 1782 2519 1847 pos-

459 1866 614 1943 sint,
652 1863 773 1929 hoc
809 1873 874 1929 te
908 1860 1120 1947 officio
1154 1869 1657 1925 remunerentur.

355 1958 428 2029 10
585 1958 703 2035 Et,
755 1956 1060 2042 quoniam
1109 1956 1178 2021 in
1231 1953 1582 2019 amicorum
1608 1948 1851 2017 studiis
1896 1950 2058 2020 haec
2100 1948 2307 2015 omnis
2350 1948 2519 2013 ratio

359 2030 414 2071 ³⁹
460 2063 779 2129 versatur,
834 2052 956 2137 qui·
996 2051 1176 2116 locus
1218 2050 1287 2115 in
1331 2048 1455 2115 hoc
1506 2068 1740 2134 genere
1785 2044 2109 2111 cavendus
2160 2044 2273 2120 sit,
2326 2065 2521 2129 prae-

457 2145 935 2211 termittendum
977 2165 1108 2209 non
1161 2142 1443 2209 videtur:
1496 2140 1741 2205 fraudis
1786 2150 1979 2223 atque
2022 2138 2405 2204 insidiarum
2450 2150 2519 2205 et

455 2236 760 2322 perfidiae
793 2238 986 2321 plena
1020 2246 1170 2299 sunt
1203 2236 1438 2301 omnia.
1510 2256 1638 2300 non
1674 2245 1772 2300 est
1804 2232 1995 2298 huius
2031 2232 2341 2319 temporis
2367 2254 2517 2320 per-

454 2339 652 2414 petua
691 2328 802 2393 illa
843 2328 926 2392 de
959 2326 1086 2391 hoc
1116 2346 1354 2412 genere
1390 2328 1765 2413 disputatio,
1818 2326 2053 2411 quibus
2088 2327 2283 2393 rebus
2318 2328 2515 2393 bene-

452 2423 638 2492 volus
689 2433 764 2499 et,
807 2421 1137 2487 simulator
1187 2421 1545 2509 diiudicari
1573 2423 1801 2509 possit3
1864 2432 2116 2488 tantum
2170 2432 2269 2489 est
2320 2422 2511 2488 huius

455 2517 760 2603 temporis
813 2516 1176 2587 admonere.
1271 2536 1524 2581 summa
1574 2528 1689 2582 tua
1739 2516 1941 2581 virtus
1978 2517 2255 2583 ‘eosdem
2308 2518 2515 2583 homi—

407 2696 416 2701 ·
455 2635 570 2678 nes
625 2622 690 2678 et
741 2611 1040 2677 simulare
1091 2610 1209 2675 tibi
1259 2632 1328 2677 se
1372 2632 1515 2677 esse
1558 2610 1795 2675 amicos
1840 2621 1905 2677 et
1944 2612 2233 2677 invidere
2278 2613 2516 2699 coe‘git3

457 2727 655 2790 quam
706 2706 792 2771 ob
841 2728 976 2771 rem
1021 2699 1483 2789 Ἐπιχάρμειον
1532 2704 1693 2769 illud
1744 2715 1986 2783 teneto,
2038 2722 2273 2772 nervos
2326 2718 2521 2791 atque

360 2818 415 2859 ιο
459 2811 636 2865 artus
682 2818 822 2869 esse
866 2798 1216 2885 sapientiae
1261 2820 1393 2863 non
1438 2810 1677 2865 temere
1718 2799 1996 2885 credere.
2084 2810 2151 2867 et
2190 2820 2344 2871 cum
2376 2811 2523 2866 tuo-

325 2932 334 2939 ·
456 2914 600 2957 rum
643 2891 996 2957 amicorum
1039 2892 1254 2957 studia
1297 2892 1729 2971 constitueris,
1781 2903 1935 2959 tum.
1963 2894 2156 2960 etiam
2202 2895 2521 2961 ‘obtrecta-

457 2996 670 3050 torum
727 2996 920 3069 atque
971 2982 1483 3052 adversariorum
1531 2987 1809 3053 rationes
1862 2998 1930 3054 et
1986 3010 2231 3075 genera
2280 3012 2522 3077 cogno-

458 3078 638 3145 scito.
743 3078 904 3145 haec
955 3080 1079 3145 tria
1131 3090 1308 3146 sunt:
1370 3103 1604 3159 unum,
1666 3102 1829 3165 quos
1890 3082 2163 3161 laesisti3
2225 3083 2521 3161 alterum,

457 3172 570 3256 qui
623 3172 760 3239 sine
813 3194 1008 3241 causa
1058 3196 1190 3239 non
1242 3187 1490 3254 amant3
1544 3175 1799 3242 tertium
1812 3223 1832 3253 ‚
1886 3178 2001 3261 qui
2053 3179 2521 3263 conpetitor-um

458 3266 647 3332 valde
700 3267 890 3333 amici
944 3279 1111 3333 sunt.
1216 3288 1381 3353 quos
1433 3269 1701 3349 laesisti,
1764 3292 1913 3353 cum
1964 3262 2189 3337 contra
2238 3294 2355 3337 eos
2406 3294 2522 3359 pro

459 3360 664 3444 amico
700 3359 974 3439 diceres,
1018 3362 1096 3427 iis
1141 3373 1205 3429 te
1238 3363 1431 3449 plane
1466 3375 1771 3450 purgato,
1806 3365 2315 3432 necessitudines
2351 3388 2524 3432 eom-

459 3464 836 3532 memorato,
887 3456 956 3520 in
999 3475 1179 3542 spem
1227 3457 1560 3537 adducito,
1611 3469 1677 3525 te
1719 3458 1789 3523 in
1824 3482 2047 3525 eorum
2080 3460 2307 3537 rebus,
2362 3460 2421 3525 si
2456 3482 2525 3526 se

457 3545 527 3607 in
571 3546 912 3613 amicitiam
957 3561 1125 3613 taam
1169 3550 1581 3637 contulerint,
1625 3552 1767 3638 pari
1810 3553 2025 3619 studio
2067 3565 2265 3640 atque
2308 3553 2523 3619 officio

458 3636 769 3706 futurum.
853 3642 967 3727 qui
1012 3644 1148 3709 sine
1194 3666 1393 3729 causa
1434 3668 1565 3711 non
1609 3658 1855 3725 amant,
1902 3670 2012 3713 eos
2055 3660 2168 3714 aut
2210 3647 2523 3715 beneficio

459 3741 571 3795 aut
613 3753 727 3817 spe
771 3746 885 3799 aut
923 3736 1345 3823 significando
1388 3750 1503 3805 tuo
1548 3764 1703 3826 erga
1744 3740 1888 3807 illos
1932 3742 2145 3808 studio
2180 3742 2334 3808 dato
2370 3763 2525 3829 ope-

374 3842 382 3849 ·
457 3843 596 3886 ram
647 3836 722 3887 ut
773 3826 854 3891 de
908 3828 1020 3895 illa
1071 3831 1268 3895 animi
1317 3834 1635 3919 pravitate
1687 3835 1989 3901 deducas.
2077 3854 2357 3919 quorum
2410 3858 2523 3901 vo-

459 3913 670 4017 iuntas
707 3920 826 3983 erit
859 3923 976 3988 abs
1009 3935 1072 3991 te
1105 3937 1367 4013 propter
1394 3930 1861 4017 conpetitorum
1890 3931 2201 3997 amicitias
2230 3930 2519 4007 alienior,

458 4024 536 4065 us
570 4024 826 4092 quoque
861 4016 1085 4081 eadem
1121 4018 1425 4085 inservito
1458 4023 1737 4102 ratione,
1774 4047 1907 4109 qua
1942 4024 2404 4112 superioribuS‚
2441 4040 2519 4101 et,
