2675 4559
475 176 561 240 92
1088 184 1164 237 Μ.
1202 181 1476 240 TULLII
1511 174 1911 239 CICERONIS

475 309 814 387 incendiis,
861 307 1116 374 Italiam
1158 304 1328 371 bello
1372 304 1724 371 liberasset.
1812 306 2029 390 itaque
2059 324 2195 393 ‘ego
2236 306 2531 386 Metello,
2580 294 2595 313 ⁸

473 406 655 471 fratri
689 416 823 481 tuo,
856 401 1176 490 praesenti
1210 400 1440 468 restiti:
1474 422 1627 466 nam
1659 400 1727 465 in
1762 412 1989 467 senatu
2022 402 2174 467 Kal.
2211 402 2532 467 Ianuariis

377 526 386 531 ·
473 502 566 565 sic
597 522 750 565 cum
786 521 862 564 eo
897 498 979 563 de
1014 520 1084 562 re
1119 495 1381 581 publica
1415 495 1766 581 disputavi,
1810 507 1883 561 ut
1918 496 2181 562 sentiret
2214 495 2335 562 sibi
2376 520 2533 566 cum
2646 502 2649 507 ’

382 2674 433 2713 10

472 594 610 660 viro
656 592 807 659 forti
851 603 916 659 et
957 590 1272 658 constanti
1315 612 1456 657 esse
1499 590 1938 677 pugnandum.
2028 614 2088 657 a.
2130 592 2195 657 d.
2230 614 2320 657 111.
2356 592 2531 657 Non.

473 690 730 755 Ianuar.
767 710 918 755 cum
948 707 1144 773 agere
1181 686 1515 771 coepisset,
1553 685 1737 751 tertio
1774 706 2029 771 quoque
2065 684 2261 752 verbo
2295 686 2531 753 oratio-

473 784 572 849 nis
609 806 764 852 suae
798 806 903 849 me
939 780 1324 868 appellabat,
1358 780 1516 845 mihi
1546 780 1915 847 minabatur
1922 806 1942 858 ;
1978 802 2187 867 neque
2218 780 2315 848 illi
2350 782 2531 865 quic-

475 900 670 961 quam
723 876 1132 943 deliberatius
1193 874 1316 939 fuit
1368 896 1562 958 quam
1622 897 1759 951 me,
1820 894 2225 960 quacumque
2283 876 2531 943 ratione

475 982 716 1056 posset,
751 991 881 1035 non
911 969 1152 1044 iudicio
1188 989 1401 1052 neque
1435 969 1918 1055 disceptationes
1956 970 2073 1035 sed
2104 969 2170 1034 vi
2204 980 2401 1054 atque
2436 970 2529 1035 in-

474 1064 804 1150 pressione
839 1074 1142 1131 evertere.
1219 1063 1411 1127 huius
1446 1085 1569 1150 ego
1604 1064 1944 1129 temeritati
1979 1064 2031 1129 si
2068 1064 2299 1129 virtute
2334 1075 2527 1147 atque
2644 1092 2655 1147 j·

475 1160 687 1225 animo
731 1181 862 1225 non
912 1158 1314 1235 restitissem,
1367 1156 1514 1241 quis
1565 1168 1731 1223 esset
1773 1158 1884 1241 qui
1927 1178 2032 1223 me
2076 1158 2144 1223 in
2190 1160 2529 1225 consulatu

473 1266 604 1320 non
640 1274 792 1319 casu
826 1252 1038 1337 potius
1075 1251 1467 1317 existimaret
1500 1272 1693 1335 quam
1728 1252 1991 1317 consilio
2028 1253 2257 1319 fortem
2289 1252 2529 1319 fuisse?
2656 1310 2658 1318 Α

475 1348 636 1414 11000
669 1346 724 1411 si
758 1356 830 1411 tu
847 1344 1186 1411 Metellum
1211 1344 1496 1431 cogitare
1523 1346 1605 1411 de
1640 1368 1743 1411 me
1768 1346 2045 1424 nescisti,
2083 1346 2277 1411 debes
2310 1346 2528 1413 existi·
2634 1374 2659 1413 ἰ

473 1462 648 1508 mare
683 1450 748 1505 te
783 1439 1078 1507 maximis
1114 1440 1194 1505 de
1229 1441 1421 1505 rebus
1458 1463 1499 1505 a
1530 1440 1727 1505 fratre
1763 1464 1903 1507 esse
1938 1441 2244 1519 celatum3
2280 1441 2386 1506 sin
2422 1464 2529 1507 au-

474 1547 606 1601 tem
632 1534 873 1618 aliquid
907 1534 1254 1619 impertivit
1287 1534 1407 1599 tibi
1441 1533 1537 1599 sui
1570 1535 1835 1613 consilii,
1870 1536 2031 1601 lenis
2058 1559 2099 1600 a
2131 1547 2195 1601 te
2222 1546 2289 1601 et
2320 1536 2527 1603 facilis
2656 1592 2659 1605 2

473 1627 822 1695 existimari
857 1628 1090 1703 debeo,
1132 1628 1246 1711 qui
1289 1628 1449 1693 nihil
1493 1639 1705 1695 tecum
1740 1629 1820 1694 de
1854 1629 1953 1694 his
2001 1629 2155 1715 ipsis
2188 1631 2388 1696 rebus
2426 1655 2529 1697 ex·

473 1724 809 1809 postulem.
881 1733 976 1801 et,
1013 1722 1071 1787 si
1100 1722 1419 1807 intellegis
1454 1743 1583 1787 non
1618 1746 1721 1788 me
1757 1723 1926 1788 dicto
1960 1723 2232 1803 Metelli,
2266 1735 2343 1789 ut
2380 1726 2528 1791 scri·
2657 1788 2658 1794 ,

471 1818 603 1895 bis,
655 1817 769 1883 sed
811 1816 1076 1884 consilio
1113 1816 1249 1883 eius
1293 1818 1635 1900 animoque
1677 1817 1747 1881 in
1780 1840 1885 1883 me
1918 1818 2354 1890 inimicissimo
2394 1842 2527 1885 esse
2646 1846 2659 1899 ,ξι

473 1921 883 1987 001111110111111,
921 1931 1236 1995 cognosce
1263 1931 1435 1978 nuno
1462 1910 1927 1977 humanitatem
1953 1936 2183 1990 meam,
2220 1912 2275 1977 si
2302 1912 2527 1978 huma-

471 2006 638 2072 nitas
674 2004 1056 2090 appellanda
1081 2014 1177 2069 est
1207 2004 1276 2067 in
1304 2003 1715 2070 acerbissima
1741 2005 1975 2071 iniuria
2008 2007 2296 2073 remissio
2332 2008 2529 2076 animi

471 2122 548 2164 ac
585 2097 944 2162 dissolutio:
989 2097 1166 2161 nulla
1201 2106 1298 2162 est
1339 2120 1379 2163 a
1413 2119 1517 2163 me
1562 2120 1870 2183 umquam
1906 2101 2219 2167 sententia
2252 2102 2431 2169 dicta
2464 2103 2526 2166 in

469 2193 732 2259 fratrem
775 2200 988 2267 tuum3
1023 2190 1595 2275 quotienscumque
1625 2194 1869 2277 aliquid
1902 2206 1999 2260 est
2026 2206 2259 2273 actum,
2296 2199 2525 2263 sedens

468 2286 545 2351 iis
581 2284 864 2375 adsensi,
907 2286 1020 2368 qui
1053 2284 1212 2350 1111111
1238 2285 1567 2351 lenissime
1600 2288 1833 2355 sentire
1879 2289 2001 2353 visi
2034 2301 2201 2355 sunt.
2290 2291 2521 2357 addam

467 2377 627 2444 illud
661 2377 882 2456 etiam,
931 2380 1104 2462 quod
1138 2379 1264 2443 iam
1301 2402 1425 2465 ego
1462 2403 1685 2449 curare
1718 2404 1850 2447 non
1886 2384 2107 2460 debui,
2160 2385 2275 2450 sed
2308 2395 2522 2451 tamen

467 2473 605 2545 fieri
638 2494 768 2539 non
802 2474 1069 2541 moleste
1103 2474 1224 2539 tuli
1258 2484 1452 2559 atque
1488 2477 1711 2552 etiam,
1746 2488 1823 2542 ut
1854 2477 1945 2542 ita
1978 2478 2183 2555 fieret,
2220 2501 2335 2565 pro
2384 2504 2523 2545 mea

465 2576 648 2653 parte
683 2566 923 2645 adiuvi,
957 2577 1030 2631 111
1063 2567 1266 2633 senati
1305 2570 1593 2635 consulto
1621 2593 1803 2639 meus
1837 2572 2151 2650 inimicus,
2188 2574 2340 2656 quia
2378 2586 2523 2640 tuus

466 2662 663 2729 frater
713 2674 878 2740 erat,
931 2662 1393 2729 sublevaretur.
1496 2686 1625 2749 qua
1675 2688 1746 2731 re
1799 2688 1929 2731 non
1982 2688 2104 2753 ego
2150 2669 2523 2753 oppugnavi

464 2756 728 2821 fratrem
777 2767 989 2833 tuum,
1043 2756 1158 2821 sed
1207 2756 1390 2825 fratri
1434 2767 1545 2824 tuo
1590 2760 1975 2846 repugnavi,
2027 2782 2147 2826 nec
2188 2762 2256 2825 in
2302 2772 2401 2839 te,
2453 2773 2523 2827 ut

465 2850 718 2927 scribis,
763 2850 975 2914 animo
1011 2849 1108 2914 fui
1142 2850 1383 2929 mobili,
1420 2852 1535 2917 sed
1567 2852 1659 2917 ita
1694 2854 1936 2931 stabili,
1982 2864 2052 2919 ut
2088 2854 2154 2919 in
2188 2878 2333 2921 mea
2368 2879 2521 2942 erga
2642 2940 2645 2943 ἦ

462 2955 527 3009 10
562 2942 888 3008 voluntate
933 2943 1126 3009 etiam
1163 2946 1451 3014 desertus
1499 2946 1583 3011 ab
1618 2948 1845 3013 officiis
1888 2949 2015 3014 tuis
2060 2972 2517 3035 permanerem.

463 3049 655 3119 atque
705 3037 829 3103 hoc
872 3038 1012 3124 ipso
1056 3050 1340 3124 tempore
1396 3040 1513 3106 tibi
1556 3064 1761 3127 paene
1807 3042 2125 3107 minitanti
2167 3045 2353 3113 nobis
2406 3068 2520 3131 per

459 3130 700 3196 litteras
735 3130 860 3197 1100
893 3132 1173 3199 rescribo
1209 3146 1402 3219 atque
1436 3137 1822 3221 respondeo:
1860 3160 1981 3222 ego
2012 3138 2216 3203 dolori
2248 3148 2361 3204 tuo
2390 3162 2519 3205 non

461 3226 669 3291 solum
703 3225 996 3311 ignosco,
1033 3228 1151 3293 sed
1185 3251 1501 3295 summam
1538 3230 1729 3296 etiam
1764 3232 2021 3298 laudem
2055 3232 2299 3311 tribu03
2336 3257 2516 3301 meus

462 3319 632 3386 enim
664 3341 768 3385 me
804 3344 1048 3399 sensus,
1085 3335 1326 3406 quanta
1361 3324 1458 3389 vis
1492 3324 1755 3391 fraterni
1790 3328 1872 3391 sit
1909 3326 2162 3406 amoris,
2198 3328 2513 3395 admonet.

461 3439 502 3479 a
532 3412 596 3480 te
639 3426 787 3499 peto
832 3427 905 3479 ut
947 3427 1020 3481 tu
1064 3438 1321 3501 quoque
1366 3439 1645 3502 aequum
1691 3432 1755 3486 te
1797 3422 2077 3487 iudicem
2124 3423 2326 3489 dolori
2371 3446 2513 3489 meo

461 3508 769 3592 praebeas
781 3534 799 3584 3
855 3509 908 3572 si
953 3510 1212 3588 acerbe,
1265 3512 1320 3575 si
1366 3513 1735 3593 crudeliter,
1788 3516 1865 3580 si-
1888 3517 2024 3583 sine
2060 3540 2254 3583 causa
2301 3541 2445 3584 sum
2479 3543 2516 3583 a

459 3600 585 3664 tuis
621 3612 1058 3686 oppugnatus,
1110 3614 1183 3667 ut
1227 3614 1469 3671 statuas
1512 3608 1669 3673 mihi
1714 3631 1844 3676 non
1886 3610 2078 3677 modo
2113 3620 2251 3677 non*
2285 3613 2513 3678 ceden-

459 3695 644 3773 dum,
699 3695 814 3761 sed
863 3695 1059 3761 etiam
1101 3707 1213 3763 tuo
1259 3710 1453 3784 atque
1496 3704 1815 3771 exercitus
1857 3704 1952 3769 tui
1995 3705 2233 3772 auxilio
2274 3705 2347 3771 in
2378 3706 2513 3771 eius

457 3789 634 3854 modi
678 3810 872 3855 causa
917 3791 1226 3859 utendum
1268 3794 1489 3863 fuisse.
1578 3815 1701 3884 ego
1751 3808 1814 3865 te
1858 3798 2015 3865 mihi
2060 3822 2315 3886 semper
2355 3797 2513 3864 ami·
2626 3796 2629 3827 ²

457 3904 605 3947 cum
658 3906 810 3962 esse*
849 3884 1022 3949 volui
1032 3911 1052 3963 3
1115 3909 1218 3955 me
1271 3900 1346 3953 ut
1396 3890 1513 3955 tibi
1564 3892 2021 3958 amicissimum
2074 3916 2215 3961 esse
2266 3893 2513 3959 intelle-

455 3996 668 4059 geres,
703 3977 1006 4045 laboravi.
1097 4003 1324 4050 maneo
1360 3983 1428 4049 in
1462 3986 1791 4053 voluntate
1826 3998 1922 4065 et,
1958 3989 2174 4073 quoad
2207 3988 2383 4054 voles
2416 3996 2509 4064 tu,
2636 4014 2658 4081 ².
