2675 4559
762 242 1319 302 EPISTOLARUM
1352 247 1482 304 xv.
1519 249 1722 304 8—11.
2147 240 2277 311 387

207 369 387 438 enim
424 365 681 455 generis
717 388 793 432 ac
827 365 1102 434 nominis
1131 369 1328 435 vestri
1373 369 1497 436 fuit
1532 394 1688 459 erga
1722 396 1826 440 me
1862 396 2114 461 semper
2141 376 2279 442 ani-

205 488 363 533 mus
378 500 488 543 —,
509 461 815 547 quoniam
842 484 996 549 ergo
1015 462 1115 528 'ita
1142 463 1393 541 accidit,
1419 476 1492 530 ut
1519 466 1806 534 omnium
1831 481 2116 537 vestrum
2143 485 2279 538 stu-

208 560 325 625 dio
354 568 508 624 tuus
538 555 907 622 consulatus
935 556 1089 623 satis
1124 557 1337 624 facere
1373 572 1610 645 posset,
1639 562 1705 626 in
1731 584 1926 647 quem
1960 589 2140 632 meae
2175 591 2277 633 res

202 662 441 742 gestae
468 650 738 735 lausque
756 660 822 716 et
838 650 1040 716 honos
1061 670 1282 717 earum
1298 653 1700 739 potissimum
1715 655 2046 737 incideret,
2063 672 2214 745 peto
2238 684 2278 726 a

202 762 276 814 te
305 746 395 825 id,
416 745 595 831 quod
622 743 997 810 facillimum
1023 745 1200 812 factu
1227 759 1324 812 est
1343 770 1472 812 non
1490 761 1888 835 aspernante,
1907 762 1980 816 ut
2005 755 2275 832 confid0,

201 851 475 917 senatu,
519 851 594 904 ut
638 860 833 924 quam
868 837 1575 907 honorificentissimum
1619 853 1876 910 senatus
1915 848 2276 915 consultum

197 934 441 1002 litteris
494 933 653 999 meis
705 932 985 1000 recitatis
1030 933 1406 1000 faciundum
1448 957 1653 1002 cures.
1743 937 1798 1004 si
1851 938 2008 1004 mihi
2062 952 2276 1007 tecum
2310 963 2336 1003 ε

196 1031 427 1096 minus
465 1037 662 1104 esset,
708 1048 903 1111 quam
938 1039 1035 1094 est
1071 1051 1221 1095 cum
1255 1030 1384 1096 tuis
1417 1031 1713 1096 omnibus
1726 1079 1745 1109 ,
1790 1031 2155 1120 adlegarem
2192 1035 2277 1099 ad

198 1137 268 1191 te
304 1124 479 1200 illos,
518 1145 559 1187 a
582 1119 816 1206 quibus
851 1122 1170 1209 intellegis
1196 1147 1302 1190 me
1329 1125 1673 1211 praecipue
1702 1125 1901 1214 diligi.
1953 1129 2152 1214 patris
2181 1128 2277 1194 tui

58 1292 62 1305 1
199 1217 529 1285 beneficia
562 1215 633 1281 in
663 1240 769 1283 me
796 1227 947 1282 sunt
979 1217 1374 1303 amplissima
1382 1244 1402 1298 ς
1437 1239 1646 1303 neque
1673 1220 1844 1286 enim
1877 1221 2069 1287 saluti
2093 1245 2275 1288 meae

41 1322 57 1442 ὗ
197 1335 423 1399 neque
465 1311 695 1377 honori
739 1310 1002 1377 amicior
1044 1312 1386 1397 quisquam
1421 1314 1548 1380 dici
1593 1327 1806 1401 potest
1814 1342 1834 1395 ;
1887 1316 2084 1383 frater
2126 1329 2274 1383 tuus

41 1443 54 1487 ,ψ
198 1406 440 1493 quanti
475 1429 578 1472 me
614 1406 811 1472 faciat
846 1427 1223 1492 semperque
1268 1407 1522 1486 fecerit,
1578 1431 1716 1476 esse
1754 1409 2108 1490 hominem,
2138 1402 2276 1497 'qui

42 1513 56 1598 ξ
91 1584 96 1589 ἡ
195 1504 495 1589 ignoret,
546 1501 817 1566 arbitror
861 1500 1181 1567 neminem
1193 1525 1211 1578 3
1258 1501 1488 1568 domus
1532 1514 1646 1570 tua
1682 1505 1956 1591 denique
2002 1517 2138 1573 tota
2170 1530 2274 1573 me

42 1645 52 1678 2
195 1617 467 1681 semper
515 1595 817 1660 omnibus
868 1592 1135 1659 summis
1190 1592 1418 1660 officiis
1482 1609 1825 1681 prosecuta
1879 1610 1976 1664 est
1983 1624 2002 1677 3
2064 1622 2273 1684 neque

195 1711 363 1756 vero
399 1700 477 1754 tu
510 1688 579 1754 in
603 1711 707 1754 me
735 1687 1060 1775 diligendo
1086 1687 1391 1773 cuiquam
1418 1689 1791 1757 concessisti
1819 1702 2106 1757 tuorum=
2145 1714 2274 1776 qua

43 1741 56 1948 ι
191 1807 267 1851 re
307 1807 353 1848 a
388 1794 457 1849 te
491 1794 641 1870 peto
674 1782 743 1847 in
776 1782 1084 1849 maiorem
1116 1783 1402 1861 modum,
1439 1793 1512 1848 ut
1545 1806 1650 1851 me
1686 1807 1802 1871 per
1837 1795 1901 1852 te
1936 1807 2135 1869 quam
2170 1809 2274 1852 or·-

193 1877 615 1944 natissimum
658 1877 816 1943 velis
862 1899 1001 1942 esse
1046 1898 1387 1961 meamque
1432 1887 1496 1943 et
1540 1877 1612 1943 in
1655 1879 2118 1966 supplicatione
2165 1881 2276 1947 de·
2314 1909 2352 1917 ‘-

41 1949 56 2067 l
195 1972 532 2040 cernenda
566 1981 631 2038 et
662 1971 731 2036 in
758 1970 984 2038 ceteris
1011 1970 1203 2036 rebus
1229 1971 1768 2040 existimationem
1793 1973 1949 2040 satis
1984 1975 2103 2040 tibi
2125 1999 2268 2043 esse

35 2062 55 2181 ζ
194 2067 726 2134 commendatam
760 2075 968 2153 putes.

1184 2301 1289 2358 XI.

626 2402 745 2459 Scr.
763 2405 826 2460 in
844 2402 1045 2460 Cilicia
1061 2421 1253 2460 mense
1272 2403 1512 2470 Quintili
1531 2423 1582 2460 a.
1600 2422 1656 2460 u.
1675 2423 1723 2461 c.
1745 2407 1864 2463 704.
1895 2439 1900 2442 ·

471 2506 547 2562 M.
583 2504 859 2563 CICERO
896 2505 1053 2562 IMP.
1090 2505 1148 2562 S.
1183 2507 1257 2561 D.
1297 2506 1360 2563 C.
1398 2507 1822 2565 MARCELLO
1859 2509 2017 2566 COS.

43 2633 52 2725 ξ
336 2629 640 2714 Quantae
674 2652 867 2696 curae
910 2628 1029 2695 tibi
1063 2652 1245 2696 meus
1292 2631 1497 2696 honos
1532 2630 1727 2696 fuerit
1762 2641 1825 2696 et
1871 2652 2068 2715 quam
2101 2632 2274 2697 idem
2301 2659 2325 2696 1

32 2735 53 2798 ’ἶ
187 2724 525 2795 exstiteris
560 2725 783 2790 consul
815 2723 886 2789 in
917 2724 1023 2790 me
1058 2722 1346 2788 ornando
1375 2734 1440 2788 et
1475 2723 1945 2809 amplificando,
1983 2724 2094 2806 qui
2129 2725 2272 2790 fue-

43 2810 57 2921 3}
187 2844 306 2888 ras
347 2841 602 2905 semper
637 2840 784 2884 cum
828 2817 1201 2903 parentibus
1247 2816 1375 2882 tuis
1421 2827 1487 2881 et
1521 2839 1671 2882 cum
1713 2826 1851 2882 tota
1884 2817 2104 2894 dome,
2153 2819 2275 2884 etsi

187 2939 303 2984 res
344 2914 488 3000 ipsa
522 2913 934 2998 loquebatur,
979 2910 1257 2998 cognovi
1290 2921 1507 2979 tamen
1542 2934 1624 2977 ex
1659 2932 1950 2977 meorum
1986 2913 2274 2979 omnium

188 3008 464 3086 litteris3
499 3008 717 3091 itaque
754 3006 911 3071 nihil
950 3016 1047 3072 est
1081 3015 1355 3083 tantum,
1393 3005 1568 3091 quod
1603 3026 1726 3091 ego
1761 3027 1893 3071 non
1928 3017 2043 3072 tua
2078 3028 2276 3073 causa

191 3105 482 3171 debeam
515 3101 932 3185 facturusque
968 3101 1089 3166 sim
1124 3099 1410 3167 studiose
1447 3122 1524 3165 ac
1569 3097 1863 3165 libenter.
1951 3123 2102 3165 nam
2137 3124 2275 3167 ma-
2309 3118 2334 3157 2

69 3203 76 3207 ’
189 3196 321 3286 gni
345 3196 629 3273 interest,
658 3195 763 3260 cui
792 3195 1057 3273 debeas;
1095 3194 1329 3260 debere
1350 3205 1568 3260 autem
1596 3192 1838 3259 nemini
1863 3192 2061 3258 malui
2079 3215 2275 3278 quam

192 3291 345 3366 tibi,
382 3289 488 3354 cui
513 3312 618 3355 me
645 3311 795 3355 cum
822 3289 1035 3354 studia
1062 3287 1448 3365 communia,
1485 3286 1798 3352 beneficia
1831 3297 2099 3372 paterna
2133 3299 2276 3367 tua-

189 3407 334 3471 que
387 3382 517 3450 iam
570 3395 719 3449 ante
773 3382 1239 3448 coniunxerant
1257 3429 1276 3459 ‚
1331 3392 1471 3445 tum
1526 3380 1774 3447 accedit
1816 3403 1964 3447 mea
2013 3381 2276 3464 quidem

191 3478 524 3547 sententia
573 3478 932 3542 maximum
979 3477 1335 3552 vinculum,
1391 3474 1566 3560 quod
1618 3474 1710 3541 ita
1761 3497 1899 3542 rem
1950 3476 2275 3562 publicam

192 3572 379 3662 geris
416 3582 607 3656 atque
641 3571 924 3658 gessisti,
962 3592 1092 3656 qua
1126 3570 1283 3635 mihi
1318 3569 1531 3635 carius
1567 3567 1726 3634 nihil
1760 3579 1886 3646 est,
1922 3578 2023 3647 ut,
2072 3590 2276 3652 quan-

196 3680 347 3734 tum
381 3665 501 3731 tibi
535 3688 755 3731 omnes
790 3665 943 3731 boni
980 3665 1286 3741 debeant,
1322 3684 1453 3749 quo
1490 3663 1703 3728 minus
1739 3664 2116 3728 tantundem
2151 3682 2274 3748 ego

194 3783 376 3828 unus
415 3760 717 3836 debeam,
751 3782 883 3825 non
916 3779 1227 3824 recusem.
1320 3779 1517 3843 quam
1553 3757 1639 3824 ob
1672 3779 1811 3823 rem
1848 3757 1964 3822 tibi
1999 3757 2194 3822 velim
2227 3756 2275 3820 ii

32 3836 43 3945 f
192 3857 336 3922 sint
380 3854 621 3932 exitus,
678 3875 838 3938 quos
874 3852 1135 3920 mereris
1173 3867 1238 3919 et
1281 3874 1445 3937 quos
1492 3851 1631 3919 fore
1678 3851 1959 3917 confido:
2013 3862 2165 3936 ege,
2220 3849 2276 3914 si

32 3956 54 4055 'f
196 3971 310 4014 me
362 3948 693 4034 navigatio
737 3971 870 4014 non
922 3947 1306 4024 morabitur,
1364 3969 1532 4031 quae
1577 3946 1946 4012 incurrebat
1988 3945 2058 4011 in
2099 3945 2273 4032 ipsos

32 4060 39 4132 j
198 4041 464 4121 etesias,
502 4043 875 4129 propediem
911 4053 995 4122 te,
1030 4053 1105 4108 ut
1138 4063 1349 4130 spere,
1383 4040 1638 4107 videbo.

32 4137 47 4231 ξ
808 4147 817 4154 “
1814 4139 1885 4195 25
1903 4142 1931 4171 ·
