2675 4559
468 215 473 220 ·
508 193 642 263 364
1112 202 1190 256 M.
1230 200 1508 259 TULLII
1544 199 1943 258 cmERoms

507 331 807 406 suadeas,
860 326 1016 392 mihi
1060 336 1124 391 te
1169 325 1379 391 carius
1423 324 1584 390 nihil
1628 347 1767 390 esse
1811 346 1932 390 nec
1977 346 2280 408 umquam
2327 325 2513 391 fuisse.

505 426 670 501 vale,
703 444 849 487 mea
866 419 1190 498 Terentia,
1227 440 1423 510 quam
1460 442 1582 506 ego
1619 419 1835 486 videre
1870 419 2094 485 videor
2128 419 2338 504 itaque
2368 419 2514 485 debi-
2586 416 2587 431 ¹

504 519 654 584 litor
685 515 985 582 lacrimis.
1037 515 1201 580 vale.
1254 538 1352 601 pr.
1387 515 1541 580 Kal.
1576 513 1742 582 Dec.

1481 673 1583 730 IV.

815 779 931 836 Scr.
951 777 1237 832 Brundisii
1251 777 1395 848 prid.
1417 776 1710 832 Kalendas
1728 777 1910 832 Maias
1928 795 1980 832 a.
1999 794 2056 832 u.
2079 794 2128 832 c.
2149 777 2269 832 696.

514 880 852 940 TULLIUS
879 880 935 937 S.
962 872 1035 934 D'.
1063 878 1649 1022 TERENTIASEJST
1686 879 2033 937 TULLIAE
2071 879 2177 934 ET
2211 877 2522 936 CICERONI
2588 840 2589 869 ἒ

458 1112 470 1148 π
642 1083 786 1170 Ego
830 1080 1039 1146 minus
1086 1102 1278 1166 saepe
1325 1080 1408 1145 do
1445 1079 1529 1144 ad
1572 1101 1686 1144 vos
1728 1080 1998 1157 litteras,
2045 1102 2246 1165 quam
2285 1101 2523 1166 possum,

514 1188 849 1264 propterea
898 1174 1072 1259 quod
1126 1196 1273 1240 cum
1328 1172 1545 1238 omnia
1593 1173 1749 1238 mihi
1795 1186 2086 1261 tempora
2131 1184 2281 1240 sunt
2316 1173 2522 1247 misera,
2589 1146 2591 1239 l

516 1292 650 1336 rum
682 1291 863 1346 vero,
909 1290 1056 1333 cum
1091 1278 1206 1332 aut
1248 1267 1457 1332 scribo
1492 1266 1577 1332 ad
1612 1289 1728 1334 vos
1764 1279 1878 1333 aut
1909 1280 2161 1335 vestras
2195 1268 2368 1356 lego,
2407 1289 2522 1333 con-

514 1368 689 1428 fissim·
732 1362 1009 1428 lacrimis
1053 1361 1173 1439 sic,
1229 1372 1303 1426 ut
1354 1361 1522 1428 ferre
1565 1383 1695 1427 non
1748 1364 2010 1449 possim.
2101 1364 2278 1448 quod
2327 1361 2522 1427 utinam

517 1460 722 1524 minus
750 1456 919 1523 vitae
948 1456 1165 1542 cupidi
1198 1455 1573 1522 fuissemusl
1612 1468 1784 1522 certe
1812 1456 1973 1523 nihil
2006 1469 2125 1523 aut
2149 1479 2279 1523 non
2302 1457 2523 1521 multum

517 1556 578 1616 iu
618 1551 749 1618 vita
782 1551 937 1616 mali
971 1550 1372 1617 vidissemus.
1427 1550 1602 1635 quod
1635 1551 1692 1616 si
1724 1573 1843 1616 nos
1874 1552 1957 1617 ad
1991 1552 2280 1636 aliquam
2306 1548 2522 1615 alicuius

518 1645 834 1712 *tet-mmo&
868 1646 1211 1731 aliquando
1245 1646 1667 1732 recuperandi
1702 1669 1884 1732 spem
1917 1646 2183 1712 fortuna
2208 1643 2523 1717 reservavit,
2592 1681 2593 1741 Ξ

522 1744 728 1808 minus
762 1752 859 1809 est
894 1753 1175 1807 erratum
1210 1764 1252 1806 a
1283 1741 1500 1818 nobis3
1538 1741 1636 1806 sin
1670 1741 1830 1807 haec
1866 1742 2035 1807 mala
2071 1743 2206 1808 fixa
2240 1751 2402 1816 sunt,
2433 1759 2524 1823 ego

529 1859 669 1902 tero
703 1846 767 1903 te
801 1857 996 1920 quam
1033 1836 1344 1923 primum,
1386 1857 1532 1901 mea
1565 1835 1724 1912 vita,
1771 1836 1960 1922 cupio
1996 1837 2219 1903 videre
2255 1846 2317 1901 et
2354 1835 2415 1898 in
2441 1841 2522 1895 tuo

522 1932 837 2016 ‹mnplexu
870 1930 1099 2007 emori,
1152 1930 1453 2015 quoniam
1500 1950 1708 2014 neque
1755 1929 1850 2007 di,
1905 1951 2069 2014 quos
2115 1942 2190 1996 tu
2232 1926 2525 1995 castissime
2593 1978 2595 2006 A

522 2025 799 2103 voluisti,
832 2046 1043 2108 neque
1078 2023 1399 2102 homines,
1436 2024 1671 2108 quibus
1706 2046 1828 2109 ego
1864 2047 2123 2111 semper
2158 2023 2403 2100 servivi,
2438 2041 2522 2084 no-
2594 2053 2595 2083 ;

462 2145 482 2180 -·;
526 2120 618 2184 bis
650 2119 924 2204 gratiam
957 2118 1359 2183 rettulerunt.
1413 2140 1530 2183 nos
1566 2117 1895 2183 Brundisii
1930 2120 2109 2204 apud
2140 2119 2240 2186 Μ.
2261 2114 2524 2183 Laenium
2594 2199 2595 2202 Ἴ

518 2212 824 2277 ‚Flaccum
870 2211 1005 2277 dies
1036 2235 1169 2278 xm.
1206 2211 1476 2290 fuimus,
1531 2212 1740 2278 virum
1774 2213 2120 2299 optimum,
2175 2213 2285 2300 qui
2325 2210 2521 2298 pericu·
2592 2207 2594 2211 ’

521 2308 653 2368 lum
697 2305 1100 2370 fortunarum
1146 2316 1211 2371 et
1254 2306 1480 2390 capitis
1526 2306 1626 2371 sui
1672 2329 1827 2393 prae
1862 2330 2006 2375 mea
2041 2309 2250 2373 salute
2292 2299 2525 2390 neglexit

519 2420 724 2484 unque
758 2398 919 2484 legis
953 2399 1439 2485 inprobissimae
1475 2422 1684 2485 poena
1708 2400 2023 2467 deductus
2052 2414 2172 2481 est,
2208 2421 2331 2486 quo
2355 2397 2521 2462 minus
2596 2468 2597 2474 ἵ

522 2492 773 2580 hospitii
805 2503 870 2559 et
906 2493 1220 2559 amicitiae
1255 2494 1360 2559 ius
1396 2494 1809 2580 officiumque
1843 2507 2229 2582 praestaret:
2265 2493 2402 2559 huic
2431 2488 2524 2552 uti-

522 2616 558 2652 11
566 2612 668 2652 am
702 2587 1044 2673 aliquando
1068 2588 1343 2673 gratiam
1371 2589 1608 2655 referre
1644 2589 1990 2677 possimusl
2027 2589 2394 2659 habebimus
2419 2581 2525 2667 qui·

462 2712 482 2744 s
522 2687 666 2748 dem
712 2704 983 2768 semper.
1078 2682 1425 2748 Brundisio
1467 2681 1740 2770 profecti
1782 2707 2002 2750 sumus
2047 2685 2213 2771 prid.
2256 2683 2342 2749 Κ.
2373 2675 2525 2747 Mai-3

526 2804 634 2860 per
667 2777 1121 2843 Macedoniam
1158 2775 1473 2864 Cyzicum
1508 2779 1905 2865 petebamus.
1993 2802 2032 2846 o
2078 2804 2184 2847 me
2228 2767 2524 2866 perditum!

522 2896 558 2932 n
598 2871 950 2937 adflictuml
1004 2872 1161 2956 quid
1195 2896 1369 2939 nunc
1412 2895 1638 2960 rogem
1681 2884 1773 2951 te,
1827 2885 1902 2940 ut
1943 2876 2194 2953 venias,
2247 2870 2524 2938 mulierem

522 2987 811 3048 aegram,
870 2977 935 3030 et
976 2987 1240 3053 corpore
1305 2978 1372 3032 et
1423 2968 1636 3034 animo
1691 2969 2087 3035 confectam?
2139 2992 2265 3035 non
2311 2955 2522 3062 rogem?

522 3060 657 3124 sins
701 3068 766 3124 te
806 3057 1004 3144 igitur
1047 3060 1207 3125 sim?
1258 3061 1513 3146 opinor,
1569 3063 1660 3128 sic
1694 3086 1916 3150 agam:
1971 3064 2026 3128 si
2059 3075 2157 3129 est
2199 3083 2337 3149 spes
2366 3061 2522 3123 nostrl

522 3152 789 3232 reditus,
824 3176 970 3219 eam
1004 3155 1339 3222 confirmes
1376 3167 1441 3222 et
1473 3180 1544 3223 re
1580 3157 1878 3236 adiuves3
1916 3159 2034 3235 sin,
2071 3170 2145 3225 ut
2179 3178 2296 3244 ego
2329 3160 2516 3217 metuo,

522 3258 914 3313 transactum
957 3259 1083 3326 est,
1138 3271 1396 3334 quoquo
1440 3252 1632 3317 modo
1658 3264 1862 3339 *potes
1907 3254 1991 3318 ad
2038 3277 2142 3320 me
2186 3253 2287 3319 fac
2328 3241 2518 3313 venias·

525 3366 722 3405 unum
762 3341 887 3408 hoo
930 3342 1118 3408 scito:
1174 3345 1229 3408 si
1275 3355 1339 3410 te
1385 3345 1666 3424 habeb0,
1718 3370 1851 3413 non
1885 3347 2044 3413 mihi
2078 3346 2331 3414 videbor
2370 3338 2516 3424 plane

522 3436 778 3516 perisse.
868 3436 984 3501 sed
1026 3437 1183 3520 quid
1218 3437 1499 3506 Tulliola
1533 3463 1678 3506 mea
1709 3441 1859 3507 fiet?
1902 3442 2032 3508 iam
2080 3443 2149 3508 id
2181 3461 2291 3506 vos
2323 3431 2515 3500 videta

522 3529 675 3593 vmihi
720 3529 901 3595 deest
943 3532 1297 3598 consilium.
1386 3535 1501 3600 sed
1546 3547 1747 3613 certe,
1801 3557 2061 3621 quoquo
2114 3535 2298 3601 modo
2344 3549 2404 3594 se
2436 3540 2513 3585 ΓΘΗ

522 3622 812 3699 habebit,
855 3623 1026 3690 illius
1070 3626 1356 3693 misellae
1402 3639 1468 3693 et
1510 3631 1915 3697 matrimonio
1953 3642 2016 3696 et
2050 3631 2257 3695 famae
2289 3618 2514 3720 servielff·

522 3720 674 3781 tium
711 3728 824 3782 est.
912 3719 1107 3803 quid?
1143 3717 1374 3788 Cicero
1409 3746 1591 3790 meus
1625 3725 1783 3808 quid
1818 3725 2006 3812 aget?
2048 3725 2170 3791 iste
2203 3740 2344 3788 vero
2372 3713 2439 3782 sit
2461 3728 2511 3814 ¹.¹¹

522 3812 664 3876 sinu
699 3835 951 3898 semper
986 3827 1051 3881 et
1086 3818 1402 3903 conplexu
1435 3842 1601 3886 meo.
1671 3843 1803 3886 non
1838 3843 2004 3906 queo
2039 3822 2224 3907 plura
2252 3820 2367 3883 iam
2393 3825 2510 3908 scr}-

525 3904 698 4008 [ΜΞ-ὓς
734 3905 980 3990 inpedit
1012 3933 1281 3978 maeror.
1370 3923 1440 3979 tu
1476 3915 1635 4000 quid
1668 3917 1897 4003 egeris,
1933 3917 2176 3985 nescio:
2213 3924 2397 3981 utrum
2424 3897 2510 3963 ⁸1¹·

462 4016 482 4048 *
522 3997 673 4076 slssld
708 4007 925 4065 teneas
955 4026 1057 4080 an,
1094 4005 1269 4089 quod
1304 4020 1542 4089 metuo,
1577 4011 1767 4097 plane
1795 4012 1881 4078 sis
1911 4013 2197 4100 spoliata.
2246 4005 2503 4075 Pisonem,
