2675 4559
769 265 1327 324 EPISTOLARUM
1361 266 1491 324 xv.
1530 269 1687 323 5-8.
2119 256 2251 328 385
2372 241 2376 245 ’

183 389 303 456 sed
347 399 594 465 tamen,
645 387 703 452 si
748 387 1074 453 deferatur
1116 413 1157 454 a
1197 401 1458 468 senatu,
1505 391 1768 458 minime
1811 393 2249 479 aspernandus

184 507 328 550 esse
359 482 677 548 videatur.
765 503 953 567 spero
997 494 1213 548 autem
1248 483 1440 548 illum
1475 485 1764 551 ordinem
1795 510 1924 573 -pro
1965 489 2126 555 meis
2161 489 2251 555 ob·

179 599 324 643 rem
366 576 695 663 publicam
730 575 1041 661 susceptis
1076 577 1412 642 ‘laboribus
1444 601 1552 644 me
1587 602 1718 645 non
1756 581 2097 667 indignum
2122 581 2246 649 ho-

179 693 362 748 nore,
399 671 635 736 usitato
669 671 1064 755 praesertim,
1094 671 1630 738 existimaturum.
1648 676 1863 758 *quod
1884 677 1951 740 :si
1985 677 2076 745 ita
2102 677 2249 754 erit,

178 776 437 829 tantum
470 786 553 828 ex
587 775 650 828 te
681 773 856 848 pet0,
892 764 1067 846 quod
1102 764 1482 831 amicissime
1518 767 1774 844 scribis,
1810 779 2097 844 ατη-Μ
2122 781 2247 834 tuo

178 857 444 935 iudici0‚
479 856 652 941 quod
686 856 1149 942 amplissimum
1185 881 1324 924 esse
1351 859 1697 936 arbitraris,
1724 861 1892 925 *mihi
1910 862 2246 940 ·-tribueris‚

180 951 234 1015 si
270 951 367 1027 id,
400 950 575 1035 quod
606 951 923 1026 maluero,
960 951 1292 1029 acciderit,
1327 953 1644 1038 gaudeas:
1682 954 1775 1018 sic
1810 955 1980 1019 enim
2015 955 2244 1022 fecisse

177 1056 243 1110 te
280 1057 350 1110 et
383 1045 657 1110 sensisse
692 1055 756 1108 et
791 1043 1115 1129 scripsisse
1144 1046 1352 1122 vide0,
1388 1067 1618 1130 resque
1654 1047 1794 1132 ipsa
1820 1048 2101 1113 declarat
2128 1048 2245 1112 tibi

176 1139 366 1204 illum
418 1138 722 1203 honorem
773 1149 1063 1202 nostrum
1107 1140 1586 1224 supplicationis
1631 1141 1982 1205 iucundum
2024 1142 2245 1218 fuisse,

177 1233 360 1318 quod
396 1232 729 1297 scribendo
766 1232 1056 1310 adfuisti3
1092 1233 1252 1298 haec
1289 1235 1460 1298 enim
1495 1246 1756 1300 senatus
1792 1236 2082 1301 consulta
2113 1258 2244 1300 non

175 1327 410 1413 ignoro
464 1325 547 1390 ab
600 1325 997 1392 amicissimis
1042 1327 1209 1404 eius,
1265 1328 1447 1392 cuius
1499 1328 1704 1392 honor
1749 1329 1991 1414 agitur,
2048 1329 2241 1394 scribi

178 1422 409 1486 solere.
452 1441 605 1506 ege,
641 1431 714 1485 ut
742 1441 952 1505 spere,
984 1430 1049 1486 te
1067 1422 1449 1506 ,propediem
1477 1423 1730 1501 videbe,
1769 1435 1963 1508 atque
1997 1423 2243 1489 utinam

175 1537 247 1581 re
277 1515 547 1601 publica
574 1514 842 1580 ¹meliore
873 1535 1074 1598 „quam
1111 1514 1338 1580 timeol

1142 1749 1273 1805 VII.

179 1852 301 1909 Ser.
324 1852 385 1906 in
405 1851 601 1906 castris
622 1853 692 1906 ad
705 1851 968 1923 Cybistra
979 1851 1379 1922 Cappadociae
1396 1869 1584 1908 mense
1597 1851 1911 1923 Septembri
1931 1871 1981 1908 a.
1993 1871 2048 1908 u.
2061 1870 2109 1908 c.
2122 1854 2242 1909 703.

193 1947 288 2009 ’Μ.
330 1951 605 2010 CICERO
640 1950 955 2009 PROCOS.
992 1953 1049 2009 S.
1086 1954 1161 2008 D.
1200 1953 1262 2010 C.
1300 1953 1721 2010 MARCELLO
1760 1954 1916 2011 COS.
1951 1955 2206 2010 DESIG.

289 2077 605 2142 ‚Maxima
631 2098 782 2141 sum
824 2077 1069 2143 laetitia
1101 2076 1424 2156 adfectus,
1471 2100 1619 2144 cum
1663 2079 1881 2144 audivi
1916 2079 2241 2144 consulem

176 2172 588 2239 tezfactum
581 2194 770 2249 esse,
820 2193 1112 2257 =eumque
1168 2171 1477 2238 honorem
1539 2172 1657 2239 tibi
1712 2174 1863 2241 deos
1916 2173 2241 2238 fortunare

175 2268 358 2335 volo
349 2278 556 2352 atque
592 2289 632 2335 a
665 2277 729 2332 te
749 2288 882 2352 pro
918 2278 1032 2336 tua
1063 2268 1502 2376 parentisque
1495 2268 1604 2332 tui
1633 2267 1943 2353 dignitate
1964 2268 2242 2340 admini-

177 2362 396 2428 strati:
443 2383 602 2425 :mm
646 2383 795 2425 cum
838 2371 901 2425 te
936 2383 1199 2446 semper
1252 2361 1471 2427 amavi
1523 2361 1873 2446 dumique,
1912 2373 2064 2428 tum
2111 2361 2242 2426 mei

176 2455 717 2521 amantissimum
708 2453 999 2539 οομονί
1019 2455 1101 2521 in
1115 2456 1301 2524 omni
1336 2456 1644 2522 varietate
1679 2479 1896 2522 rerum
1918 2477 2240 2533 -‚mearum

175 2563 315 2616 tum
358 2549 557 2635 patris
605 2547 699 2612 tui
743 2547 1033 2634 pluribus
1088 2549 1414 2616 beneficiis
1459 2550 1562 2616 vel
1610 2550 1912 2616 defensus
1955 2549 2242 2614 tristibus

174 2642 574 2730 temporibus
627 2641 730 2707 vel
773 2652 1036 2709 ornatus
1082 2643 1382 2709 secundis
1418 2652 1484 2709 et
1523 2665 1670 2708 sum
1716 2655 1888 2708 totus
1933 2654 2144 2708 vester
2179 2654 2243 2706 et

177 2760 320 2819 esse
356 2737 590 2813 debeo,
627 2758 774 2802 cum
808 2736 1186 2822 praesertim
1221 2736 1443 2801 matris
1478 2747 1657 2812 tuae,
1688 2735 2109 2822 gravissimae
2146 2747 2241 2799 at-

176 2855 304 2916 que
317 2832 611 2918 -optimae
646 2830 943 2907 feminae,
980 2831 1223 2896 maiora
1249 2853 1408 2916 erga
1435 2832 1708 2896 salutem
1736 2830 2240 2916 dignitatemque

176 2949 393 2993 meam
420 2925 667 3002 studia,
702 2945 901 3008 quam
934 2936 1120 2988 erant
1155 2947 1195 2990 a
1218 2925 1496 2990 muliere
1529 2925 1946 3009 postulanda,
1980 2946 2242 3011 perspe-

178 3021 405 3086 xerim.
476 3030 861 3104 quapropter
896 3041 935 3083 a
969 3031 1035 3084 te
1069 3030 1218 3103 peto
1253 3019 1322 3084 in
1356 3019 1666 3084 maiorem
1700 3019 1994 3096 modum,
2030 3031 2103 3084 ut
2137 3041 2242 3084 me

181 3116 514 3181 absentem
548 3113 778 3199 diligas
802 3123 1007 3198 atque
1044 3114 1374 3180 defendas.

1123 3348 1285 3406 VIII.

604 3449 723 3507 Ser.
743 3450 954 3506 ibidem
973 3451 1170 3507 eodem
1186 3468 1377 3508 mense
1398 3451 1647 3506 eiusdem
1667 3450 1820 3505 anni.

224 3554 300 3608 M.
341 3551 617 3609 CICERO
652 3548 966 3609 PROCOS.
1006 3552 1076 3609 Se
1099 3553 1173 3608 D.
1212 3553 1276 3610 O.
1314 3551 1735 3610 MARCELLO
1773 3549 2204 3608 COLLEGAE.

310 3675 697 3740 Marcellum
742 3685 927 3740 tuum
973 3676 1303 3741 consulem
1347 3675 1592 3742 factum
1636 3686 1826 3759 teque
1874 3696 1953 3740 ea
2003 3672 2244 3738 laetitia

187 3767 512 3835 adfectum
548 3791 718 3846 esse,
754 3790 947 3854 quam
984 3769 1262 3834 maxime
1299 3770 1564 3855 optasti,
1608 3767 1969 3832 mirandum
2001 3765 2072 3830 in
2104 3786 2243 3829 mo-

187 3862 340 3926 dum
373 3862 652 3948 gaudeo,
685 3862 881 3948 idque
911 3884 1061 3928 cum
1094 3863 1295 3947 ipsius
1332 3884 1547 3941 causa,
1583 3875 1722 3928 tum
1745 3861 1921 3944 quod
1947 3870 2012 3925 te
2040 3859 2244 3925 omni-

188 3955 308 4021 bus
331 3955 820 4022 secundissimis
862 3957 1057 4026 rebus
1075 3957 1539 4044 «dignissimum
1562 3956 1817 4033 iudice,
1863 3955 2046 4022 cuius
2091 3977 2247 4042 erga

188 4072 291 4117 me
346 4051 737 4138 singularem
774 4052 1294 4136 benevolentiam
1339 4054 1444 4118 vel
1487 4053 1555 4117 in
1598 4052 1816 4117 labore
1851 4072 1997 4117 meo
2030 4050 2138 4118 zvel
2178 4050 2247 4114 in

297 4152 513 4197 Ciceronis
532 4154 615 4197 vol.
635 4152 707 4197 IX.
1799 4151 1869 4206 25
