2675 4559
754 270 1310 328 EPISTOLARUM
1340 272 1508 326 XIII.
1546 275 1595 328 6.
1617 273 1666 328 7.
1829 319 1834 321 .
1941 289 1943 291 ’
2115 262 2246 328 317

176 407 434 464 menter
468 407 533 463 te
566 417 746 484 rogo,
782 407 855 461 ut
892 417 1095 471 cures,
1132 405 1205 459 ut
1240 417 1321 460 ex
1356 393 1478 461 hac
1507 396 2052 463 commendatione
2085 397 2244 464 mihi

184 491 473 578 Cuspius
509 511 700 574 quam
736 489 1067 554 maximas-
1093 508 1289 572 quam
1321 488 1600 574 primum
1645 510 1838 576 quam
1875 492 2242 579 saepissime

180 587 424 674 gratias
462 595 631 672 agat.
719 585 881 649 vale.

1153 733 1285 788 VII.

632 835 746 893 Scr.
767 837 981 895 Romae
999 853 1190 892 menso
1210 813 1440 892 Octobri
1461 854 1512 891 a.
1531 853 1586 892 u.
1610 800 1657 892 c.
1679 837 1797 892 709.

815 937 1090 1018 CICERO
1128 937 1420 996 CLUVIO
1449 937 1620 1018 SAL.

309 1055 491 1124 Cum
516 1056 586 1122 in
606 1053 889 1121 Galliam
924 1054 1331 1140 proficiscens
1368 1076 1487 1139 pro
1521 1065 1738 1120 nostra
1773 1056 2239 1122 necessitudine

180 1175 427 1241 proque
462 1161 578 1215 tua
614 1171 863 1214 summa
894 1149 963 1212 in
997 1170 1101 1213 me
1137 1143 1544 1214 observantia
1577 1149 1661 1214 ad
1694 1170 1797 1215 me
1832 1149 2095 1236 domurn
2130 1173 2242 1216 ve-

181 1249 417 1321 nisses,
470 1245 723 1309 locutus
776 1265 919 1308 sum
972 1253 1185 1308 tecum
1236 1242 1316 1307 de
1371 1263 1542 1328 agro
1570 1243 1870 1329 vectigali
1911 1243 2242 1330 municipii

181 1338 494 1416 Atellani,
531 1338 643 1422 qui
670 1347 838 1402 esset
871 1337 939 1401 in
968 1334 1203 1413 Gallia,
1241 1351 1624 1423 quantoque·
1639 1359 1832 1423 opere
1861 1337 1996 1404 eius
2031 1339 2241 1404 muni-

184 1435 332 1521 cipii
389 1455 587 1498 causa
634 1432 990 1497 laborarem
1004 1479 1021 1508 ,
1084 1430 1200 1495 tibi
1254 1430 1534 1508 ostendi3
1597 1443 1743 1518 post
1794 1444 1971 1497 tuam
2026 1445 2240 1499 autem

181 1529 649 1615 profectionem
684 1546 833 1590 oum
867 1535 932 1590 et
973 1523 1254 1588 maxima
1288 1545 1390 1589 res
1436 1525 1765 1612 municipii
1810 1526 2252 1613 honestissimi

182 1622 473 1706 mihique
507 1617 1006 1685 coniunctissimi
1050 1628 1113 1683 et
1158 1640 1481 1683 summum
1516 1641 1732 1684 meum
1767 1619 2052 1685 officium
2089 1644 2242 1706 age-

180 1729 379 1794 retur,
414 1735 532 1800 pro
569 1725 679 1779 tuo
708 1713 921 1778 animo
956 1712 1025 1776 in
1054 1735 1157 1778 me
1186 1711 1496 1798 singulari
1532 1712 1888 1802 existimavi
1924 1737 2026 1779 me
2055 1736 2243 1800 opor-

182 1822 317 1876 tere
356 1809 443 1874 ad
488 1821 551 1873 te
588 1806 945 1873 accuratius
982 1806 1289 1882 scribere,
1336 1805 1455 1870 etsi
1499 1828 1628 1871 non
1663 1829 1807 1871 sum
1850 1807 2132 1885 nescius,
2179 1819 2244 1873 et

183 1926 351 1989 quae
406 1915 767 1988 temporum
819 1901 980 1966 ratio
1026 1911 1090 1965 et
1142 1922 1306 1984 quae
1351 1910 1464 1964 tua
1503 1910 1788 1986 potestas
1833 1901 1942 1977 sit,
1995 1902 2241 1986 tibique

183 1998 519 2084 negotium
555 1996 775 2062 datum
812 2017 950 2061 esse
987 2018 1026 2058 a
1062 1992 1139 2060 C.
1181 1991 1482 2071 Caesare,
1517 2017 1647 2059 non
1681 1995 2018 2072 iudicium,
2055 2019 2249 2082 prae-

184 2093 355 2158 clare
398 2090 731 2176 intellego:
780 2111 911 2173 qua
951 2111 1021 2153 re
1058 2112 1098 2153 a
1132 2099 1195 2154 te
1230 2099 1479 2154 tantum
1514 2100 1691 2180 peto,
1729 2100 2042 2174 quantum
2078 2102 2141 2156 et
2175 2103 2240 2157 te

182 2186 397 2252 facere
424 2207 613 2271 posse
643 2195 705 2249 et
739 2183 1010 2249 libenter
1036 2207 1181 2249 mea
1208 2205 1406 2248 causa
1431 2183 1752 2249 facturum
1781 2207 1918 2250 esse
1945 2186 2236 2251 arbitror.

186 2293 249 2346 et
284 2279 563 2366 primum
598 2277 789 2343 velim
826 2277 1179 2354 existimeS,
1224 2277 1401 2361 quod
1434 2301 1536 2343 res
1573 2289 1700 2356 est,
1748 2278 2076 2366 municipii
2112 2280 2243 2346 for-

181 2387 374 2439 tunas
411 2371 615 2438 omnis
649 2371 719 2436 in
762 2373 885 2436 isto
921 2370 1221 2457 vectigali
1257 2371 1632 2450 consistere,
1678 2373 1777 2437 his
1825 2384 2038 2440 autem
2081 2386 2243 2442 tem-

179 2467 447 2553 poribus
474 2466 597 2530 hoc
622 2465 1041 2550 municipium
1066 2465 1365 2530 maximis
1397 2466 1693 2530 oneribus
1722 2490 2034 2552 pressum,
2069 2491 2243 2533 sum-

176 2563 301 2628 mis
338 2559 667 2624 adfectum
711 2581 850 2625 esse
888 2558 1396 2624 difficultatibus.
1485 2559 1608 2625 hoc
1653 2560 1772 2625 etsi
1817 2583 2153 2628 commune
2189 2567 2245 2628 ei

178 2657 437 2720 videtur
491 2676 629 2719 esse
682 2675 829 2718 cum
883 2653 1129 2730 multis,
1183 2664 1400 2719 tamen
1452 2653 1610 2718 mihi
1663 2655 1850 2720 crede
1901 2655 2241 2740 singularis

177 2749 331 2814 huic
382 2747 728 2833 municipio
784 2747 1174 2813 calamitates
1228 2747 1565 2824 accidisse,
1611 2769 1777 2832 ‘quas
1829 2748 2066 2832 idcirco
2112 2771 2242 2816 non

177 2864 631 2919 commemorO,
666 2863 749 2906 ne
785 2841 867 2906 de
901 2842 1169 2907 miseriis
1214 2863 1506 2905 meorum
1549 2842 2051 2907 necessariorum
2087 2865 2240 2909 con-

177 2959 457 3024 querens
500 2935 819 3014 homines,
874 2957 1035 3020 quos
1083 2937 1259 3015 n010,
1315 2936 1538 3002 videar
1564 2935 1914 3002 offendere.
2000 2939 2238 3023 itaque,

175 3032 298 3098 nisi
336 3052 642 3115 magnam
678 3051 857 3115 spem
893 3029 1195 3096 haberem
1231 3027 1311 3095 C.
1346 3028 1612 3097 Caesari
1647 3053 1766 3096 nos
1803 3052 2064 3096 oausam
2097 3056 2242 3098 mu-

2275 2299 2302 2340 2

2273 2959 2300 2999 3

174 3125 399 3212 nicipii
434 3125 843 3210 probaturos,
879 3145 1008 3190 non
1045 3137 1178 3190 erat
1216 3147 1410 3191 causa
1421 3172 1440 3202 ,
1478 3149 1592 3190 our
1627 3149 1666 3190 a
1699 3135 1763 3190 te
1797 3125 1921 3190 hoc
1956 3138 2239 3212 tempore
2281 3189 2286 3192 .

176 3220 426 3304 aliquid
473 3220 950 3297 contenderem3
1000 3221 1113 3286 sed
1160 3221 1312 3305 quia
1349 3220 1596 3285 confido
1631 3216 1914 3304 mihique
1950 3223 2240 3306 persuasi

172 3315 362 3380 illum
400 3324 465 3378 et
500 3313 825 3398 dignitatis
862 3315 1194 3401 municipii
1228 3327 1294 3381 et
1330 3315 1666 3398 aequitatis
1694 3323 1758 3379 et
1793 3315 1984 3380 etiam
2012 3317 2240 3380 volun-

170 3408 326 3473 tatis
383 3428 539 3491 erga
592 3429 659 3472 se
713 3407 1083 3480 habiturum
1136 3431 1277 3475 esse
1328 3409 1668 3485 rationem,
1721 3408 1868 3473 ideo
1911 3431 1950 3472 a
1993 3419 2057 3475 te
2109 3431 2238 3487 non

172 3499 479 3567 dubitavi
520 3501 932 3578 contendere,
992 3513 1065 3567 ut
1104 3502 1271 3568 hanc
1307 3525 1568 3568 causam
1609 3501 1699 3566 illi
1733 3502 2050 3588 integram
2087 3525 2237 3568 con-

173 3617 499 3662 servares:
554 3595 729 3679 quod
773 3595 892 3661 etsi
934 3596 1134 3661 nihilo
1179 3597 1390 3662 minus
1436 3618 1476 3660 a
1519 3607 1581 3661 te
1617 3607 1928 3681 peterem,
1981 3598 2035 3662 si
2080 3597 2237 3662 nihil

174 3688 569 3754 audivissem
608 3689 675 3754 'te
720 3690 848 3754 tale
893 3689 1149 3767 fecisse,
1204 3701 1421 3755 tamen
1463 3690 1768 3754 maiorem
1813 3713 1994 3776 spem
2035 3690 2238 3776 impe-

172 3781 392 3847 trandi
436 3793 663 3847 nactus
709 3805 881 3860 sum,
937 3794 1161 3870 postea
1207 3805 1404 3867 quam
1448 3782 1604 3849 mihi
1649 3783 1890 3848 dictum
1937 3794 2060 3862 est,
2115 3783 2237 3850 hoc

173 3876 352 3942 idem
388 3900 429 3940 a
461 3887 525 3941 te
561 3875 901 3963 Regiensis
946 3878 1414 3966 impetravisse,
1461 3877 1571 3961 qui
1607 3877 1725 3942 etsi
1770 3888 1834 3944 te
1877 3877 2092 3962 aliqua
2124 3901 2238 3943 ne-

178 3970 568 4036 cessitudine
614 3971 967 4058 attingunt,
1021 3982 1236 4040 tamen
1278 3981 1429 4036 tuus
1483 3993 1660 4036 amor
1704 3971 1771 4036 in
1824 3994 1926 4038 me
1981 3995 2236 4058 sperare

176 4086 281 4130 me
319 4063 496 4149 cogit
538 4074 632 4140 te,
687 4066 861 4150 quod
906 4067 1033 4130 tuis
1078 4065 1452 4132 necessariis
1497 4064 1823 4144 tribueris,
1865 4065 2049 4140 ,idem
2093 4089 2235 4133 esse
