2675 4559
544 275 675 356 288
1165 287 1244 342 M.
1281 287 1557 344 TULLII
1590 286 1995 348 CICERONIS

1486 459 1649 517 VIII.

1022 563 1140 622 Ser.
1159 564 1375 641 Romae
1393 580 1583 637 mense
1601 563 1763 618 Iunio
1782 580 1834 618 a.
1853 581 1911 618 u.
1930 579 1977 620 e.
2000 563 2118 620 711.

1183 664 1459 724 CICERO
1496 663 1763 722 CASSIO
1800 664 1965 722 SAL.

479 817 505 858 1
671 788 902 858 Scelus
955 788 1184 856 adfinis
1238 789 1333 854 tui
1378 788 1613 878 Lepidi
1664 808 2112 874 summamque
2162 787 2468 856 levitatem
2505 799 2552 854 et
2633 813 2634 854 3

539 885 1034 954 inconstantiam
1075 908 1157 952 ex
1201 884 1391 962 actis,
1436 905 1615 968 quae
1640 883 1723 951 ad
1758 895 1823 950 te
1857 883 2021 948 mitti
2066 893 2240 949 certo
2277 882 2432 960 scio,
2473 904 2552 946 00-

537 1001 776 1068 gnosse
809 992 874 1047 te
909 979 1209 1047 arbitror:
1245 979 1465 1062 itaque
1499 999 1617 1042 nos
1652 976 1945 1043 confecto
1978 975 2148 1043 bello
2156 1024 2181 1055 ‚
2218 987 2296 1042 ut
2328 975 2555 1044 arbitra-

535 1075 794 1154 bamur,
846 1084 1224 1142 renovatum
1270 1073 1516 1139 bellum
1560 1072 1845 1160 gerimus
1890 1093 2197 1160 spemque
2230 1092 2471 1140 omnem
2503 1070 2558 1134 in

535 1167 628 1236 D.
662 1171 868 1236 Bruto
905 1180 969 1235 et
1002 1168 1250 1243 Planoo
1285 1167 1600 1234 habemus
1611 1190 1630 1244 3
1668 1165 1725 1232 si
1757 1188 1981 1233 verum
2016 1165 2293 1252 quaeris,
2326 1165 2395 1230 in
2426 1176 2478 1230 te
2506 1174 2557 1228 et

535 1264 604 1328 in
653 1285 798 1328 meo
849 1263 1054 1328 Bruto
1065 1308 1085 1339 ,
1137 1283 1268 1326 11011
1321 1261 1529 1326 80111111
1574 1260 1659 1326 ad
1710 1283 2011 1347 praesens
2061 1259 2455 1352 perfugium,
2496 1256 2555 1336 81,

535 1357 710 1440 quod
743 1357 969 1434 nolim,
1006 1355 1259 1422 adversi
1294 1355 1453 1440 quid
1489 1355 1820 1435 acciderit,
1864 1355 1978 1423 sed
2014 1356 2207 1422 etiam
2242 1353 2327 1420 ad
2361 1353 2554 1421 confir-

473 1475 500 1516 8
533 1450 877 1518 mationem
929 1460 1276 1537 perpetuae
1336 1449 1669 1516 libertatis.
1779 1473 1898 1516 nos
1958 1449 2064 1516 hic
2118 1450 2197 1516 de
2250 1447 2559 1514 Dolabella

535 1543 975 1622 audiebamus,
1011 1564 1178 1629 quae
1214 1544 1553 1622 vellemne,
1590 1545 1706 1610 sed
1741 1556 1947 1611 certos
1985 1553 2279 1610 auctores
2312 1564 2439 1608 non
2466 1540 2557 1606 ha-

534 1637 865 1704 bebamus.
973 1650 1038 1704 te
1091 1637 1350 1722 quidem
1402 1661 1711 1726 magnum
1771 1638 2093 1732 hominem
2146 1648 2213 1704 et
2272 1633 2560 1724 praesenti

532 1731 771 1798 iudicio
809 1743 874 1800 et
915 1732 1146 1817 reliqui
1188 1733 1491 1820 temporis
1527 1731 2003 1819 exspectatione
2049 1731 2209 1797 scito
2246 1753 2411 1797 esse:
2456 1727 2560 1792 hoc

531 1825 650 1892 tibi
683 1827 1010 1913 proposito
1045 1827 1151 1896 fac
1185 1839 1258 1898 ut
1292 1828 1378 1894 ad
1421 1849 1675 1894 summa
1706 1825 2051 1893 contendas
2062 1851 2085 1904 3
2126 1825 2289 1895 1111111
2322 1834 2413 1891 est
2442 1833 2561 1886 tan-

534 1932 700 2000 tum,
747 1922 921 2006 quod
953 1943 1085 1988 11011
1130 1922 1413 2009 populus
1445 1921 1777 1989 Romanus
1813 1943 1852 1987 a
1885 1932 1951 1988 te
1985 1920 2205 2009 perfici
2253 1929 2437 2004 atque
2467 1916 2559 1980 ob-

532 2016 718 2084 tineri
754 2037 944 2102 posse
978 2015 1238 2084 iudicet.
1325 2017 1489 2084 vale.

1504 2251 1612 2306 IX.

1008 2349 1126 2408 Ser.
1143 2349 1361 2422 Romae
1376 2369 1569 2409 mense
1585 2353 1750 2408 Iunio
1768 2367 1819 2408 a.
1839 2368 1893 2408 11.
1915 2367 1964 2408 0.
1985 2352 2105 2408 711.

1161 2454 1437 2513 CICERO
1476 2451 1745 2512 CASSIO
1782 2453 1947 2512 SAL.

467 2601 490 2637 1
655 2575 952 2644 Brevitas
995 2586 1252 2644 tuarum
1291 2577 1647 2642 litterarum
1680 2601 1785 2644 me
1822 2598 2080 2662 quoque
2123 2577 2481 2646 breviorem
2506 2577 2561 2640 in

526 2670 862 2737 scribendo
887 2670 1062 2748 facit,
1097 2682 1179 2748 et,
1213 2693 1365 2738 vere
1392 2682 1465 2736 ut
1492 2670 1721 2749 dicam,
1756 2694 1887 2740 11011
1914 2671 2065 2738 satis
2095 2671 2394 2750 occurrit,
2429 2669 2560 2756 quid

499 2764 828 2842 scribam
881 2775 1132 2832 nostras
1175 2765 1347 2832 enim
1398 2786 1499 2831 res
1543 2765 1612 2829 in
1655 2765 1813 2833 actis
1858 2765 2129 2852 perferri
2169 2764 2259 2832 ad
2302 2777 2367 2832 te
2413 2775 2559 2832 certo

523 2857 686 2934 8010,
737 2868 884 2923 tuas
931 2869 1148 2928 autem
1189 2857 1589 2945 ignoramus:
1642 2870 1975 2943 tamquam
2020 2859 2195 2925 enim
2238 2859 2459 2926 clausa
2496 2857 2559 2922 sit

522 2949 688 3014 Asia
693 2996 714 3028 ,
761 2950 854 3016 sic
897 2951 1055 3019 nihil
1089 2951 1407 3038 perfertur
1442 2951 1525 3018 ad
1567 2973 1683 3018 1108
1728 2962 1984 3038 praeter
2026 2975 2317 3020 rumores
2352 2952 2437 3019 de
2468 2973 2559 3036 op-

519 3063 740 3128 presso
767 3043 1142 3126 Dolabella·
1167 3047 1322 3116 satis
1356 3046 1499 3112 illos
1534 3045 1795 3130 quidem
1820 3047 2191 3126 constantie,
2226 3045 2345 3114 sed
2372 3045 2556 3114 adhuc

459 3158 486 3200 2
521 3137 656 3205 sine
699 3149 978 3220 auctore.
1073 3162 1220 3220 nos,
1275 3140 1636 3208 confectum
1687 3138 1931 3208 bellum
1982 3163 2133 3208 cum
2184 3152 2557 3228 putaremus»

516 3244 778 3318 repente
823 3256 865 3298 a
897 3233 1150 3321 Lepido
1193 3246 1308 3302 tuo
1350 3234 1419 3300 in
1461 3255 1782 3303 summam
1818 3233 2313 3318 sollicitudinem
2355 3253 2555 3303 sumus

518 3326 812 3402 adducti:
868 3329 1093 3412 itaque
1153 3328 1270 3398 tibi
1337 3327 1652 3415 persuade
1713 3328 2065 3414 maximam
2124 3329 2219 3420 rei
2278 3329 2556 3416 publicae

501 3443 700 3522 gpem
743 3422 812 3488 in
861 3433 925 3488 te
969 3434 1032 3490 et
1081 3423 1152 3488 in
1203 3422 1328 3490 tuis
1376 3423 1573 3510 copiis
1628 3444 1787 3491 esse.
1876 3421 2094 3490 firmos
2147 3423 2417 3498 omnino
2464 3443 2557 3488 ex·

515 3515 747 3583 ercitus
789 3515 1131 3596 habemus,
1175 3517 1291 3586 sed
1331 3527 1578 3594 tamen,
1622 3527 1696 3583 ut
1729 3517 1974 3596 omnia,
2026 3529 2103 3589 ut
2147 3539 2373 3606 spero,
2426 3537 2555 3604 pro-

513 3630 700 3694 spere
731 3610 1101 3695 procedant,
1136 3611 1411 3694 multum
1444 3611 1707 3698 interest
1741 3622 1805 3678 te
1840 3612 2089 3690 venire;
2124 3613 2371 3700 exigua
2406 3611 2552 3680 enim

511 3723 660 3788 spes
717 3715 820 3773 est
875 3704 970 3772 rei
1030 3704 1358 3792 publicae,
1418 3729 1573 3774 nam
1631 3706 1877 3798 nullam
1937 3726 2068 3776 11011
2117 3707 2277 3774 libet
2345 3707 2552 3776 dicere,

511 3796 656 3874 sed,
707 3819 1148 3956 qupecumque
1193 3811 1319 3878 est,
1369 3823 1451 3868 ea
1503 3800 1936 3889 despondetur
1986 3823 2155 3882 anno
2201 3801 2550 3870 consulatus

509 3888 623 3954 tui.
711 3915 794 3958 va
818 3915 873 3957 0.
