2675 4559
699 290 1252 348 EPISTULARUM
1288 292 1360 344 X.
1400 292 1619 348 15-18.
2059 282 2184 348 237

71 448 73 493 ;
186 415 395 490 videor,
445 412 836 497 libenterque
874 411 943 481 ,ei
988 436 1131 479 sum
1183 413 1546 480 testimonio
1590 425 1655 480 et
1707 416 2003 480 omnibns
2059 440 2188 496 ern,

71 508 73 525 ί
188 509 273 592 qui
317 508 468 573 bene
518 518 855 572 merentur.
961 508 1067 574 fac
1117 509 1334 575 valeas
1390 531 1620 595 meque
1679 524 1907 576 mutuo
1959 512 2188 596 diligas

71 593 74 636 ³
186 602 638 688 dignitatemque
670 625 901 680 meam,
938 602 996 669 si
1027 624 1295 682 mereor,
1330 605 1590 682 tuearis,
1625 605 1787 672 sient
1815 604 2027 672 adhue
2063 608 2195 672 sin-

184 696 355 781 gulari
388 717 529 761 cum
564 697 1005 763 benevolentia
1039 697 1265 764 fecisti.

1052 846 1272 903 XVIII.

522 947 641 1004 Ser.
660 949 720 1003 in
737 940 934 1004 castris
951 949 1086 1004 XII.
1106 949 1239 1004 Kal.
1256 949 1450 1003 Iunias
1470 943 1522 1004 a.
1539 967 1595 1004 u.
1616 967 1664 1005 c.
1687 952 1803 1004 vll.

775 1050 1134 1109 PLANCUS
1169 1050 1549 1110 CICERONI.

284 1161 445 1245 Quid
501 1166 571 1229 in
622 1165 836 1230 animo
897 1165 1258 1244 habuerim,
1329 1187 1480 1232 cum
1531 1167 1791 1232 Laevus
1845 1168 2188 1252 Nervaque
2227 1192 2252 1232 1

186 1257 562 1325 discesserunt
590 1281 632 1324 a
655 1281 782 1338 me,
818 1269 883 1325 et
900 1281 982 1325 ex
1014 1259 1265 1338 litteris,
1300 1281 1464 1345 quas
1491 1260 1584 1327 eis
1612 1260 1779 1336 dedi,
1819 1272 1883 1324 st
1919 1284 1999 1328 sn
2035 1264 2192 1348 ipsis

184 1371 516 1436 cognoscere
550 1351 838 1440 potuisti,
873 1354 987 1439 qui
1021 1355 1318 1420 omnibus
1355 1355 1550 1421 rebus
1587 1356 1995 1440 consiliisque
2031 1356 2192 1440 nisis

181 1443 575 1513 interfuerunt.
667 1448 897 1514 accidit
940 1449 1126 1526 mihi,
1171 1449 1348 1533 quod
1394 1448 1637 1515 homini
1679 1452 1947 1536 pudenti
1983 1460 2047 1516 st
2079 1472 2192 1516 nna

180 1537 299 1622 pido
337 1541 479 1606 satis
521 1541 804 1608 faciendi
848 1542 941 1608 rei
982 1542 1280 1630 publicae
1324 1543 1640 1628 bonisque
1687 1544 1983 1608 omnibus
2027 1544 2196 1608 neni-

182 1632 299 1699 dere
342 1637 523 1714 solet,
598 1647 670 1702 ut
722 1636 1057 1703 consilium
1119 1658 1422 1722 sequerer
1480 1637 1911 1723 periculosum
1963 1640 2192 1722 magis,

183 1719 307 1792 dum
346 1752 442 1795 me
490 1731 864 1816 probarem,
918 1753 1115 1817 quam
1167 1728 1408 1810 tutum,
1463 1731 1638 1816 quod
1689 1732 1923 1796 habere
1975 1744 2192 1816 posset

182 1819 679 1890 obtrectationem.
766 1824 983 1909 itaque
1028 1836 1173 1911 post
1208 1825 1560 1891 discessum
1601 1825 1989 1912 legatorum,
2043 1848 2192 1888 snm
2228 1852 2252 1888 s

183 1913 310 1979 binis
342 1917 652 1983 continuis
685 1918 911 1984 litteris
938 1930 1000 1984 et
1026 1919 1315 2005 Lepidus
1351 1941 1457 1984 me
1491 1929 1564 1984 ut
1597 1920 1879 1985 venirem
1915 1931 2188 2004 rogaret,

182 2019 230 2071 et
260 2008 611 2078 Laterensis
656 2013 857 2077 multo
904 2014 1097 2079 etiam
1144 2013 1353 2099 magis
1395 2033 1596 2098 prope
1641 2013 1967 2096 inplorans
2011 2012 2192 2076 ubte-

182 2112 432 2182 staretur,
482 2127 620 2172 non
663 2106 860 2170 ullam
902 2128 1039 2172 rem
1082 2107 1276 2172 aliam
1330 2107 1751 2173 extimescens
1795 2128 1991 2192 quarn
2039 2128 2188 2172 san-

182 2195 319 2273 dem,
350 2219 507 2283 quae
542 2199 706 2265 mihi
739 2221 998 2285 quoque
1034 2199 1192 2266 facit
1226 2201 1553 2279 timorem,-
1589 2204 1963 2268 varietatem
1999 2208 2192 2284 atque

180 2287 566 2360 infidelitatem
608 2295 921 2360 exercitus
958 2295 1115 2372 eius,
1150 2318 1281 2362 non
1317 2295 1743 2361 dubitandum
1775 2296 1999 2380 putavi
2035 2296 2192 2380 quin

182 2405 565 2455 succurrerem
592 2410 828 2474 meque
856 2389 1181 2454 communi
1213 2389 1500 2475 periculo
1535 2390 1851 2458 offerrem.
1911 2392 2192 2456 snishstn

181 2477 333 2558 enim,
364 2487 477 2548 etsi
509 2483 766 2550 cautius
799 2483 959 2549 illud
994 2494 1132 2549 erat
1165 2484 1526 2563 consilium,
1563 2496 1931 2572 exspectare
1971 2508 2071 2548 ms
2107 2484 2192 2548 nd

178 2568 400 2652 Isaram,
433 2576 592 2642 dum
628 2576 872 2642 Brutus
911 2577 1207 2644 traiceret
1242 2579 1627 2655 exercitum,
1663 2592 1727 2644 st
1763 2604 1907 2644 enm
1947 2580 2192 2664 eollsgs.

180 2670 563 2736 consentiente
577 2716 598 2746 ‚
651 2671 816 2736 sicut
849 2671 1083 2739 milites
1126 2671 1400 2749 faciunt,
1454 2673 1739 2739 hostibus
1779 2672 2033 2736 obv-inm
2075 2672 2192 2748 ire,

181 2772 372 2841 tamen,
405 2765 458 2830 si
490 2764 652 2850 quid
670 2765 960 2853 Lepidus
996 2766 1161 2833 bene
1196 2767 1475 2833 sentiens
1505 2764 1865 2833 detrimenti
1903 2764 2192 2852 sepissst,

180 2852 273 2922 hoc
294 2879 467 2926 omne
501 2860 914 2947 adsignatum
946 2861 1027 2926 iri
1060 2872 1173 2927 aut
1205 2862 1594 2947 pertinaciae
1623 2884 1803 2928 mess
1835 2872 1945 2924 snt
1979 2860 2192 2924 timeri

180 2949 460 3032 videbam,
516 2957 575 3024 si
626 2966 737 3021 aut
789 2955 1115 3038 hominem
1166 2955 1486 3022 offensum
1540 2955 1727 3032 mihi,
1783 2956 2192 3020 coniunctum

185 3063 298 3110 eum
324 3070 388 3114 re
428 3049 717 3134 publica,
770 3072 898 3116 non
944 3050 1382 3118 sublevassem
1429 3062 1541 3118 aut
1581 3053 1719 3138 ipss
1767 3076 1807 3116 a
1851 3052 2192 3116 certamine

183 3133 299 3203 belli
329 3151 455 3206 tam
486 3143 850 3232 necessarii
864 3165 969 3210 me
1004 3144 1436 3211 removissem.
1502 3145 1739 3228 'itaque
1775 3144 1991 3228 potins
2025 3144 2192 3228 psti-
2228 3164 2252 3204 s

184 3229 345 3298 clitari
374 3237 578 3316 volui,
625 3237 679 3302 si
722 3249 938 3324 posset
969 3261 1116 3304 mea
1150 3239 1514 3325 praesentia
1557 3250 1622 3304 et
1659 3236 1983 3324 Lepidum
2027 3236 2194 3300 tueri

183 3338 229 3387 et
257 3331 587 3397 exercitum
620 3330 833 3398 facere
867 3331 1217 3413 meliorem,
1252 3354 1452 3417 quam
1477 3329 1666 3396 nimis
1695 3340 1919 3396 santus
1959 3328 2188 3404 videri:

184 3418 565 3492 sollicitiorem
611 3438 783 3493 certe
827 3426 1179 3504 hominem,
1233 3449 1365 3492 non
1409 3426 1559 3499 suis!
1577 3424 1915 3491 contructis
1929 3472 1943 3498 ‚
1991 3424 2196 3488 nemi-

182 3533 297 3580 nem
327 3530 473 3603 puto
518 3521 740 3586 fuisse.
826 3544 978 3587 nam
1020 3543 1187 3606 quae
1231 3543 1335 3587 res
1378 3521 1622 3586 nullam
1663 3520 1895 3584 haheat
1943 3516 2196 3580 dubita-

75 3655 83 3672 ·
184 3605 400 3690 tionem,
434 3615 488 3678 si
524 3615 840 3681 exercitus
858 3614 1095 3701 Lepidi
1130 3615 1317 3693 absit,
1355 3637 1433 3682 ea
1458 3635 1630 3679 nunc
1658 3632 1963 3700 magnam
1987 3608 2196 3676 adfert

186 3700 630 3774 sollicitudinem
673 3731 1111 3797 magnumque
1157 3708 1356 3774 habet
1400 3730 1639 3774 casum.
1727 3708 1883 3772 mihi
1927 3704 2097 3768 enim
2144 3704 2196 3768 si

186 3797 531 3885 contigisset,
565 3815 637 3868 ut
669 3804 845 3890 prior
873 3825 1273 3870 occurrerem
1299 3803 1608 3880 Antonio,
1644 3824 1775 3868 non
1803 3796 2196 3864 mshsrnulss

185 3882 371 3959 horam
421 3898 832 3965 constitisset:
886 3909 1149 3964 tantum·
1192 3921 1315 3985 ego
1371 3909 1435 3964 et
1487 3897 1645 3962 mihi
1699 3896 1943 3960 confido
1991 3904 2055 3956 st
2107 3892 2200 3956 sie

187 3986 469 4061 perculsas
492 3991 661 4058 illius
681 3993 896 4079 copias
913 3993 1327 4078 Ventidiique
1355 3991 1651 4058 mulionis
1671 4004 1875 4056 esstrs
1895 3988 2196 4072 despinin.

188 4075 279 4140 sed
316 4102 437 4148 non
476 4107 738 4172 possum
780 4109 911 4153 non
954 4087 1431 4165 exhorrescere,
1478 4089 1532 4153 si
1577 4084 1731 4171 quid
1775 4084 1943 4148 inti-s
1987 4092 2200 4148 entem
