2675 4559
561 263 691 330 194
1174 273 1252 329 Μ.
1290 272 1566 331 TULLII
1601 270 1999 329 CICERONIS

1547 445 1628 499 ΙΙ.

896 549 1013 608 Ser.
1032 549 1248 604 Romae
1266 553 1505 603 exeunte
1524 563 1717 602 mense
1735 546 1922 617 Aprili
1940 564 1990 602 a.
2008 563 2063 602 u.
2083 563 2130 601 c.
2150 547 2263 602 708.

1244 648 1522 706 CICERO
1558 647 1928 706 VARRONI.

504 804 520 836 ι
690 774 1003 843 Caninius
1041 787 1177 840 tuus
1213 774 1385 840 idem
1421 783 1486 839 et
1519 773 1692 839 idem
1726 782 1970 850 noster,
2018 795 2164 838 cum
2198 770 2278 836 ad
2316 792 2406 836 me
2438 792 2537 856 per·
2600 847 2601 861 χ

564 871 812 957 vesperi
844 869 1127 936 venisset
1160 880 1225 935 et
1268 891 1336 933 se
1381 866 1687 954 postridie
1724 863 1920 932 ‘mane
1962 867 2048 932 ad
2090 877 2154 932 te
2195 865 2410 932 iturum
2443 885 2536 930 esse
2600 870 2601 953 ᾗ

564 966 857 1044 dixisset,
911 965 1045 1030 dixi
1089 964 1149 1030 ei
1192 985 1296 1028 me
1342 962 1643 1028 daturum
1688 960 1960 1046 aliquid3
2011 984 2197 1027 mane
2250 971 2318 1026 ut
2361 969 2538 1047 peteret
2599 962 2601 1025 ἐ

564 1061 813 1148 ragavi:
852 1058 1201 1144 conscripsi
1229 1057 1564 1144 epistolam
1599 1066 1826 1133 noctu;
1860 1078 1980 1122 nec
2014 1056 2121 1122 ille
2149 1053 2230 1121 ad
2261 1077 2354 1120 me
2383 1052 2537 1126 rediit3
2599 1086 2601 1123 j

564 1155 833 1220 [fh-litum
870 1153 1130 1219 credidi.
1219 1162 1503 1217 attamen
1540 1172 1683 1216 eam
1728 1150 1936 1236 ipsam
1981 1150 2097 1216 tibi
2135 1148 2435 1236 epistolam
2461 1146 2539 1210 mi-
2599 1181 2602 1218 1

568 1252 789 1315 sissem
827 1269 944 1332 per
986 1267 1196 1322 meos,
1250 1244 1375 1309 nisi
1426 1243 1749 1311 audissem
1794 1267 1879 1310 ex
1921 1244 2149 1310 eodem
2200 1241 2462 1330 postridie
2499 1253 2539 1303 te
2599 1287 2602 1311 ι

564 1365 747 1408 mane
782 1363 819 1406 e
854 1340 1223 1404 Tusculano
1261 1339 1602 1406 exiturum.
1669 1350 1736 1404 at
1771 1339 1889 1405 tibi
1923 1350 2184 1426 repente
2215 1338 2414 1426 paucis
2442 1346 2540 1422 post
2594 1385 2595 1388 η

564 1435 807 1512 diebus,
846 1457 994 1500 cum
1028 1433 1295 1500 minime
1331 1444 1800 1521 exspectarem,
1837 1434 2013 1500 venit
2049 1433 2133 1499 ad
2167 1456 2266 1499 me
2301 1429 2540 1498 Caninius
2592 1428 2602 1501 ί

564 1552 779 1606 mane3
823 1528 1141 1616 proficisci
1176 1528 1260 1593 ad
1306 1538 1372 1594 te
1417 1527 1634 1592 statim
1679 1527 1857 1592 dixit.
1948 1528 2070 1595 etsi
2105 1538 2239 1594 erat
2272 1525 2444 1602 ἕωλος
2470 1522 2541 1586 illa
2600 1564 2601 1580 ι

560 1624 857 1712 aepistola,
894 1623 1271 1710 praesertim
1305 1622 1523 1688 tantis·
1534 1633 1759 1708 postea
1792 1622 1976 1687 novis
2013 1623 2206 1688 rebus
2240 1619 2455 1694 adlatis,
2481 1629 2541 1679 ta·
2592 1649 2593 1687 3

564 1743 708 1784 zuen
768 1718 975 1805 perire
1037 1718 1550 1783 lucubrationem
1603 1739 1814 1782 meam
1874 1717 2056 1782 nolui
2110 1728 2170 1783 et
2222 1738 2353 1783 eam
2396 1714 2540 1799 ipsam
2599 1747 2602 1754 ·

564 1812 837 1878 Caninio
884 1811 1032 1877 dedi
1042 1837 1061 1889 3
1116 1812 1232 1878 sed
1277 1834 1426 1877 cum
1472 1833 1548 1878 eo
1594 1822 1667 1876 ut
1709 1833 1860 1876 cum
1900 1810 2160 1877 homine
2203 1811 2375 1875 docto
2404 1805 2539 1872 sttui

564 1906 994 1973 amantissimo
1029 1906 1280 1971 locutus
1318 1927 1395 1971 ea
1430 1927 1603 1983 sum,
1649 1926 1814 1990 quae
1850 1905 2191 1991 pertulisse
2223 1904 2388 1969 illum
2417 1900 2478 1964 ad
2502 1910 2539 1959 te
2599 1937 2602 1971 z

500 2028 524 2064 s
564 2002 874 2068 existimo·
974 2000 1089 2064 tibi
1143 2010 1362 2064 autem
1412 1999 1583 2065 idem
1637 1999 1886 2065 consilii
1940 1999 2056 2076 do,
2111 1999 2280 2084 quod
2327 1995 2540 2061 mihimet
2599 2032 2602 2068 3

564 2096 709 2180 ipsi:
745 2104 819 2158 ut
853 2093 1127 2158 vitemus
1164 2094 1383 2158 oculos
1420 2092 1771 2170 hominum,
1806 2093 1863 2157 si
1896 2092 2154 2178 linguas
2189 2093 2381 2158 minus
2411 2084 2540 2152 facile

564 2187 905 2272 possimus3
974 2185 1086 2272 qui
1141 2187 1311 2251 enim
1370 2185 1639 2252 victoria
1689 2209 1760 2252 se
1813 2186 2135 2264 ecferunt,
2187 2185 2358 2272 quasi
2401 2181 2540 2246 victos

560 2304 672 2344 nos
718 2281 1075 2357 intuentur,
1130 2281 1242 2364 qui
1289 2290 1506 2346 autem
1539 2281 1744 2346 victos
1790 2293 2043 2348 nostros
2079 2283 2336 2349 moleste
2373 2277 2541 2344 fenmt2

556 2398 670 2440 uos
716 2374 935 2439 dolent
980 2375 1216 2440 vivere.
1305 2396 1576 2458 quaeres
1622 2375 1915 2452 fortasse,
1941 2397 2117 2461 cur,
2164 2398 2304 2443 cum
2343 2373 2470 2438 haec
2500 2367 2543 2430 in

556 2472 714 2535 urbe
751 2468 897 2546 sint,
932 2489 1063 2533 non
1098 2467 1325 2546 absim,
1364 2490 1557 2553 quem
1593 2471 1677 2535 ad
1711 2471 1975 2536 modum
2011 2482 2116 2549 tu;
2153 2483 2223 2538 tu
2257 2469 2407 2536 enim
2431 2464 2541 2549 ipse,

556 2564 668 2648 qui
702 2575 767 2630 et
799 2586 905 2630 me
939 2573 1003 2630 et
1038 2563 1197 2629 alios
1230 2563 1575 2650 prudentia
1601 2565 1825 2642 vincis,
1862 2566 2099 2646 omnia,
2131 2565 2338 2642 crede,
2369 2555 2542 2628 vidisti,

556 2656 713 2724 nihil
739 2668 803 2723 te
822 2657 1080 2723 omnino
1108 2654 1358 2723 fefellit.
1413 2658 1558 2743 quis
1589 2669 1687 2725 est
1715 2670 1848 2725 tam
1873 2660 2163 2744 lynceus,
2194 2659 2300 2746 qui
2325 2658 2384 2723 in
2407 2648 2541 2719 tantis
2599 2690 2601 2725 τ

496 2776 520 2812 s
560 2751 833 2820 tsnebris
861 2752 1019 2817 nihil
1038 2751 1344 2830 offendat,
1370 2774 1693 2836 nusquam
1721 2753 2047 2820 incurrat?
2078 2777 2161 2822 ac
2175 2750 2325 2819 mihi
2350 2746 2543 2835 quidem
2599 2804 2601 2819 ⁴

556 2852 684 2912 iam
709 2847 960 2932 pridem
976 2847 1153 2912 venit
1177 2848 1245 2913 in
1263 2861 1544 2914 mentem
1566 2848 1805 2916 bellum
1823 2872 1961 2916 esse
1981 2850 2198 2935 aliquo
2217 2849 2542 2923 exirautea,
2600 2877 2601 2914 ἢ

560 2963 723 3024 quae
753 2941 1109 3025 agebantur
1137 2941 1241 3007 hic
1270 2963 1567 3027 quaeque
1596 2943 1990 3021 dicebantur,
2025 2967 2148 3011 nec
2181 2943 2438 3010 viderem
2462 2951 2542 3000 1190

560 3033 863 3100 audirem.
953 3035 1068 3100 sed
1112 3036 1552 3104 calumniabar
1592 3039 1756 3125 ipse3
1809 3039 2149 3124 putabam,
2202 3038 2310 3124 qui
2350 3030 2542 3099 obviam

556 3128 710 3193 mihi
744 3128 1055 3207 venisset,
1090 3141 1164 3195 ut
1199 3131 1432 3215 cuique
1468 3134 1876 3198 commodum
1913 3145 2108 3212 esset,
2146 3131 2543 3219 suspicaturum

559 3236 668 3288 aust
702 3222 1055 3302 dicturum,
1104 3225 1298 3292 etiam
1334 3227 1390 3293 si
1425 3249 1553 3293 non
1589 3229 2040 3315 suspicaretur,
2077 3229 2213 3295 ‘hic
2247 3229 2353 3293 aut'
2379 3213 2543 3288 metuit

556 3332 616 3384 st
656 3340 728 3382 ea
764 3340 833 3384 re
869 3317 1071 3405 fugit,
1120 3333 1233 3387 aut
1266 3321 1510 3406 aliquid
1545 3324 1786 3410 cogitat
1821 3335 1885 3390 et
1927 3323 2126 3391 habet
2159 3343 2380 3390 navem
2408 3332 2542 3404 para·

556 3412 724 3476 tam?
814 3412 1089 3497 denique
1123 3416 1444 3483 levissime
1481 3418 1593 3501 qui
1628 3418 2061 3505 suspicaretur
2095 3429 2162 3486 et
2195 3417 2303 3503 qui
2333 3415 2543 3480 fortasse

556 3528 656 3572 me
689 3505 928 3591 optime
961 3508 1274 3586 novisset,
1325 3522 1582 3597 putaret
1613 3535 1718 3579 me
1751 3511 1991 3580 idcirco
2024 3511 2373 3588 discedere,
2416 3493 2545 3587 quod

552 3598 863 3680 quosdam
895 3599 1187 3668 homines
1224 3605 1395 3670 oculi
1429 3606 1556 3672 mei
1590 3606 1757 3674 ferre
1791 3629 1920 3673 non
1953 3618 2234 3694 possent.
2285 3604 2428 3669 haec
2454 3611 2543 3677 02⁰

552 3690 883 3778 suspicans
912 3694 1123 3762 adhuc
1141 3696 1388 3765 Romae
1415 3695 1674 3778 man'e03
1711 3712 1777 3766 et
1803 3712 2020 3768 tamen
2049 3697 2413 3785 λεληθότως
2435 3708 2545 3756 0⁰¹¹·

492 3808 516 3844 1²
556 3785 821 3853 suetudo
860 3787 1158 3856 diuturna
1186 3793 1422 3859 callum
1455 3794 1584 3860 iam
1612 3795 1881 3861 obduxit
1913 3795 2240 3862 stomacho
2272 3809 2419 3857 meo.
2461 3781 2546 3846 ha·

556 3880 664 3944 hes
697 3880 1013 3948 rationem
1058 3886 1186 3951 mei
1220 3886 1466 3952 consilii
1475 3912 1494 3967 3
1548 3888 1665 3954 tibi
1706 3888 1906 3975 igitur
1938 3889 2076 3955 hoc'
2095 3907 2342 3954 censeo:
2387 3881 2545 3945 laten-

552 3976 705 4036 dum
748 3977 1057 4064 tantisper
1099 3979 1368 4059 ibidem,
1426 3981 1582 4048 dum
1625 3983 2021 4051 defervescat
2062 3984 2220 4049 haec
2258 3965 2543 4066 gratulatio

552 4076 616 4128 st
652 4064 839 4134 simul
876 4071 1030 4138 dum
1066 4074 1422 4156 audiamus,
1461 4099 1655 4163 quem
1681 4079 1766 4145 ad
1805 4079 2069 4144 modum
2099 4073 2402 4162 negotium
2425 4080 2544 4128 00¹1·
