2675 4559
325 273 550 322 LXVIII
1107 271 1445 341 ADSOTATIO
1482 271 1731 315 CRITICA.

327 393 513 448 elicere
530 404 670 445 corr.
689 402 758 442 ex
780 386 964 455 eliyere
985 382 1061 438 M.
1081 414 1150 425 -·
1167 385 1401 439 voluisse.
1438 382 1665 455 lius.)--
1681 385 1901 439 uenisset
1922 394 1973 440 et
1996 404 2113 441 cum
2138 384 2211 439 M.
2232 418 2299 427 -—-
2324 404 2395 439 an
2418 388 2519 441 ed.
2617 408 2623 413 ·

327 475 466 526 vltra
497 484 646 540 quem
677 463 740 519 M
767 463 892 537 (sed
923 466 1062 518 vltra
1091 460 1246 517 linea
1272 461 1403 516 sub·
1438 460 1721 517 Romana:
1744 464 1831 515 uel
1852 460 1929 515 M.
1947 480 2237 533 —quoquo
2264 464 2412 515 modo
2432 472 2521 516 est

307 549 503 603 duct-a
547 540 896 615 significatur
927 537 1266 610 delendum),
1313 556 1402 591 vo·
1439 537 1523 591 M:
1548 556 1753 609 quoquo
1776 540 1927 591 modo
1948 548 2095 608 potes
2116 538 2517 597 cumBentivo—

329 626 486 679 luisse
515 624 684 687 ultro,
723 634 872 691 quem
907 617 994 671 ed.
1027 615 1300 671 Romana.
1333 644 1401 657 --
1438 614 1513 668 lio
1546 614 1613 683 k,
1654 632 1860 687 quoquo
1892 617 2043 669 modo
2082 615 2271 689 vulgo.
2303 646 2375 659 -
2404 618 2519 673 iam

327 700 609 772 oportuerit
639 696 878 767 Kayser.
919 694 940 765 fl
985 698 1034 746 6.
1059 692 1404 747 Τυεσεηπίωπ
1436 690 1526 746 M:
1558 700 1665 745 tam
1689 689 1899 747 Orellio
1932 698 2159 750 auctore
2184 695 2241 747 k.
2266 724 2333 735 —-
2366 695 2529 749 nihili

327 777 404 831 M.
429 808 501 818 —
521 773 748 845 equestri
773 773 978 828 incessu
999 767 1074 823 Μ.
1102 796 1167 812 -—
1191 768 1238 821 is
1262 782 1402 821 corr.
1438 777 1513 822 est
1552 767 1789 839 (nmilia)
1818 768 2173 845 Wesenberg
2210 770 2309 842 (ad
2342 769 2523 827 Tusc.

329 872 397 909 ex
415 854 514 907 biis
535 850 840 905 M.--certo
863 849 999 900 enim
1020 846 1130 899 scio
1153 854 1203 901 te
1221 843 1406 912 fecisse
1438 844 1580 915 disp.
1605 844 1711 913 III,
1741 846 1873 916 18.):
1896 847 2025 901 nstil
2044 850 2110 903 sit
2132 846 2248 901 Mk.
2272 876 2343 889 -
2363 864 2527 901 recu-

327 928 668 988 Cratander:
708 933 848 979 certo
880 925 988 977 scio
1021 933 1070 976 te
1099 922 1235 975 enim
1268 920 1406 990 (non
1433 923 1640 991 perurit
1663 921 1749 976 M:
1780 924 2089 992 reciperarit
2108 924 2166 975 k.
2204 924 2223 993 ΙΙ
2257 929 2338 979 15.
2362 926 2522 992 gabi-

327 1007 464 1075 eum)
487 1004 674 1073 fecisse
695 1002 771 1070 M,
797 1010 936 1055 certo
957 1000 1066 1053 scio
1089 1008 1138 1052 te
1158 1014 1304 1053 reum
1326 995 1405 1063 fe·
1438 1016 1565 1053 num
1586 997 1672 1067 Μ,
1708 1000 1808 1055 sed
1838 1000 1899 1055 in
1930 1015 2107 1071 marg.
2134 1000 2415 1068 qabinium.
2450 1032 2522 1041 --

329 1084 458 1138 cisse
492 1078 707 1151 Orelliq
745 1082 974 1132 auctore
1005 1076 1065 1128 k.
1097 1104 1166 1119 —-
1201 1075 1293 1141 α]
1333 1074 1403 1128 G.
1434 1077 1695 1145 privatum
1719 1076 1807 1130 ed.
1830 1074 2107 1131 Romana:
2132 1076 2457 1145 priuatus-M.
2484 1078 2507 1147 fl

329 1160 407 1215 Μ.
432 1188 503 1199 -
523 1157 824 1211 renuntiare
845 1153 921 1208 M.
946 1184 1015 1193 -
1035 1152 1269 1206 licinium
1291 1149 1405 1203 Ml:
1444 1159 1523 1206 16.
1556 1170 1650 1221 spe
1676 1170 1878 1207 summa
1906 1151 2136 1207 maxima
2158 1150 2233 1207 M.
2258 1180 2327 1193 -
2358 1152 2525 1207 etiam

331 1235 598 1291 licinm'um
622 1231 905 1287 M².·--eae
925 1245 1054 1283 nos:
1077 1231 1166 1283 bee
1187 1226 1264 1295 Μ,
1285 1228 1406 1281 Hae
1440 1231 1619 1283 anima
1664 1228 1741 1282 M.
1783 1259 1854 1270 --
1892 1245 2007 1299 spe,
2056 1230 2350 1298 superiores
2395 1228 2531 1297 fore

328 1312 466 1366 k.——
485 1311 544 1365 0.
568 1308 774 1377 fanium
795 1306 873 1360 M.
899 1306 920 1376 ΙΙ
946 1313 992 1363 ¹1.
1015 1309 1278 1369 mearum]
1299 1320 1404 1356 me·
1438 1322 1553 1372 nos,
1578 1306 1769 1373 eninm,
1790 1314 1849 1359 ut
1870 1304 2100 1376 Madvig
2116 1305 2522 1377 (ap.We³enb.

331 1405 448 1442 cum
479 1386 556 1439 M.
625 1383 780 1438 Fort.
814 1398 1049 1436 mearum
1087 1396 1300 1435 mecum.
1335 1408 1405 1422 --
1440 1398 1495 1451 p.
1525 1381 1690 1454 117.):
1722 1391 1929 1451 sperent
1958 1384 2255 1451 superiores
2273 1381 2394 1450 fore
2414 1401 2524 1436 nos

328 1464 616 1518 ualuis-sent
659 1460 746 1513 M:
801 1459 1044 1513 valuzsset
1085 1456 1407 1525 Ernestius3
1442 1460 1709 1532 confidant
1728 1460 1902 1513 animo
1924 1467 1985 1512 ut
2005 1457 2081 1527 M,
2104 1476 2257 1527 spero
2280 1462 2525 1529 superio-

331 1540 432 1595 eed
461 1556 516 1592 v.
547 1536 817 1593 Wesenb.
849 1552 904 1605 p.
934 1541 1030 1587 127
1055 1548 1138 1603 eq.
1163 1564 1233 1574 —
1257 1534 1406 1602 peni-
1438 1554 1525 1589 res
1546 1534 1667 1603 fore
1684 1552 1808 1603 nos,
1842 1536 2045 1607 confido
2069 1538 2267 1603 animo,
2300 1546 2359 1589 ut
2380 1535 2527 1591 Cra.-

333 1624 458 1671 teret
479 1613 556 1681 M,
577 1612 858 1683 poeniteret
878 1612 935 1665 k.
949 1642 1014 1653 —
1023 1628 1075 1681 9.
1087 1612 1316 1665 octavius
1325 1607 1406 1667 M:
1440 1612 1668 1680 tander,
1700 1616 1899 1681 [spero]
1925 1614 2218 1682 superiores
2247 1612 2369 1681 fore
2399 1630 2525 1681 nos,

335 1692 464 1749 GN.
494 1689 737 1746 Octavius
761 1702 972 1759 merge.
992 1718 1062 1729 -
1079 1687 1312 1741 cilicensi
1327 1685 1404 1738 M.
1442 1691 1674 1760 [confido
1698 1690 1901 1754 anirno]
1922 1698 1980 1741 ut
2000 1703 2127 1741 cum
2150 1687 2354 1743 Ursino
2379 1690 2528 1743 k.—

331 1766 700 1839 -maynificis
717 1766 1012 1837 (superent.
1038 1763 1138 1820 ‘aL
1163 1780 1407 1833 maqnnm
1437 1768 1796 1835 pertimescam
1818 1762 2127 1817 Manutius:
2151 1764 2531 1832 pertimescant

331 1847 447 1916 fac‘
475 1847 512 1916 ⁹)
538 1842 612 1897 M.
637 1872 710 1887 *-
729 1844 938 1897 vincunt
969 1858 1076 1895 om.
1101 1839 1204 1893 Ml.
1229 1870 1298 1881 —
1318 1856 1406 1893 :ce-
1442 1842 1517 1895 M.
1541 1870 1612 1882 —-
1644 1842 1793 1895 ardet
1821 1850 1869 1893 et
1896 1841 2065 1895 studio
2096 1838 2174 1894 Μ.
2200 1870 2270 1883 --
2300 1840 2533 1909 fuerant

330 1942 398 1978 ne
423 1932 591 1977 ontem
613 1918 689 1972 Μ.
715 1919 735 1987 ΙΙ
762 1924 812 1972 8.
835 1927 893 1970 ut
916 1932 1022 1971 om.
1047 1916 1204 1969 M.-.-
1219 1932 1406 1969 exora-
1442 1926 1489 1971 et
1511 1917 1862 1987 lanyuidiores
1884 1914 1960 1969 Μ.
1988 1944 2055 1955 --
2077 1934 2257 1985 νεφιηι
2279 1933 2388 1971 om.
2414 1918 2528 1973 M1.

335 2001 483 2054 bilem
505 1994 818 2050 Manutius:
843 1994 1213 2047 inexorabilem
1235 1991 1310 2046 M.
1336 2021 1403 2031 —
1442 2024 1507 2035 -—
1528 1994 1811 2047 diminuam
1831 1991 1907 2047 Μ.
1933 2022 2002 2033 -—
2024 1995 2335 2061 acerrimos]
2369 2012 2526 2057 acer-
2598 2000 2605 2009 .

333 2092 507 2129 omnes
517 2072 600 2143 (in
621 2086 798 2140 marg.
823 2066 1262 2140 omnis)M.-—ad
1282 2067 1355 2136 te]
1370 2084 1405 2120 a
1442 2070 1673 2123 bissimos
1700 2068 1803 2121 Ml.
1824 2096 1897 2109 --
1926 2070 2088 2137 alios,
2120 2071 2213 2124 hos
2246 2069 2529 2127 Orelliue:

333 2148 651 2204 teMl.--ad
671 2164 727 2200 se
741 2143 1158 2200 eorr.inaseM.
1183 2147 1202 2213 n
1229 2150 1278 2197 9.
1297 2153 1405 2198 tam
1440 2144 1573 2199 alios
1595 2144 1679 2213 M,
1704 2147 1859 2215 alios,
1892 2148 1985 2199 sed
2010 2148 2103 2201 bos
2123 2146 2311 2219 vulgo.
2337 2177 2407 2189 —-
2431 2167 2528 2203 co-
2616 2150 2625 2156 ’
2670 2116 2672 2171 4

331 2244 440 2282 esse
461 2226 516 2291 θ,
541 2239 699 2295 quam
721 2220 1042 2292 Kayser.·-
1057 2236 1216 2291 quam
1237 2222 1275 2289 †
1297 2222 1407 2289 ipse
1440 2224 1560 2277 tidie
1580 2238 1719 2277 corr.
1742 2222 1803 2277 in
1824 2224 2047 2292 quotidie
2068 2222 2145 2277 M.

332 2319 459 2358 cum
483 2298 694 2357 Orellio
717 2298 775 2366 k,
801 2314 959 2368 quam
985 2298 1140 2368 [ipse]
1162 2295 1404 2367 Kayser.
1504 2298 1611 2369 Ep.
1638 2304 1685 2353 3.
1712 2298 1760 2368 §-
1792 2304 1839 2351 1.
1872 2301 2128 2355 noluerim
2160 2315 2300 2355 corr.
2326 2317 2396 2357 ex
2425 2320 2526 2355 vo-

329 2409 400 2422 —-
416 2380 552 2447 sylla
573 2375 652 2428 M.
680 2375 701 2445 ΙΙ
727 2381 807 2429 10.
832 2391 967 2445 quae
989 2375 1183 2428 octauii
1200 2373 1278 2443 M,
1305 2373 1405 2429 sed
1440 2377 1624 2429 luerim
1646 2374 1722 2429 M.
1748 2404 1817 2415 —-
1848 2376 2027 2443 immo]
2060 2378 2165 2429 imo
2198 2375 2273 2430 M.
2298 2408 2366 2419 -
2402 2380 2523 2445 defl-

327 2456 389 2509 in
420 2468 598 2523 marg.
633 2456 719 2507 est
751 2450 868 2505 ‘vel
897 2452 963 2505 L.
989 2452 1193 2505 octavi!
1217 2480 1286 2491 -
1317 2452 1404 2505 de-
1438 2453 1670 2519 fenderet
1698 2449 1774 2504 M.
1810 2480 1877 2493 -·-
1921 2452 2251 2507 iracundiam
2297 2470 2524 2508 causam

329 2532 617 2584 minuerent
640 2543 780 2583 corr.
796 2542 868 2582 >ex
889 2528 1228 2583 diminuerent
1245 2527 1404 2581 M.--
1440 2528 1775 2582 Lambinus:
1798 2527 2103 2583 irammdiae
2126 2546 2289 2584 causa
2311 2528 2389 2582 M.
2426 2528 2529 2587 Cf.

331 2608 506 2661 octoni
526 2604 1230 2659 M.--diminui--diminuat
1247 2603 1404 2657 M.-——·
1439 2604 1867 2673 Wesenb.p.75.
1890 2603 1911 2673 11
1938 2610 1988 2657 3.
2014 2614 2151 2661 certo
2176 2604 2525 2661 Cratander:

328 2680 893 2739 visC.F.W.Miiller:
909 2679 1403 2735 viaMk.--incom-
1439 2690 1575 2735 certe
1596 2680 1713 2735 Mk.
1737 2710 1806 2721 --
1829 2682 2081 2737 εααυίίατε
2100 2680 2321 2748 fratrem
2343 2694 2533 2752 prope

329 2762 485 2815 moda
508 2761 796 2813 allaturum
817 2774 945 2812 nos:
977 2760 1302 2813 incommoda
1323 2760 1404 2811 la-
1440 2760 1708 2829 aequalem
1728 2756 2042 2813 Ernestius:
2068 2758 2326 2811 suauitate
2339 2775 2525 2828 prope

329 2849 502 2892 turum
536 2835 622 2901 M,
655 2836 1155 2888 incommodatur-um
1185 2834 1244 2888 k.
1315 2832 1402 2889 cf.
1440 2834 1661 2903 fratrem
1676 2850 1847 2903 prope
1868 2836 2138 2904 aequalem
2158 2832 2235 2901 M,
2260 2836 2527 2890 suavitate

329 2914 490 2969 Caes.
514 2912 583 2966 Β.
603 2910 668 2965 C.
685 2909 795 2978 111,
813 2916 898 2963 68.
925 2912 946 2981 ΙΙ
971 2916 1052 2963 11.
1079 2920 1128 2965 et
1148 2912 1405 2965 vehemen-
1434 2925 1605 2981 prope
1626 2912 1895 2981 aequalem
1916 2926 2043 2977 cnm
2053 2910 2361 2965 Pon-archa
2376 2912 2525 2965 k.-.—

329 2998 408 3043 ter
429 2987 742 3042 Ernestiusz
775 2988 832 3039 id
861 2988 1172 3041 vehementer
1195 2986 1310 3041 Mk.
1333 3018 1407 3029 -
1440 2987 1611 3060 effiqie
1630 2989 1792 3042 moris
1814 2986 1969 3041 M.·-
1986 2986 2299 3058 eJexM1.-—
2318 2988 2523 3058 dimisi]

328 3064 467 3131 flaui
486 3080 625 3119 corr.
650 3079 719 3117 ex
739 3062 898 3133 fhzuii
915 3061 1405 3119 M.-diminuendo
1438 3066 1599 3120 diuisi
1624 3063 1699 3118 M.
1724 3096 1793 3107 —
1815 3066 2075 3119 moriam
2104 3062 2165 3117 M
2196 3062 2376 3135 (m'eer
2408 3066 2525 3119 iam

327 3140 405 3195 M.
447 3170 518 3183 —
560 3140 858 3209 perscribas
901 3138 1239 3195 Cratander:
1278 3158 1405 3211 pre-
1440 3142 1676 3213 margo).
1708 3172 1778 3183 ··-
1808 3142 2000 3213 filium,
2047 3142 2322 3209 imaqinem
2368 3150 2523 3195 tuam

327 3219 531 3273 scribas
553 3216 628 3285 M,
645 3218 983 3285 praescribas
1005 3216 1062 3271 k.
1081 3247 1151 3257 —
1172 3217 1310 3287 flaui
1326 3217 1403 3273 M.
1444 3218 1893 3291 Schiiutfilium?
1907 3220 2033 3291 quid
2043 3218 2329 3286 ymayinem
2348 3234 2524 3271 meam

327 3326 400 3339 --
423 3296 636 3365 pompei
663 3293 738 3361 M.
783 3322 854 3335 --
885 3296 976 3347 sed
1014 3304 1062 3347 te
1101 3312 1194 3349 oro
1233 3294 1405 3350 Faer-
1442 3294 1517 3351 M.
1540 3326 1611 3337 ——
1642 3314 1789 3367 quem
1813 3293 2122 3349 Manutius:
2152 3308 2309 3361 quam
2342 3292 2421 3345 M.
2449 3324 2523 3335 —-

328 3390 460 3427 nus:
505 3374 597 3425 sed
641 3380 690 3425 et
734 3380 782 3424 te
827 3388 922 3424 oro
955 3370 1072 3425 Mk.
1112 3402 1170 3413 —
1207 3372 1328 3426 Hoc
1360 3381 1407 3426 te
1442 3375 1595 3427 etiam
1616 3374 1913 3443 (superscr.
1940 3368 2039 3424 ‘aL
2062 3377 2112 3421 et
2133 3366 2287 3439 ἕσπητ’)
2310 3366 2389 3423 M.
2418 3370 2521 3440 114.

329 3449 626 3519 (superser.
655 3446 756 3501 ‘aL
780 3449 978 3515 bocce’)
1003 3446 1080 3500 M.
1107 3450 1126 3516 11
1163 3454 1246 3502 18.
1265 3446 1404 3514 ’τὰν]
1442 3451 1669 3504 tulissem
1700 3464 1841 3503 corr.
1874 3448 1934 3501 in
1964 3446 2141 3498 tulisse
2160 3440 2237 3497 M.
2260 3472 2332 3485 --
2364 3462 2517 3501 acer-

329 3542 430 3587 την
461 3522 537 3575 Μ.
571 3551 642 3561 -
673 3522 844 3574 &aret
871 3521 956 3589 M,
1000 3523 1102 3577 sed
1133 3523 1194 3577 in
1225 3541 1402 3595 marg.
1443 3528 1552 3579 bins
1606 3527 1900 3579 mser-iusve
1948 3522 2145 3575 videtur
2200 3518 2525 3581 Buecheler

330 3600 547 3651 θανεῖν.
595 3626 666 3638 --
719 3598 901 3667 aliqua
955 3616 1073 3651 cum
1125 3601 1407 3653 monitione
1438 3600 1607 3672 (Mus.
1638 3602 1819 3657 Rhen.
1852 3599 1956 3655 XI.
1988 3616 2044 3669 p.
2071 3597 2240 3667 519.):
2276 3600 2523 3653 acerbius

331 3673 598 3731 Orellius=
631 3673 812 3743 aliqua
843 3674 1120 3728 monitione
1143 3674 1260 3743 Mk,
1287 3694 1403 3730 cum
1438 3679 1671 3733 miserius
1693 3679 1895 3733 uidetur
1918 3675 1993 3743 M,
2017 3676 2255 3729 acerbius
2277 3691 2343 3727 ac
2366 3678 2519 3731 mise-

329 3753 513 3821 aliqua
561 3750 1198 3821 monitione-Lambinus.
1247 3754 1268 3821 ΙΙ
1319 3760 1401 3808 14.
1436 3756 1549 3808 rius
1592 3755 1789 3809 videtur
1834 3754 1890 3806 k.
1940 3754 1959 3819 ΙΙ
2006 3758 2056 3805 5.
2102 3752 2155 3804 si
2194 3751 2321 3820 quid
2358 3768 2523 3820 aye-re

329 3828 679 3897 Hypaepenus
733 3824 1002 3883 Orellius:
1065 3829 1403 3897 hypbemenus
1436 3830 1733 3902 (superscr.
1760 3829 1862 3883 ‘aL
1886 3828 2021 3898 (τρί’)
2044 3825 2120 3881 M.
2144 3854 2215 3867 -
2236 3828 2379 3897 quod
2398 3846 2517 3897 spe-

329 3900 405 3955 M.
456 3932 526 3943 -
572 3905 802 3959 Publicii
846 3902 1075 3960 Schiitz:
1131 3906 1406 3960 Publiceni
1436 3926 1546 3962 rem
1578 3907 1663 3961 M:
1702 3906 1829 3976 quid
1864 3920 2064 3974 sperem
2094 3903 2153 3958 k.
2204 3904 2225 3972 11
2272 3910 2319 3957 7.
2362 3907 2514 3975 quid]

329 3976 445 4032 Mk.
479 4008 548 4019 -—
581 3980 777 4049 Aesopi
814 3984 984 4035 nostri
1011 3981 1215 4053 trayedi
1241 3982 1399 4050 fami·-
1436 3986 1577 4055 quod
1596 3982 1671 4036 M.
1696 4012 1764 4023 --
1787 3983 1905 4051 ipsa
1927 3979 2062 4051 (non
2084 3978 2217 4054 ipse)
2242 3978 2416 4033 etiam
2434 3980 2512 4033 M.

327 4052 480 4107 liaris
521 4052 597 4108 M.
646 4056 906 4128 (tragoedi
955 4059 1184 4114 seclusit
1241 4058 1398 4115 Orel-
1434 4088 1505 4101 --
1527 4078 1590 4115 ex
1622 4059 1824 4113 errario
1858 4055 1933 4111 M.
1959 4088 2026 4099 -
2050 4064 2099 4110 et
2130 4057 2251 4111 inde
2280 4057 2515 4111 Antonio
