2675 4559
694 275 1253 336 EPISTOLARUM
1284 278 1452 336 xm.
1491 280 1716 336 15-17.
2107 267 2248 336 325

179 406 439 473 datione
466 402 825 480 videbatur,
862 401 1065 486 quiet
1098 402 1167 466 in
1193 402 1362 468 bello
1391 413 1606 468 tecum
1633 402 1860 470 fuisset
1887 405 2247 492 et'propter·

177 499 557 568 memoriam
593 493 813 562 Crassi
848 495 932 582 de
965 495 1091 561 tuis
1126 517 1294 562 unus
1332 508 1528 574 esset,
1567 506 1660 575 et',
1697 497 1752 563 si
1787 498 1882 564 uti
1916 519 2240 566 commen-

174 593 547 662 dationibus
577 590 792 668 ·vellet,
829 589 1022 656 etiam
1058 612 1172 676 per
1206 590 1364 656 alios
1400 613 1548 658 eum
1581 590 1882 658 videbam
1913 593 1984 659 id
2017 604 2242 661 conse⁴

173 689 287 776 qui
331 708 552 774 posse:
598 684 1032 750 testimonium
1078 685 1207 750 mei
1240 684 1321 750 de
1369 705 1446 752 eo
1478 684 1729 764 iudicii,
1771 688 1948 771 quod
1993 699 2060 754 et
2099 689 2241 775 ipse·

176 781 401 870 magni
436 778 815 848 aestimabat
858 789 925 844 et
967 799 1097 864 ego·
1126 778 1301 865 apud
1346 791 1408 845 te
1453 780 1666 845 valere
1703 803 1880 848 eram
1914 793 2238 870 expertae,

174 876 237 944 ei
288 876 589 943 lubenter
641 873 809 940 dedi.
915 872 1177 938 doctum
1227 873 1426 958 igitur
1475 874 1798 940 hominem
1850 879 2126 962 cognovi
2175 889 2242 944 et
2273 896 2300 936 4

178 970 409 1038 studiis
446 970 705 1056 optimis
740 967 1071 1045 deditum,
1091 967 1287 1052 idque
1324 991 1364 1034 a
1399 991 1626 1054 puero:
1663 991 1813 1036 nam
1849 972 2022 1038 domi
2055 995 2238 1040 meae

174 1087 327 1131 cum
372 1063 661 1129 Diodoto
699 1062 947 1138 StoicO,
990 1061 1257 1128 homine
1299 1085 1446 1130 meo
1495 1063 1733 1130 iudicio
1789 1065 2236 1144 eruditissimO,

173 1160 455 1225 multum
491 1181 529 1222 a
561 1179 763 1244 puero
796 1156 947 1221 fuit:
982 1177 1157 1222 nunc
1184 1168 1420 1236 autem,
1455 1157 1754 1224 incensus
1779 1159 1990 1228 studio
2024 1183 2238 1226 rerum

174 1268 437 1320 tuarum
450 1300 468 1330 ,
522 1273 629 1317 eas
681 1250 905 1316 litteris
961 1248 1230 1318 Graecis
1282 1253 1588 1319 mandare
1641 1253 1959 1340 cupiebat.
2047 1277 2236 1366 posse

174 1345 481 1413 arbitror.
536 1346 759 1412 valet‘
740 1345 1030 1432 mgenio3
1083 1334 1290 1412 habet
1310 1369 1534 1426 usum3
1587 1347 1719 1414 iam
1763 1349 2076 1436 pridem
2057 1373 2125 1416 ιιι
2159 1373 2236 1416 eo

174 1464 416 1528 genere
453 1440 647 1506 studii
679 1439 1159 1524 litterarumque
1195 1453 1514 1520 versatur3
1561 1441 1718 1508 satis
1751 1443 2018 1512 facere
1998 1467 2236 1510 mmor-

173 1535 409 1601 talitati
440 1533 705 1600 laudum
741 1544 995 1602 tuarum
1028 1534 1402 1619 mirabiliter
1429 1536 1623 1622 cupit.
1685 1536 1887 1602 habes
1921 1538 2235 1624 opinionis

173 1651 363 1697 meae
397 1627 852 1705 testimonium,
888 1627 1003 1695 sed
1037 1639 1110 1693 tu
1144 1627 1268 1694 hoc
1301 1628 1553 1695 facilius
1581 1629 1783 1695 multo
1817 1652 1934 1717 pro
1961 1642 2074 1696 tua
2107 1633 2236 1696 sin-

174 1722 389 1813 gulari
421 1723 763 1809 prudentia
803 1723 1137 1788 iudicabis.
1227 1733 1291 1788 et
1322 1734 1540 1789 tamen
1553 1771 1570 1801 ,
1617 1724 1792 1807 quod
1826 1747 2232 1812 negaveram,

174 1817 557 1898 commendo
592 1817 710 1882 tibi
745 1839 923 1883 eum:
969 1817 1285 1903 quicquid
1322 1818 1381 1883 ei
1417 1817 1950 1895 commodaveris,
2005 1818 2122 1884 erit
2165 1819 2238 1884 id·

176 1914 486 1980 maiorem
518 1912 671 1977 mihi
704 1911 772 1977 in
804 1911 1069 1978 modum
1103 1922 1380 1998 gratum.

1111 2063 1303 2118 XVII.

856 2163 975 2228 Ser.
994 2165 1207 2223 Romae
1228 2183 1281 2222 a·
1297 2184 1355 2222 u.
1373 2183 1422 2222 c.
1444 2167 1582 2223 708..

598 2270 679 2326 Μ.
717 2267 994 2326 CICERO
1030 2269 1087 2324 S.
1125 2269 1199 2324 D.
1240 2267 1400 2324 SER.
1439 2267 1814 2327 SULPIOIO.

304 2384 428 2450 Μ’.
468 2381 705 2450 Cur-ius
716 2431 735 2462 ,
787 2384 899 2468 qui
932 2383 1163 2450 Patris
1180 2385 1573 2472 negotiatur,
1627 2385 1846 2452 multis
1883 2400 1947 2453 et
1979 2389 2232 2475 magnis
2271 2406 2294 2444 1

170 2483 255 2547 de
292 2478 505 2546 causis
542 2502 581 2545 a
614 2501 718 2545 me
754 2479 1073 2590 diligitur.
1112 2501 1265 2545 nam
1308 2491 1374 2546 et
1415 2479 1697 2546 amicitia
1734 2492 2033 2566 pervetus
2077 2481 2235 2548 mihi

170 2599 325 2642 cum
364 2596 441 2640 eo
478 2584 601 2651 est,
640 2585 710 2638 ut
744 2574 1021 2660 primum
1052 2573 1122 2638 in
1156 2573 1370 2640 forum
1403 2573 1607 2650 venit,
1643 2573 1962 2652 instituta,
2009 2587 2073 2642 et
2105 2575 2237 2642 Pa-

170 2670 286 2735 tris
334 2691 485 2734 cum
526 2666 907 2752 aliquotiens
941 2678 1161 2746 antea,
1208 2679 1347 2733 tum
1389 2669 1677 2778 proxime
1722 2667 1845 2733 hoc
1879 2667 2234 2734 miserrimo

170 2763 378 2840 bello,
433 2761 660 2826 domus
694 2761 833 2828 eius
876 2773 1011 2828 tota
1044 2759 1203 2826 mihi
1246 2762 1483 2848 patuit,
1537 2782 1667 2845 qua
1710 2761 1766 2824 si
1800 2781 1962 2846 opus
2007 2761 2234 2827 fuisset

170 2871 307 2924 tam
344 2879 556 2924 essem
598 2877 755 2922 usus
798 2878 994 2942 quam
1028 2879 1201 2934 mea3
1244 2856 1599 2922 maximum
1645 2864 1859 2920 autem
1903 2854 2060 2921 mihi
2094 2853 2236 2921 vin-

170 2953 395 3018 culum
432 2973 580 3018 cum
617 2973 693 3016 eo
729 2962 829 3018 est
862 2951 1045 3036 quasi
1080 2951 1414 3016 sanctioris
1451 2950 1786 3016 cuiusdam
1820 2951 2236 3018 necessitudi-

170 3047 301 3124 nis,
338 3045 517 3130 quod
552 3055 649 3112 est
682 3045 888 3112 Attici
919 3045 1121 3114 nostri
1154 3043 1686 3111 familiarissimus
1723 3067 1999 3130 eumque
2034 3069 2235 3114 unum

102 3130 109 3138 ’
171 3150 430 3227 praeter
465 3149 707 3206 ceteros
744 3139 1043 3206 observat
1076 3162 1153 3205 ac
1188 3139 1416 3226 diligit.
1479 3160 1672 3223 quem
1709 3139 1762 3204 si
1797 3149 1870 3206 tu
1903 3140 2032 3206 iam
2067 3141 2231 3207 forte
2269 3163 2293 3201 2

172 3233 488 3321 cognosti,
526 3245 680 3319 puto
716 3256 821 3300 me
854 3234 1005 3312 hoc,
1040 3235 1217 3320 quod
1251 3235 1450 3312 faci0,
1495 3235 1708 3304 facere
1745 3234 1976 3301 serius:
2024 3257 2102 3300 ea
2138 3249 2233 3301 est

169 3328 347 3393 enim
382 3326 777 3394 humanitate
812 3339 879 3394 et
921 3329 1358 3407 observantia,
1401 3339 1476 3393 ut
1510 3351 1659 3395 eum
1702 3328 1819 3394 tibi
1851 3328 1983 3393 iam
2019 3328 2232 3415 ipsum

172 3445 290 3507 per
342 3441 413 3487 se
466 3423 985 3488 commendatum
1027 3433 1267 3510 putem.
1369 3421 1544 3508 quod
1595 3434 1810 3490 tamen
1863 3422 1918 3488 si
1971 3422 2061 3488 ita
2115 3436 2231 3500 est,

172 3537 415 3602 magno
470 3537 661 3604 opere
714 3539 755 3582 a
804 3527 869 3584 te
920 3539 1189 3602 quaeso,
1243 3529 1332 3599 ut,
1371 3517 1454 3583 ad
1507 3539 1649 3584 eam
1700 3519 2124 3594 voluntatem,
2179 3519 2234 3582 si

174 3632 373 3693 quam
414 3611 483 3676 in
527 3610 709 3676 illum
754 3623 902 3678 ante
944 3611 1061 3678 has
1113 3634 1289 3681 meas
1340 3613 1581 3679 litteras
1637 3610 2008 3689 contulisti,
2037 3632 2232 3696 quam

176 3705 494 3770 maximus
546 3715 756 3790 potest
806 3727 955 3772 mea
1007 3706 1553 3773 commendatione
1599 3705 1892 3772 cumulus
1937 3705 2229 3782 accedat3

177 3796 275 3862 sin
312 3808 529 3864 autem
570 3810 833 3885 propter
873 3799 1323 3869 verecundiam
1359 3822 1542 3866 suam
1585 3799 1795 3866 minus
1842 3823 1910 3866 se
1955 3799 2073 3866 tibi
2117 3795 2230 3864 ob-
2267 3817 2292 3858 a

176 3891 322 3958 tulit
373 3905 484 3958 aut
534 3895 820 3960 nondum
873 3917 1021 3962 eum
1072 3893 1224 3962 satis
1276 3891 1476 3961 habes
1529 3893 1858 3982 cognitum
1909 3905 2020 3960 aut
2064 3915 2229 3980 quae

175 4007 373 4055 causa
406 3997 535 4065 est,
582 4009 696 4053 cur
729 3989 984 4055 maioris
1022 3986 1588 4056 commendationis
1623 3986 1938 4074 indigeat,
1984 3988 2077 4054 sic
2111 3985 2230 4054 tibi

171 4101 325 4144 eum
360 4081 737 4149 commendo
748 4129 768 4162 ,
812 4094 887 4149 ut
917 4105 1127 4170 neque
1163 4083 1402 4152 maiore
1449 4082 1658 4150 studio
1693 4104 2084 4170 quemquam
2117 4103 2233 4149 ne·
