2675 4559
2114 12 2533 146 Π

602 259 733 326 224
781 292 807 306 ·
1223 272 1303 326 M.
1340 271 1615 329 TULLII
1649 270 2050 330 CICERONIS

600 398 872 474 dieram,
924 417 1045 463 nec
1089 395 1293 461 multo
1338 405 1488 460 ante
1528 393 1772 461 redisse
1819 394 1964 472 scii,
2015 414 2210 478 quam
2255 418 2328 461 ex
2371 396 2577 482 epistola

600 504 710 556 tua
755 490 1061 578 cognovi3
1114 489 1367 556 nullum
1412 489 1584 554 enim
1626 489 1693 553 in
1728 501 1792 555 te
1827 488 2114 554 officium
2127 537 2146 567 ‚
2198 512 2279 555 ne
2311 490 2574 554 minimum

600 584 886 668 quidem,
939 584 1078 650 sine
1120 582 1401 651 maxima
1436 584 1626 667 culpa
1660 582 1883 648 videor
1925 604 2116 669 posse
2160 583 2495 670 praeterire,
2531 584 2576 647 in

596 701 725 764 *quo
761 679 1000 745 tuendo
1035 679 1245 744 habeo
1279 700 1507 743 causas
1551 677 1859 763 plurimas
1893 678 1996 743 vel
2041 687 2338 763 paternae
2368 678 2576 743 necessi-

596 773 834 840 tudinis
871 773 974 839 vel
1008 795 1192 840 meae
1228 796 1267 837 a
1301 771 1577 858 pueritia
1612 770 2057 837 observantiae
2092 771 2198 837 vel
2231 771 2322 836 tui
2352 793 2480 859 erga
2503 793 2574 835 me

599 868 803 933 mutui
839 867 1093 933 amoris.
1147 888 1279 953 qua
1312 888 1404 944 re,
1440 865 1530 943 mi
1552 854 1803 943 Cicero,
1839 866 2013 950 quod
2041 888 2189 932 mea
2220 877 2435 950 tuaque
2460 865 2574 949 pati-

596 976 703 1026 tm·
725 972 927 1039 aetas,
961 960 1277 1047 persuade
1312 959 1431 1025 tibi
1466 970 1530 1025 te
1556 981 1759 1025 unum
1787 981 1948 1036 esse,
1983 959 2053 1025 in
2082 980 2212 1044 quo
2238 981 2353 1047 ego
2378 958 2572 1025 colendo

596 1054 871 1140 patriam
904 1055 1065 1120 mihi
1099 1053 1538 1120 constituerim
1574 1052 1993 1118 sanctitatem.
2065 1053 2282 1118 omnia
2310 1053 2474 1138 igitur
2499 1063 2572 1114 tua

600 1149 863 1215 sensilia
878 1148 1037 1212 mihi
1060 1169 1191 1213 non
1207 1149 1417 1233 magis
1444 1147 1821 1232 prudentiae
1839 1149 2051 1234 plena,
2081 1168 2247 1232 qnae
2271 1169 2483 1212 summa
2494 1154 2570 1219 est,

596 1241 891 1308 videntur
924 1263 1119 1325 quam
1152 1242 1503 1318 fidelitatis,
1549 1263 1747 1326 quam
1795 1263 1917 1327 ego
1962 1265 2046 1308 ex
2088 1249 2245 1308 mea‘
2274 1238 2571 1307 conscientia

600 1337 845 1402 metiort
883 1356 1013 1419 qua
1046 1358 1117 1401 re
1152 1336 1205 1400 si
1243 1347 1358 1402 aut
1392 1336 1578 1402 aliter
1603 1335 1925 1412 sentirem,
1962 1347 2138 1403 certe
2172 1334 2479 1401 admonitio
2499 1342 2570 1394 tua

596 1453 699 1496 me
734 1430 1078 1516 reprimere
1106 1441 1237 1508 aut,
1275 1431 1331 1496 si
1359 1430 1743 1508 dubitarem,
1777 1428 2058 1497 hortatio
2085 1430 2377 1517 inpellere
2399 1435 2566 1514 posset,

596 1536 666 1588 ut
689 1523 757 1590 id
786 1545 1108 1610 sequerer,
1144 1524 1319 1610 quod
1347 1537 1420 1591 tu
1447 1525 1759 1612 optimum
1784 1535 2069 1611 putares.
2125 1547 2294 1590 nunc
2317 1517 2567 1604 veroquid

596 1630 711 1700 est,
739 1621 913 1705 quod
940 1643 1043 1686 me
1069 1622 1139 1686 in
1166 1621 1358 1687 aliam
1385 1633 1634 1708 partem
1659 1619 1912 1687 trahere
1937 1621 2181 1706 possit?
2216 1635 2564 1705 quaecumque

596 1716 661 1780 in
695 1738 800 1781 me
844 1714 1016 1781 bona
1060 1727 1209 1781 sunt
1243 1727 1355 1781 aut
1398 1716 1695 1783 fortunae
1738 1715 2057 1781 beneflcio
2091 1717 2324 1781 tributa
2354 1723 2446 1778 aut
2469 1729 2562 1774 meo

592 1808 813 1875 labore
847 1821 1050 1896 parta,
1088 1811 1207 1876 etsi
1242 1833 1282 1876 a
1315 1821 1382 1876 te
1416 1821 1677 1896 propter
1711 1831 1998 1875 amorem
2037 1810 2244 1878 carius
2279 1820 2410 1876 sunt
2436 1802 2562 1871 aesti-

592 1915 787 1982 mata,
823 1916 1039 1970 tamen
1060 1905 1162 1970 vel
1188 1904 1606 1970 inimicissimi
1633 1905 1870 1972 iudicio
1900 1918 2085 1972 tanta
2114 1918 2278 1983 sunt,
2304 1914 2369 1969 ut
2387 1909 2561 1989 praeter

536 2020 556 2052 -1
600 2000 827 2064 bonam
879 1998 1119 2063 famam
1170 1998 1331 2063 nihil
1375 1999 1736 2066 desiderare
1783 2000 2146 2066 videantur.
2232 2021 2351 2084 qna
2392 2017 2447 2060 re
2484 1991 2559 2054 h00

596 2116 795 2157 unum
829 2091 947 2157 tibi
981 2091 1318 2178 persuade,
1355 2105 1669 2179 quantum
1704 2094 1949 2160 viribus
1985 2095 2177 2172 eniti,
2212 2089 2440 2160 consilio
2465 2105 2559 2170 pro-

596 2187 828 2264 videre,
854 2187 1232 2253 auctoritate
1256 2210 1518 2254 monere
1543 2200 1833 2276 potuero,
1869 2189 1995 2254 hoc
2023 2211 2212 2255 omne
2237 2187 2325 2254 rei
2346 2181 2557 2271 publicae
2604 2232 2605 2246 2

596 2302 843 2365 semper
876 2281 1185 2346 futumm.
1273 2304 1404 2346 non
1440 2294 1538 2348 est
1570 2285 1830 2370 ignotus
1867 2283 2029 2350 mihi
2066 2306 2287 2351 sensus
2318 2292 2462 2352 tuus3
2487 2292 2559 2335 ne·

596 2395 739 2456 que,
768 2374 823 2438 si
847 2373 1120 2440 facultas
1148 2375 1446 2461 optabilis
1481 2377 1639 2442 mihi
1664 2377 1926 2461 quidem
1954 2379 2054 2442 tui
2083 2372 2409 2464 praesentis
2431 2373 2556 2435 esset,
2600 2430 2601 2435 ,

592 2489 900 2553 nmquam
934 2491 975 2533 a
1007 2468 1133 2533 tuis
1179 2469 1458 2537 consiliis
1495 2472 1924 2558 discreparem
1937 2519 1955 2549 ,
2002 2494 2126 2538 nec
2158 2490 2320 2536 nunc
2350 2458 2558 2531 commit·

592 2580 723 2628 tam
773 2575 846 2630 ut
898 2565 1100 2629 ullum
1152 2586 1372 2630 meum
1423 2566 1668 2632 factum
1716 2566 2185 2653 reprehendere
2234 2565 2361 2630 iure
2403 2552 2554 2644 possis.

596 2683 734 2724 sum
767 2660 833 2724 in
871 2660 1345 2746 exspectatione
1374 2661 1658 2727 omnium
1685 2684 1920 2739 rerum,
1957 2662 2119 2746 quid
2151 2662 2218 2725 in
2247 2656 2433 2725 Gallia
2458 2649 2555 2713 ῦίΐθ·

592 2756 783 2830 riore,
837 2755 993 2838 quid
1036 2754 1102 2818 in
1147 2754 1305 2820 urbe
1350 2777 1570 2820 mense
1603 2756 1905 2820 Ianuario
1950 2766 2212 2841 geratur
2250 2751 2341 2840 [ut
2378 2734 2552 2821 sciam]-

592 2846 841 2910 interim
884 2848 1230 2912 maximam
1273 2848 1379 2913 hic
1425 2849 1912 2915 sollicitudinem
1953 2869 2294 2933 curamque
2335 2838 2550 2908 sustineo,
2589 2892 2591 2911 η

592 2964 669 3004 ne
705 2939 871 3004 inter
905 2941 1112 3005 aliena
1146 2941 1303 3005 vitia
1338 2941 1460 3008 hae
1493 2953 1718 3028 gentes
1753 2954 1972 3009 nostra
2007 2943 2179 3008 mala
2205 2937 2370 3007 suam
2397 2932 2549 3019 putent
2587 2950 2590 3004 ί

592 3032 1005 3099 occasionem.
1095 3034 1269 3117 quod
1306 3035 1356 3100 si
1397 3036 1693 3121 proinde,
1729 3048 1803 3102 ut
1835 3037 1974 3123 ipse
2009 3057 2272 3111 mereor,
2305 3026 2435 3096 mihi
2459 3038 2550 3125 ⁸92³·
2582 3048 2588 3103 ,ι

592 3126 869 3205 cesserit,
905 3139 1077 3195 certe
1112 3139 1176 3194 et
1209 3126 1346 3207 tibi,
1383 3130 1489 3195 cui
1524 3130 1800 3197 maxime
1837 3131 2048 3216 cupio,
2086 3141 2149 3195 et
2176 3124 2434 3193 omnibus
2453 3126 2550 3176 vmn

592 3220 777 3286 honis
812 3222 963 3288 satis
999 3222 1253 3288 faciam.
1343 3223 1448 3288 fac
1483 3225 1698 3289 valeas
1733 3246 1966 3307 meque
2000 3233 2226 3290 mutuo
2259 3217 2463 3300 diligas·

1582 3459 1652 3515 V.

999 3560 1117 3616 Scr.
1136 3561 1351 3616 Romae
1368 3578 1559 3618 mense
1577 3561 1887 3616 Februario
1907 3579 1959 3618 a.
1978 3578 2033 3615 u.
2055 3577 2103 3616 c.
2125 3558 2237 3613 711.

1202 3661 1477 3720 CICERO
1511 3662 1824 3720 PLANCO
1862 3663 2027 3719 SAL.

714 3785 915 3850 Binas
942 3808 981 3850 a
1006 3795 1070 3850 te
1096 3786 1313 3872 accepi
1347 3786 1590 3851 litteras
1619 3785 1842 3852 eodem
1871 3784 2181 3870 exemp10‚
2215 3774 2371 3863 quod
2397 3770 2503 3878 ἕρδ’]

588 3891 964 3964 argumento
1008 3879 1166 3945 mihi
1210 3879 1334 3945 fuit
1378 3879 1746 3966 diligentiae
1791 3891 1966 3946 tuae:
2020 3871 2289 3942 intellexi
2334 3881 2467 3932 emm
2505 3864 2520 3912 ¹

588 3972 906 4051 laborare,
941 3985 1016 4040 ut
1050 3975 1135 4040 ad
1168 3996 1272 4041 me
1308 3973 1467 4040 mihi
1501 3973 2082 4060 exspectatissimae
2114 3949 2503 4068 litterae-perse

588 4075 823 4141 rentur,
859 4087 938 4130 ex
969 4067 1203 4153 quibus
1232 4069 1375 4155 cepi
1403 4067 1686 4139 fructum
1716 4068 2034 4154 duplicem
2061 4063 2322 4146 mihique
2345 4073 2399 4117 m
2421 4059 2526 4109 com
