2675 4559
668 288 674 296 .
750 239 1307 299 EPISTOLARUM
1339 241 1504 297 xm.
1540 241 1692 296 7—9.
2049 225 2054 233 “
2123 227 2252 296 319

174 366 662 454 adsignationes
695 375 869 434 ratas
903 386 1044 433 esse
1079 363 1255 441 velit,
1290 383 1420 448 quo
1455 363 1766 431 firmiores
1803 364 2248 434 existimentur

172 485 359 540 suae,
398 461 456 526 si
490 482 569 526 ea
602 459 865 546 praedia
890 457 1273 535 dividentur,
1309 479 1478 542 quae
1503 458 1642 544 ipse
1664 456 1908 528 Caesar
1939 457 2246 537 vendidit,

171 578 348 641 quae
386 554 648 621 tandem
692 554 763 619 in
803 553 942 619 eius
986 551 1464 620 venditionibus
1509 575 1650 618 esse
1692 553 1928 639 poterit
1971 553 2248 623 auctori-

174 649 315 715 tas‘?
352 647 469 714 sed
504 647 628 713 hoc
663 646 854 733 quale
880 647 981 726 sit,
1017 658 1093 728 tu
1122 668 1240 734 pro
1273 656 1387 714 tua
1419 647 1760 733 prudentia
1797 647 2247 715 considerabis.

176 767 303 831 ego
341 755 409 810 te
442 744 636 830 plane
677 764 835 830 rogo
871 753 1066 827 atque
1108 743 1229 819 ita,
1283 753 1358 808 ut
1402 741 1642 809 maiore
1687 742 1930 821 studio,
1983 743 2248 807 iustiore

179 840 259 904 de
290 861 515 915 causa,
550 837 758 923 magis
784 860 865 903 ex
892 837 1105 901 animo
1132 858 1363 922 rogare
1397 836 1555 901 nihil
1591 836 1855 922 possim„
1889 847 1963 902 ut
1979 836 2247 902 Albinio

179 955 434 1019 parcas,
470 932 735 1018 praedia
769 931 1136 999 Laberiana
1167 955 1251 998 ne
1287 930 1586 1018 attingas.
1657 953 1896 1017 magna
1930 953 2034 996 me
2071 930 2250 996 adfe-

182 1026 345 1094 ceris
382 1047 517 1093 non
550 1025 743 1093 modo
778 1025 1053 1104 laetitia,
1090 1026 1204 1094 sed
1239 1025 1434 1095 etiam
1469 1025 1750 1109 quodam
1785 1023 1978 1092 modo
2021 1025 2248 1110 gloria,

180 1121 236 1188 si
278 1121 363 1188 P.
402 1119 656 1188 Sestius
702 1120 945 1190 homini
978 1121 1255 1190 maxime
1290 1120 1650 1192 necessario
1687 1119 1842 1190 satis
1877 1119 2102 1188 fecerit
2135 1142 2250 1205 per

180 1239 319 1293 me,
368 1225 445 1282 ut
478 1237 602 1302 ego
636 1215 730 1282 illi
764 1215 877 1282 uni
910 1214 1259 1302 plurimum
1294 1213 1532 1294 debe03
1586 1215 1761 1301 quod
1795 1224 1869 1278 ut
1901 1213 2134 1292 facias,
2187 1224 2249 1278 te

182 1309 599 1378 vehementer
642 1309 837 1378 etiam
889 1319 1081 1395 atque
1133 1309 1327 1378 etiam
1372 1330 1552 1396 rogo.
1640 1308 1848 1380 maius
1892 1307 2050 1380 mihi
2095 1306 2248 1374 dare

182 1402 571 1472 beneficium
604 1403 855 1474 nullum
898 1414 1112 1489 potes:
1158 1403 1227 1470 id
1272 1402 1432 1471 mihi
1475 1403 1810 1489 intelleges
1845 1424 1986 1490 esse
2020 1401 2250 1488 grati-s-

182 1521 438 1566 simum.

1066 1647 1269 1706 .1x.

943 1751 1061 1807 Scr.
1084 1767 1231 1806 anno
1250 1749 1482 1804 incerto.

734 1852 1009 1913 CICERO
1048 1851 1505 1910 CRASSIPEDI
1543 1849 1706 1908 SAL.

310 1967 732 2054 Quamquam
768 1969 885 2034 tibi
919 1990 1225 2054 praesens
1263 1967 1737 2045 commendavi,
1783 1977 1856 2036 ut
1889 1965 2070 2052 potui
2107 1964 2248 2030 dili-

52 2093 57 2098 ·
180 2063 585 2150 gentissime‚
620 2062 828 2132 socios
865 2062 1211 2148 Bithyniae
1246 2073 1440 2147 teque
1476 2083 1626 2128 cum
1659 2083 1804 2127 mea
1839 2059 2248 2130 commenda-
2289 2071 2295 2076 '

180 2161 387 2236 tione,
431 2169 571 2229 tum
605 2157 799 2226 etiam
841 2169 955 2228 tua
988 2167 1215 2244 sponte
1258 2157 1548 2225 intellexi
1583 2178 1820 2245 cupere
1854 2156 1916 2222 ei
1958 2155 2248 2226 societati

178 2247 699 2339 quibuscumque
733 2252 925 2322 rebus
971 2275 1191 2339 posses
1228 2252 1667 2330 commodare,
1704 2263 1949 2329 tamen,
1991 2273 2147 2318 cum
2181 2250 2246 2328 ii,

178 2368 461 2432 quorum
494 2370 597 2416 res
632 2347 865 2434 agitur,
898 2347 1119 2433 magni
1154 2370 1272 2417 sua
1306 2347 1614 2439 interesse
1649 2347 2111 2420 arbitrarentur
2146 2368 2250 2412 me

178 2441 381 2508 etiam
422 2464 541 2526 per
582 2441 825 2510 litteras
870 2442 1195 2508 declarare
1241 2441 1388 2519 tibi,
1443 2463 1575 2526 qua
1621 2463 1830 2512 essem
1875 2463 2032 2527 erga
2074 2440 2250 2527 ipsos

178 2536 547 2614 voluntate,
590 2558 721 2604 non
758 2535 1048 2604 dubitavi
1083 2536 1244 2608 haee
1280 2536 1366 2602 ad
1401 2546 1466 2610 te
1503 2536 1803 2610 scribere.
1891 2537 2040 2608 volo
2075 2534 2252 2622 enim

178 2642 247 2696 te
302 2629 669 2700 existimare
729 2653 864 2706 me,
924 2651 1074 2698 cum
1136 2631 1438 2702 universo
1492 2630 1701 2702 ordini
1761 2629 2250 2716 publicanorum

178 2745 443 2810 semper
476 2724 903 2796 libentissime
937 2724 1270 2796 tribuerim
1314 2725 1511 2809 idque
1547 2725 1798 2810 magnis
1835 2723 1974 2795 eius
2009 2723 2248 2792 ordinis

178 2839 345 2904 erga
380 2840 485 2884 me
519 2817 757 2888 meritis
794 2819 1009 2890 facere
1044 2819 1402 2896 debuerim,
1437 2829 1575 2888 tum
1609 2819 1678 2884 in
1711 2819 1934 2904 primis
1971 2818 2249 2890 amicum

180 2935 329 2980 esse
366 2911 519 2983 huie
552 2913 935 2999 Bithynicae
970 2913 1284 2991 societati,
1320 2935 1486 2998 quae
1521 2912 1790 2983 societas
1827 2913 2072 2992 ordine,
2108 2913 2250 3002 ipso

180 3007 523 3078 hominum
554 3031 809 3095 genere,
844 3031 995 3095 pars
1022 3021 1121 3080 est
1146 3008 1430 3080 maxima
1457 3008 1730 3076 civitatis
1741 3033 1760 3086 ς
1795 3019 2045 3080 constat
2080 3008 2251 3080 enim

182 3126 275 3173 ex
308 3103 537 3174 ceteris
572 3104 1005 3182 societatibus,
1044 3115 1109 3170 et
1142 3126 1297 3173 casu
1333 3103 1636 3189 permulti
1671 3113 1820 3174 sunt
1851 3102 1920 3174 in
1945 3125 2024 3175 ea
2047 3100 2250 3176 aoeie-

182 3207 321 3262 tate
358 3197 547 3265 valde
579 3197 737 3266 mihi
772 3197 1148 3275 familiares,
1182 3199 1248 3266 in
1284 3197 1632 3284 primisque
1667 3197 1752 3274 is,
1789 3195 1970 3266 euius
2005 3196 2252 3282 praeci-

180 3313 393 3377 puum
446 3289 731 3362 officium
782 3291 995 3378 agitur
1044 3292 1171 3360 hoc
1220 3303 1540 3378 tempore,
1577 3291 1674 3372 P.
1722 3290 2022 3376 Rupilius
2074 3291 2154 3359 P..
2201 3289 2248 3356 f.
2323 3297 2330 3302 '

182 3386 404 3462 Men„
459 3387 571 3470 qui
614 3397 711 3452 est
754 3387 1063 3472 magister
1107 3386 1177 3456 in
1221 3409 1300 3456 ea
1345 3386 1668 3458 societate.
1755 3407 1924 3469 quae
1967 3406 2118 3455 eum
2161 3384 2252 3449 ita

184 3480 347 3558 sint,
382 3479 453 3544 in
484 3479 793 3552 maiorem
829 3480 1093 3550 modum
1126 3503 1167 3548 a
1200 3491 1265 3550 te
1300 3491 1473 3566 peto,
1511 3477 1635 3546 Cn.
1665 3479 1972 3565 Pupium,
2007 3479 2120 3563 qui
2155 3489 2254 3546 est

184 3575 257 3638 in
292 3573 503 3660 operis
540 3574 677 3644 eius
712 3575 1054 3652 societatis,
1088 3573 1387 3646 omnibus
1423 3575 1548 3646 tuis
1586 3573 1814 3643 officiis
1851 3584 2042 3660 atque
2079 3571 2253 3644 omni

186 3667 569 3740 liberalitate
620 3679 843 3740 tueare
882 3691 1227 3754 curesque,
1281 3679 1356 3735 ut
1409 3670 1547 3742 eius
1602 3691 1865 3755 operae,
1917 3668 2090 3752 quod
2135 3666 2252 3734 tibi

190 3761 381 3834 facile
418 3762 596 3831 factu
630 3774 757 3841 est,
794 3785 990 3848 quam
1024 3763 1436 3874 gratissimae
1463 3764 1590 3830 sint
1625 3763 1844 3840 sociis,
1889 3782 2152 3847 remque
2179 3773 2254 3827 et

192 3857 534 3925 utilitatem
596 3857 913 3928 sociorum
963 3895 1053 3910 --
1102 3857 1284 3928 cuius
1347 3857 1442 3928 rei
1499 3869 1809 3942 quantam
1869 3866 2251 3968 potestatem

192 3962 493 4033 quaestor
536 3950 803 4030 habent,
848 3975 979 4024 non
1022 3975 1169 4022 sum
1212 3953 1478 4038 ignarus
1511 3987 1602 4006 --
1629 3974 1746 4038 per
1788 3963 1851 4022 te
1887 3955 2082 4062 quam
2115 3973 2254 4016 ma-

194 4045 362 4114 xime
393 4047 725 4116 defensam
752 4058 817 4114 et
842 4058 1098 4114 auctam
1126 4045 1307 4114 velis.
1360 4047 1428 4113 id
1455 4069 1602 4114 cum
1627 4046 1784 4112 mihi
1817 4047 2255 4134 gratissimum
