2675 4559
500 277 630 344 372
1114 289 1189 342 M.
1226 285 1502 346 TULLII
1535 281 1935 341 CICERONIS

1433 457 1627 514 XXII.

760 565 881 622 Ser.
899 562 1187 620 Brundisii
1200 560 1481 620 Kalendis
1501 558 1924 631 Septembribus
1937 575 1992 614 a.
2009 573 2068 610 u.
2087 573 2135 612 c.
2154 555 2268 610 707.

885 663 1229 738 TULLIUS
1264 662 1325 721 S.
1359 663 1434 720 D.
1472 659 1920 719 TERENTIAE
1955 657 2169 716 SUAE.

624 788 698 856 S.
734 812 797 854 v.
833 789 897 854 b.
937 811 993 854 e.
1020 810 1083 854 v.
1118 808 1237 852 noe
1274 785 1506 852 cotidie
1539 783 1904 850 tabellarios
1937 793 2186 847 nostros
2219 790 2504 868 exspecta-

494 907 659 962 mus,
694 883 808 974 qui
842 885 899 950 si
924 882 1236 959 venerint,
1268 881 1542 946 fortaese
1567 879 1804 946 erimus
1831 878 2149 954 certiorem
2183 875 2332 962 quid
2355 873 2502 940 nohis

494 979 861 1055 faciendum
896 979 1005 1054 sit,
1048 976 1490 1064 faciemusque
1533 985 1598 1041 te
1633 973 1850 1040 statim
1883 972 2236 1040 certiorem.
2301 971 2506 1038 valetu-

497 1074 713 1141 dinem
746 1081 926 1138 tuam
960 1093 1115 1137 cura
1150 1071 1509 1158 diligenter.
1563 1069 1725 1134 vale.
1777 1068 1868 1132 Κ.
1909 1062 2238 1154 Septemb.

1314 1243 1325 1259 ·
1408 1219 1634 1274 ΧΧΙΙΙ.

848 1323 964 1379 Scr.
983 1321 1269 1376 Brundisii
1284 1322 1429 1392 prid.
1448 1322 1582 1375 Idus
1603 1319 1842 1378 Sextiles
1862 1337 1914 1376 a.
1932 1338 1988 1374 u.
2007 1337 2057 1376 c.
2081 1321 2200 1375 707.

884 1423 1228 1481 TULLIUS
1265 1423 1714 1480 TERENTIAE
1751 1423 1950 1480 SUAE
1985 1421 2043 1478 S.
2082 1423 2159 1476 D.

624 1537 695 1605 S.
732 1563 793 1606 v.
829 1537 894 1603 b.
942 1561 997 1604 e.
1034 1560 1098 1603 v.
1143 1538 1434 1604 redditae
1479 1537 1636 1604 mihi
1679 1536 1941 1607 tandem
1987 1548 2143 1603 sunt
2186 1560 2226 1601 a
2269 1531 2506 1600 Caesare

493 1633 743 1700 litterae
777 1632 932 1698 satis
965 1631 1290 1710 liberales,
1336 1642 1401 1698 et
1432 1633 1573 1718 ipse
1607 1631 1902 1718 opinione
1939 1629 2212 1698 celerius
2246 1637 2504 1694 venturus

496 1749 636 1794 esse
682 1725 939 1804 dicitur3
992 1725 1097 1792 cui
1138 1736 1359 1792 utrum
1403 1723 1660 1790 obviam
1701 1725 2076 1812 procedam,
2131 1749 2215 1790 an
2255 1723 2353 1788 hic
2389 1742 2506 1788 eum

496 1831 891 1908 exspectem,
928 1843 1077 1888 cum
1111 1821 1518 1898 constituero,
1550 1820 1787 1885 faciam
1820 1831 1885 1886 te
1921 1820 2274 1886 certiorem.
2340 1813 2506 1882 tabel-

492 1916 685 1980 larios
737 1915 897 1982 mihi
936 1915 1133 1981 velim.
1182 1935 1378 2000 quam
1422 1914 1700 2002 primum
1742 1913 2048 1979 remittas.
2123 1911 2506 1980 'valetudinem

494 2021 673 2076 tuam
700 2031 865 2076 cura
896 2010 1255 2098 diligenter.
1308 2009 1473 2075 vale.
1529 2009 1591 2074 d.
1627 2031 1724 2094 pr.
1760 2009 1859 2073 Id.
1899 2008 2083 2076 Sext.

1419 2159 1636 2216 XXIV.

863 2260 981 2318 Ser.
998 2263 1287 2318 Brundisii
1302 2262 1410 2316 111.
1429 2261 1566 2317 Idus
1585 2261 1827 2318 Sextiles
1845 2280 1900 2318 a.
1919 2279 1975 2316 u.
1995 2279 2045 2317 c.
2064 2264 2186 2318 707.

888 2361 1231 2420 TULLIUS
1268 2363 1720 2420 TERENTIAE
1755 2363 1956 2425 SUAE
1990 2363 2049 2420 S.
2085 2366 2163 2420 D.

622 2474 693 2542 S.
728 2498 790 2541 v.
826 2476 893 2540 b.
928 2499 985 2541 e.
1021 2499 1083 2542 v.
1128 2499 1249 2542 nos
1291 2499 1503 2562 neque
1549 2479 1631 2544 de
1669 2475 1968 2545 Caesaris
2011 2480 2286 2546 adventu
2329 2493 2506 2558 neque

492 2571 572 2636 de
606 2569 852 2648 litteris,
887 2590 1049 2654 quas
1073 2569 1462 2638 Philotimus
1499 2573 1736 2640 habere
1771 2572 2022 2650 dicitur,
2059 2575 2389 2660 quicquam
2419 2565 2506 2630 ad·

490 2665 619 2732 huc
663 2665 821 2732 certi
862 2665 1192 2732 habemus.
1282 2667 1337 2732 si
1384 2666 1540 2753 quid
1575 2667 1695 2734 erit
1729 2668 1916 2746 certi,
1958 2667 2194 2736 faciam
2234 2678 2295 2732 te
2327 2660 2503 2730 statim

490 2761 841 2920 (gemm.
898 2761 1329 2828 valetudinem
1356 2773 1536 2827 tuam
1569 2762 1674 2827 fac
1708 2772 1781 2827 ut
1805 2784 2010 2828 cures.
2065 2761 2228 2828 vale.
2277 2781 2359 2826 111.
2378 2753 2508 2822 Idus

544 2877 581 2918 e
756 2900 773 2918 .
