2675 4559
482 250 613 320 390
1103 260 1180 316 M.
1217 259 1494 318 TULLII
1529 259 1929 320 CICERONIS

483 389 667 456 vallis
702 398 1061 473 temporum
1094 385 1517 473 interruptam
1545 385 2072 452 consuetudinem
2107 387 2338 466 habuit,
2371 411 2494 454 con-

420 505 447 546 s
480 487 841 574 firmaretur
871 482 1335 549 vehementius.
1387 481 1460 548 id
1488 481 1796 565 quoniam
1830 503 1961 548 non
1997 483 2248 562 accidit,
2279 495 2497 550 utemur

479 581 651 646 bono
682 579 1041 646 litterarum
1074 589 1142 644 et
1184 576 1413 643 eadem
1457 574 1594 641 fere
1627 576 1957 656 absentes,
1991 599 2190 662 quae,
2233 579 2286 644 si
2319 600 2497 644 coram

481 697 799 753 essemus,
845 693 1340 758 consequemur:
1393 692 1562 736 unus
1595 670 1840 738 scilicet
1873 672 2074 738 animi
2108 673 2375 752 fructus,
2413 674 2498 758 qui

479 770 547 836 in
580 781 647 835 te
680 767 960 835 videndo
994 769 1111 844 est,
1146 764 1390 852 percipi
1423 765 1654 831 litteris
1684 788 1814 832 non
1850 778 2063 853 potest
2074 792 2094 847 3
2131 769 2290 834 alter
2321 779 2498 854 gratu-

446 863 765 941 lationis,
818 875 917 930 est
964 862 1022 928 is
1074 860 1335 946 quidem
1380 860 1632 937 exssior,
1686 882 1883 945 quam
1939 862 1995 928 si
2049 862 2168 928 tibi
2217 874 2280 929 te
2325 863 2500 948 ipsum

478 957 737 1024 intuens
769 957 1147 1046 gratularer,
1184 955 1301 1022 sed
1332 965 1550 1021 tamen
1583 967 1650 1021 et
1681 955 1811 1022 feci
1831 967 2038 1024 -antea
2071 969 2139 1024 et
2173 957 2334 1023 facio
2363 979 2501 1024 nunc

482 1053 727 1139 tibique
760 1073 910 1118 cum
944 1073 1063 1138 pro
1094 1072 1311 1117 rerum
1345 1049 1820 1138 magnitudine,
1871 1073 2036 1137 quas
2072 1053 2350 1139 gessisti,
2395 1064 2502 1116 tum

480 1171 601 1237 pro
643 1147 1117 1236 opportunitate
1160 1146 1466 1232 temporis
1499 1149 1817 1233 gratulor,
1862 1149 2039 1233 quod
2075 1161 2140 1216 te
2175 1149 2256 1216 de
2288 1149 2502 1236 provin-

483 1244 585 1309 cia
638 1243 1049 1310 decedentem
1106 1263 1360 1308 summa
1397 1242 1543 1308 la'us
1593 1253 1660 1308 et
1711 1265 1966 1310 summa
2017 1246 2232 1332 gratia
2285 1245 2500 1332 provin-

419 1353 449 1394 4
484 1339 621 1404 ciae
665 1349 1007 1424 prosecuta
1050 1351 1178 1415 est3
1230 1336 1494 1402 tertium
1537 1348 1664 1415 est,
1715 1349 1789 1404 ut
1828 1337 1927 1418 id,
1983 1340 2163 1424 quod
2200 1341 2278 1406 de
2309 1339 2497 1405 nostris

480 1433 673 1500 rebus
726 1453 945 1498 coram
996 1431 1650 1500 communicassemus
1701 1434 1868 1501 inter
1918 1455 2069 1512 nos,
2136 1435 2498 1502 conficiamus

478 1526 653 1594 idem
694 1524 944 1594 litteris.
1032 1547 1155 1613 ego
1200 1537 1564 1593 ceterarum·
1597 1549 1813 1595 rerum
1855 1551 2058 1596 eausa
2109 1531 2228 1596 tibi
2269 1529 2498 1596 Romam

480 1622 955 1710 properandum
988 1643 1227 1709 magno
1262 1643 1458 1708 opere
1493 1643 1752 1690 censeo=
1795 1645 1949 1689 nam
1985 1636 2052 1691 et
2097 1647 2204 1703 ea,
2247 1647 2398 1709 quae
2425 1644 2502 1686 re-

480 1718 671 1802 liqui,
724 1717 1068 1801 tranquilla
1110 1717 1192 1783 de
1234 1727 1301 1782 te
1334 1728 1518 1782 erant
1563 1727 1628 1783 et
1669 1718 1793 1783 hac
1837 1727 1950 1784 tua
1995 1721 2238 1786 recenti
2279 1715 2500 1784 victoria

482 1822 661 1878 tanta
696 1813 943 1878 clarum
976 1824 1161 1877 tuum
1202 1811 1552 1878 adventum
1585 1810 1724 1878 fore
1757 1812 2088 1900 intellego.
2143 1815 2256 1882 sed
2289 1813 2339 1880 si
2369 1833 2499 1897 quae

484 1916 634 1972 sunt
668 1915 881 1972 onera'
898 1919 1185 1984 tuorum,
1223 1907 1277 1972 si
1310 1915 1492 1972 tanta
1523 1917 1703 1984 sunt,
1749 1916 1823 1972 ut
1857 1931 1935 1974 ea
1969 1909 2284 1975 sustinere
2314 1904 2496 1994 possis,

452 2021 784 2088 .propera;
836 2002 995 2068 nihil
1030 2000 1147 2068 tibi
1182 2001 1303 2068 erit
1342 2002 1609 2078 lautius,
1661 2001 1820 2068 nihil
1853 2002 2226 2088 gloriosius3
2278 2003 2369 2068 sin
2393 2021 2500 2064 ma-

480 2096 639 2174 iora,
676 2095 1011 2162 considera
1024 2142 1043 2172 ,
1078 2119 1163 2162 ne
1196 2097 1265 2162 in
1298 2095 1760 2162 alienissimum
1793 2107 2049 2184 tempus
2091 2099 2276 2164 eadat
2307 2096 2499 2162 adven-

480 2199 585 2253 tus
620 2201 790 2254 tuus.
878 2189 1073 2255 huius
1106 2190 1202 2256 rei
1234 2200 1442 2257 totum
1479 2191 1816 2258 consilium
1858 2203 2042 2258 tuum
2093 2205 2220 2272 est3
2259 2204 2328 2258 tu
2365 2187 2498 2255 enim

480 2279 625 2358 scis,
662 2281 821 2366 quid
855 2283 1171 2349 sustinere
1205 2284 1435 2368 possis.
1505 2285 1562 2350 si
1593 2297 1809 2370 potes,
1843 2287 2174 2354 laudabile
2207 2298 2384 2371 atque
2410 2303 2499 2368 po-

476 2375 701 2461 pulare
738 2386 835 2441 est
842 2400 861 2454 ;
896 2377 997 2442 sin
1031 2378 1222 2463 plane
1256 2399 1389 2442 non
1422 2389 1628 2463 potes,
1666 2380 1898 2447 absens
1934 2380 2270 2448 hominum
2303 2397 2499 2446 sermo-

418 2485 441 2525 5
476 2493 592 2536 nes
644 2469 895 2536 facilius
952 2471 1315 2538 sustinebis.
1407 2473 1490 2539 de
1541 2497 1648 2540 me
1699 2485 1916 2542 autem
1959 2475 2140 2544 idem
2184 2488 2381 2542 tecum
2421 2468 2498 2534 his

476 2587 603 2651 ago
638 2565 885 2643 litteris,
920 2567 1097 2651 quod
1127 2568 1567 2653 superioribus
1606 2571 1710 2656 egi
1723 2617 1742 2648 ,
1779 2582 1854 2636 ut
1887 2572 2100 2638 omnis
2135 2583 2274 2638 tuos
2305 2586 2496 2633 nervos

475 2661 544 2725 in
604 2682 681 2727 eo
735 2661 1115 2740 contendas,
1176 2685 1260 2728 ne
1311 2663 1469 2748 quid
1530 2664 1688 2729 mihi
1749 2665 1834 2730 ad
1889 2666 2061 2732 hanc
2122 2661 2491 2754 provinciam,

476 2779 672 2842 quam
716 2768 781 2824 et
824 2769 1085 2824 senatus
1132 2770 1197 2827 et
1238 2760 1519 2846 populus
1565 2781 1846 2826 annuam
1899 2783 2042 2828 esse
2095 2760 2318 2836 voluit,
2365 2768 2496 2821 tem·

474 2851 647 2937 poris
690 2864 1103 2938 prorogetur:
1156 2853 1281 2947 hoc
1316 2877 1359 2920 a
1391 2865 1458 2920 te
1489 2857 1581 2920 ita
1612 2854 1930 2921 contendo
1940 2903 1961 2936 ,
2015 2867 2091 2922 ut
2123 2856 2192 2921 in
2222 2875 2298 2920 eo
2329 2851 2495 2917 fortu-

475 2967 591 3010 nas
625 2967 805 3010 meas
839 2947 1081 3032 positas
1115 2958 1359 3034 putem.
1447 2949 1650 3016 habes
1683 2949 1969 3020 Paulum
2001 2962 2290 3017 nostrum
2327 2939 2492 3012 nostri

359 3061 365 3066 ·
476 3038 959 3125 cupidissimum
969 3067 989 3120 3
1026 3053 1124 3108 est
1156 3041 1380 3121 Guri0,
1417 3055 1518 3110 est
1547 3043 1850 3110 Furnius.
1921 3043 2015 3110 sic
2049 3044 2240 3112 velim
2271 3039 2492 3109 enitare,

416 3145 443 3185 ⁶
474 3133 659 3218 quasi
693 3133 756 3198 in
798 3155 875 3201 eo
911 3137 1041 3202 sint
1072 3135 1231 3202 mihi
1260 3137 1501 3203 omnia.
1589 3149 1950 3205 extremum
1993 3139 2154 3204 illud
2189 3147 2280 3203 est
2313 3135 2384 3200 de
2413 3129 2490 3202 iis,

471 3249 641 3312 quae
675 3251 1156 3316 proposueram,
1193 3231 1588 3298 confirmatio
1623 3243 1880 3300 nostrae
1915 3232 2250 3310 amicitiae,
2284 3229 2358 3294 de
2388 3244 2489 3309 qua

471 3323 765 3408 pluribus
800 3325 1014 3391 verbis
1048 3325 1206 3391 nihil
1242 3350 1409 3414 opus
1444 3338 1571 3395 est:
1608 3337 1681 3393 tu
1714 3351 1880 3415 puer
1911 3352 2016 3396 me
2053 3324 2357 3415 adpetisti,
2389 3338 2485 3404 ego

470 3428 691 3484 autem
724 3441 977 3506 semper
1010 3433 1384 3488 ornamento
1420 3433 1484 3488 te
1519 3421 1678 3488 mihi
1711 3423 1850 3490 fore
1887 3423 2044 3490 duxi
2051 3449 2072 3503 3
2124 3419 2298 3488 fuisti
2328 3416 2487 3484 etiam

466 3511 789 3596 praesidio
823 3515 1196 3581 tristissimis
1223 3515 1384 3584 meis
1420 3518 1816 3604 temporibus
1827 3539 1847 3597 3
1883 3519 2150 3586 accessit
2171 3527 2311 3604 post
2333 3523 2483 3578 tuum

471 3606 827 3674 discessum
886 3609 1282 3678 familiaritas
1345 3610 1504 3678 mihi
1567 3635 1716 3679 cum
1781 3615 1988 3682 Bruto
2057 3626 2168 3681 tuo
2225 3606 2483 3676 maxima·

468 3701 686 3786 itaque
720 3702 787 3768 in
814 3715 1045 3771 vestro
1096 3704 1358 3793 ingenio
1403 3718 1470 3774 et
1519 3707 1834 3775 industria
1875 3711 2033 3776 mihi
2075 3708 2394 3796 plurimum
2430 3705 2484 3760 et

468 3795 805 3862 suavitatis
854 3808 918 3864 et
971 3799 1301 3887 dignitatis
1348 3804 1766 3870 constitutum
1818 3815 2006 3892 puto:
2057 3805 2126 3870 id
2175 3814 2241 3868 tu
2287 3809 2352 3864 ut
2389 3803 2482 3858 tuo

469 3888 683 3953 studio
743 3892 1111 3974 confirmes,
1177 3906 1241 3962 te
1294 3897 1708 3966 vehementer
1759 3920 1950 3987 rogo,
2009 3899 2354 3990 litterasque
2407 3881 2475 3950 ad

466 3999 573 4041 me
618 3991 679 4085 et
715 3985 1027 4087 ‘continuo
1071 3989 1289 4056 mittas
1332 4002 1428 4070 et,
1481 4016 1631 4060 cum
1673 3993 1950 4060 Romam
2003 3991 2238 4062 veneris
2249 3989 2292 4067 {⁴
2307 3993 2472 4070 ‘quam

468 4087 857 4152 saep1ss1me.
