2675 4559
454 262 540 329 32
1077 273 1155 328 M.
1194 272 1469 331 TULLII
1504 271 1907 331 CICERONIS

395 420 422 462 s
458 398 720 467 consilio
756 409 820 465 te
855 407 928 463 ut
960 418 1218 484 possem
1242 397 1485 461 iuvare.
1574 396 1851 463 scribam
1886 397 1973 464 ad
2006 407 2069 464 te
2102 398 2290 485 plura
2326 399 2527 479 alias3

453 494 677 583 paucis
713 494 884 559 enim
910 492 1138 558 diebus
1167 513 1343 557 eram
1369 491 1679 557 missurus
1706 492 2091 557 domesticos
2128 493 2529 581 tabellariOS,

453 599 546 665 ut,
581 588 885 672 quoniam
919 609 1075 653 sane
1108 586 1381 653 feliciter
1407 598 1471 653 et
1499 609 1582 653 ex
1614 609 1763 653 mea
1788 588 2103 653 sententia
2134 610 2267 653 rem
2296 590 2529 675 publi-

453 703 598 748 cam
640 681 987 769 gessimus,
1038 680 1184 746 unis
1227 680 1455 747 litteris
1500 680 1693 745 totius
1730 680 1988 747 aestatis
2031 702 2135 747 res
2176 693 2399 767 gestas
2436 684 2528 749 ad

455 788 747 843 senatum
781 775 1262 862 perscriberem.
1315 774 1399 840 de
1428 773 1783 840 sacerdotio
1810 785 1923 840 tuo
1956 785 2267 859 quantam
2294 797 2526 843 curam

453 870 884 947 adhibuerim,
929 890 1252 955 quamque
1287 866 1535 934 difficili
1568 868 1636 933 in
1670 891 1740 934 re
1776 879 1969 953 atque
2004 890 2231 946 causa,
2276 892 2526 957 cogno-

391 988 420 1027 ι
457 987 596 1033 sees
632 987 715 1031 ex
745 964 826 1030 iis
860 964 1088 1030 litteris
1099 1010 1119 1041 ,
1155 984 1316 1047 quas
1352 961 1701 1039 Thrasoni,
1736 962 1963 1029 liberto
1999 973 2133 1041 tue,
2170 962 2343 1030 dedi.
2434 976 2524 1042 te,

451 1060 542 1125 mi
578 1056 799 1136 Curi0,
836 1080 954 1146 pro
989 1070 1104 1125 tua
1135 1057 1495 1149 incredibili
1528 1057 1597 1122 in
1630 1078 1735 1123 me
1768 1057 2217 1123 benevolentia
2238 1080 2522 1143 meaque

452 1155 607 1220 item
639 1154 711 1219 in
747 1164 812 1219 te
847 1152 1159 1239 singulari
1191 1174 1353 1238 rogo
1388 1163 1582 1236 atque
1610 1173 1743 1229 oro,
1778 1174 1861 1219 ne
1895 1152 2141 1238 patiare
2167 1152 2525 1239 quicquam

451 1248 611 1313 mihi
645 1249 729 1313 ad
762 1246 930 1312 hanc
959 1246 1419 1332 provincialem
1445 1247 1802 1313 molestiam
1830 1246 2133 1333 temporis
2162 1249 2523 1334 prorogari.

451 1364 756 1429 praesens
801 1351 1016 1407 tecum
1051 1340 1187 1426 egi,
1231 1360 1383 1405 cum
1417 1351 1483 1406 te
1526 1340 1855 1413 tribunum
1889 1341 1977 1427 pl.
2013 1340 2139 1406 isto
2172 1362 2344 1407 anno
2378 1342 2525 1409 fore

452 1456 584 1501 non
617 1445 942 1521 putarem,
985 1435 1270 1519 itemque
1303 1434 1503 1521 petivi
1538 1457 1730 1522 saepe
1764 1458 1881 1521 per
1914 1436 2187 1512 litteras,
2224 1436 2342 1502 sed
2376 1446 2525 1501 tum

453 1528 639 1615 quasi
673 1553 714 1595 a
748 1540 1040 1595 senatore
1075 1527 1491 1607 nobilissime,
1525 1532 1803 1612 †tamen
1836 1529 2241 1597 adulescente
2268 1540 2335 1595 et
2368 1552 2526 1616 gra-

452 1624 821 1701 tiosissimo,
856 1645 1030 1689 nune
1065 1646 1105 1689 a
1138 1623 1395 1689 tribuno
1431 1625 1519 1710 pl.
1556 1634 1620 1689 et
1656 1648 1695 1689 a
1731 1622 2018 1690 Curione
2054 1624 2341 1701 tribuno,
2386 1648 2523 1690 non

452 1731 524 1785 ut
571 1720 947 1787 decernatur
993 1718 1233 1804 aliquid
1275 1719 1429 1785 novi
1460 1754 1548 1767 ·-
1583 1719 1755 1803 quod
1799 1719 1962 1785 solet
2006 1740 2146 1784 esse
2190 1716 2521 1785 difficilius

449 1850 566 1892 —-,
613 1814 726 1879 sed
769 1823 846 1878 ut
886 1834 968 1879 ne
1013 1812 1169 1897 quid
1211 1814 1367 1879 novi
1412 1813 1820 1891 decernatur,
1863 1825 1940 1879 ut
1990 1823 2055 1879 et
2106 1813 2314 1879 senati
2362 1834 2522 1879 con-

453 1908 692 1975 sultum
737 1918 802 1971 et
851 1907 1029 1993 leges
1075 1906 1388 1974 defendas
1432 1928 1634 1991 eaque
1686 1906 1846 1975 mihi
1897 1904 2186 1973 condicio
2231 1920 2517 1985 maneat,

451 2022 582 2087 qua
630 1999 956 2088 profectus
1019 2022 1182 2065 sum.
1287 1999 1413 2066 hoe
1473 2010 1537 2066 te
1601 2000 2013 2089 vehementer
2060 1999 2259 2065 etiam
2322 2011 2521 2085 atque

450 2096 644 2159 etiam
675 2114 854 2178 rogo,

1393 2326 1555 2386 VIII.

726 2429 842 2487 Ser.
872 2431 1112 2487 Athenis
1137 2431 1318 2503 pridie
1347 2432 1541 2489 Nonas
1570 2431 1848 2497 Quintiles
1875 2450 1924 2489 a.
1952 2451 2007 2489 u.
2036 2450 2082 2489 c.
2113 2432 2233 2489 703.

791 2534 866 2589 M.
906 2532 1181 2590 CICERO
1218 2533 1529 2591 PROCOS.
1573 2533 1628 2591 S.
1655 2534 1728 2589 D.
1757 2534 1832 2590 M.
1864 2534 2161 2592 CAELIO.

389 2680 413 2719 1
579 2656 797 2741 Quid?
851 2669 921 2723 tu
968 2680 1072 2725 me
1116 2658 1240 2723 hoc
1285 2658 1403 2723 tibi
1445 2658 1785 2724 mandasse
1830 2658 2183 2736 existimas,
2235 2671 2311 2725 ut
2354 2662 2515 2727 mihi

447 2754 876 2841 gladiatorum
912 2752 1401 2839 conpositiones,
1438 2763 1511 2817 ut
1535 2752 1902 2819 vadimonia
1928 2752 2124 2818 dilata
2156 2764 2222 2819 et
2252 2750 2513 2821 Chresti

447 2848 938 2933 conpilationem
989 2846 1270 2912 mitteres
1317 2857 1381 2911 et
1428 2868 1535 2922 ea,
1588 2868 1754 2931 quae
1796 2845 2013 2923 nobis,
2068 2869 2217 2914 cum
2262 2848 2513 2913 Romae
2622 2904 2636 2932 4,

447 2963 702 3018 sumus,
747 2962 1006 3005 narrare
1049 2960 1239 3005 nemo
1285 2940 1559 3006 audeat?
1610 2941 1787 3017 vide,
1840 2951 2150 3025 quantum
2202 2942 2321 3007 tibi
2363 2964 2512 3009 meo
2627 2940 2637 2949 ”

443 3034 682 3100 iudicio
735 3032 1042 3099 tribuaml
1095 3054 1217 3099 nec
1260 3032 1624 3100 mehercule
1676 3035 1936 3100 iniuria:
1990 3035 2508 3125 πολιτικώτερον

445 3127 615 3195 enim
659 3138 724 3193 te
759 3126 972 3193 adhuc
1016 3126 1337 3193 neminem
1384 3129 1677 3214 cognovi.
1763 3151 1846 3193 ne
1890 3128 2001 3193 illa
2044 3128 2308 3211 quidem
2352 3152 2509 3196 curo
2632 3124 2634 3132 ’

443 3220 600 3288 mihi
635 3221 909 3299 scribas,
943 3243 1112 3305 quae
1145 3221 1444 3288 maximis
1479 3222 1546 3285 in
1581 3222 1772 3287 rebus
1808 3221 1900 3286 rei
1934 3221 2234 3307 publicae
2268 3245 2508 3307 gerun-

441 3327 552 3382 tur
591 3315 849 3394 cotidie,
901 3316 1026 3383 nisi
1068 3316 1224 3401 quid
1267 3315 1353 3381 ad
1394 3338 1499 3383 me
1541 3315 1753 3401 ipsum
1798 3315 2169 3401 pertinebit:
2222 3318 2507 3383 scribent

442 3410 580 3489 alii3
624 3410 814 3477 multi
845 3411 1261 3488 nuntiabunt3
1309 3408 1587 3495 perferet
1620 3410 1822 3475 multa
1856 3409 2048 3475 etiam
2090 3410 2229 3497 ipse
2262 3433 2504 3477 rumor.

442 3525 574 3588 qua
605 3526 675 3569 re
711 3525 834 3590 ego
877 3526 999 3570 nec
1041 3504 1385 3591 praeterita
1426 3525 1545 3570 nec
1588 3503 1950 3589 praesentia
1983 3504 2101 3569 abs
2136 3515 2229 3581 te,
2274 3506 2393 3571 sed
2432 3518 2507 3570 ut

445 3598 528 3664 ab
545 3596 802 3661 homine
829 3596 1022 3683 longe
1040 3599 1109 3663 in
1134 3608 1462 3683 posterum
1488 3598 1912 3685 prospiciente
1941 3598 2161 3663 futura
2179 3612 2505 3685 exspecto,

441 3702 543 3770 ut,
606 3712 687 3757 ex
738 3689 864 3755 tuis
915 3691 1140 3757 litteris
1193 3712 1343 3757 cum
1392 3691 1669 3758 formam
1719 3693 1811 3759 rei
1863 3692 2159 3779 publicae
2212 3694 2501 3773 viderim,

380 3804 407 3846 s
443 3786 632 3872 quale
667 3783 1030 3851 aedificium
1064 3785 1357 3852 futurum
1392 3786 1493 3865 sit,
1532 3787 1692 3853 scire
1726 3786 1985 3872 possim.
2038 3807 2249 3870 neque
2284 3798 2502 3855 tamen

444 3880 656 3946 adhuc
688 3878 897 3946 habeo
933 3881 1110 3965 quod
1141 3892 1206 3947 te
1241 3903 1539 3948 accusem
1549 3907 1569 3960 3
1612 3904 1821 3966 neque
1856 3884 2029 3948 enim
2062 3881 2187 3949 fuit
2220 3883 2400 3966 quod
2434 3895 2503 3951 tu

441 3972 587 4059 plus
621 3974 955 4059 providere
989 3996 1213 4062 posses
1245 3996 1445 4061 quam
1480 3975 1691 4060 quivis
1724 3987 2013 4043 nostrum
2046 3977 2115 4041 in
2150 3975 2501 4062 primisque

437 4086 592 4151 ege,
639 4067 750 4153 qui
795 4090 943 4141 cum
977 4070 1292 4159 Pompeio
1327 4071 1651 4156 conpluris
1689 4071 1824 4142 dies
1860 4071 2051 4137 nullis
2085 4071 2153 4137 in
2198 4070 2341 4137 aliis
2376 4070 2500 4135 nisi
