2675 4559
409 807 429 843 1

469 265 549 331 68
1081 282 1159 336 Μ.
1199 280 1472 338 TULLII
1507 278 1908 339 CICERONIS

1415 453 1580 508 XIII.

860 554 977 611 Ser.
997 556 1056 610 in
1075 556 1217 610 Asia
1233 573 1425 611 mense
1446 554 1761 626 Septembri
1780 573 1831 610 a.
1851 574 1906 610 u.
1929 573 1976 611 c.
1999 555 2118 611 ⁷04,

972 661 1051 714 M.
1091 656 1369 715 CICERO
1403 657 1527 712 ΑΡ.
1561 656 1926 714 PULCHRO
1965 656 2021 714 S.

597 779 802 863 Quasi
845 780 1200 866 divinarem
1245 780 1358 846 tali
1408 781 1479 845 in
1523 780 1734 846 officio
1778 780 1916 845 fore
1965 780 2124 846 mihi
2175 782 2527 865 aliquando

469 875 899 959 expetendum
933 876 1217 942 studium
1253 887 1459 953 tuum,
1497 875 1607 952 sic,
1646 897 1791 940 cum
1820 875 1901 939 de
1936 874 2064 940 tuis
2090 876 2284 941 rebus
2320 876 2527 962 gestis

469 971 806 1055 agebatur,
860 970 1290 1036 inserviebam
1335 969 1562 1034 honori
1606 978 1737 1033 tuo.
1826 968 2034 1034 dicam
2079 980 2295 1037 tamen
2340 992 2522 1036 vere:

463 1063 609 1147 plus
655 1083 846 1147 quam
893 1085 1231 1151 acceperas
1274 1061 1626 1129 reddidisti.
1716 1062 1860 1147 quis
1905 1062 2075 1127 enim
2124 1063 2204 1127 ad
2250 1085 2356 1129 me
2389 1084 2523 1129 non

464 1159 832 1244 perscripsit
874 1170 938 1225 te
981 1181 1112 1224 non
1154 1160 1365 1224 solum
1410 1158 1784 1224 auctoritate
1830 1158 2129 1223 orationis
2142 1205 2159 1235 ,
2206 1157 2524 1224 sententia

465 1265 605 1328 tua,
661 1254 893 1336 quibus
937 1276 1060 1339 ego
1105 1276 1146 1317 a
1187 1253 1300 1318 tali
1348 1254 1485 1318 viro
1530 1262 1865 1318 contentus
1910 1276 2112 1330 eram,
2166 1254 2281 1318 sed
2326 1253 2525 1319 etiam

465 1367 677 1431 spera,
705 1346 988 1425 consilio,
1016 1347 1280 1411 domum
1306 1346 1642 1424 veniendO,
1678 1346 2128 1412 conveniendis
2159 1345 2339 1423 meis,
2373 1346 2524 1411 nul-

461 1439 597 1503 lum
641 1462 802 1504 unus
856 1440 1053 1505 officii
1105 1440 1407 1525 cuiquam
1459 1439 1778 1524 reliquum
1828 1439 2099 1506 fecisse?
2150 1440 2309 1505 haec
2360 1438 2525 1504 mihi

461 1531 771 1619 ampliora
813 1534 1016 1600 multo
1061 1546 1210 1601 sunt
1242 1556 1439 1619 quam
1473 1533 1585 1599 illa
1616 1534 1789 1619 ipsa,
1842 1545 2103 1620 propter
2148 1556 2315 1619 quae
2358 1533 2526 1598 haec

461 1627 858 1693 laborantur:
893 1629 1172 1716 insignia
1197 1629 1369 1694 enim
1398 1628 1647 1696 virtutis
1674 1628 1858 1692 multi
1891 1628 2083 1693 etiam
2118 1628 2255 1692 sine
2284 1626 2526 1692 virtute

461 1722 749 1788 adsecuti
791 1736 967 1802 sunt3
1014 1725 1237 1792 talium
1281 1724 1566 1789 virorum
1611 1733 1791 1788 tanta
1825 1722 2035 1788 studia
2069 1721 2335 1805 adsequi
2380 1722 2524 1786 'sola

461 1819 665 1883 virtus
714 1829 945 1903 potest.
1051 1819 1266 1901 itaque
1317 1816 1477 1882 mihi
1525 1838 1814 1902 propono
1864 1817 2147 1881 fructum
2199 1814 2523 1880 amicitiae

461 1923 712 1978 nostrae
747 1912 954 1997 ipsam
991 1911 1365 1988 amicitiam,
1412 1932 1541 1995 qua
1575 1910 1735 1974 nihil
1770 1922 1868 1975 est
1903 1910 2189 1986 uberius,
2225 1931 2525 1995 praeser-

461 2007 573 2067 tim
609 2007 677 2067 in
709 2005 788 2069 iis
825 2005 1080 2082 studiis,
1118 2004 1354 2088 quibus
1390 2016 1659 2087 uterque
1692 2016 1983 2070 nostrum
2020 2004 2353 2069 devinctus
2392 2013 2523 2079 est;

457 2123 609 2163 nam
657 2098 774 2163 tibi
817 2122 921 2163 me
963 2100 1268 2184 profiteor
1310 2109 1375 2162 et
1418 2098 1485 2162 in
1530 2119 1601 2164 re
1641 2098 1903 2183 publica
1937 2100 2213 2174 socium,
2258 2096 2342 2164 de
2388 2118 2522 2183 qua

457 2191 629 2255 idem
673 2191 1009 2268 sentimus,
1066 2203 1131 2257 et
1175 2191 1244 2255 in
1289 2190 1609 2256 cotidiana
1652 2191 1785 2257 vita
1827 2192 2265 2267 coniunctum,
2317 2212 2521 2275 quam
2573 2205 2582 2214 ·

457 2287 553 2347 his
585 2285 828 2351 artibus
857 2284 1208 2369 studiisque
1238 2285 1525 2351 colimus.
1579 2286 1812 2351 vellem
1844 2286 1935 2351 ita
1960 2286 2218 2351 fortuna
2244 2281 2522 2361 tulisset,

457 2391 549 2455 ut,
585 2378 807 2463 quanti
841 2400 964 2465 ego
992 2379 1198 2443 omnis
1225 2388 1371 2444 tuos
1397 2378 1586 2455 faci0,
1622 2379 1783 2444 tanti
1817 2390 1889 2443 tu
1914 2401 2091 2444 meos
2126 2378 2341 2443 facere
2367 2400 2521 2464 pos-

457 2495 589 2547 ses3
629 2472 800 2555 quod
833 2484 1050 2537 tamen
1083 2472 1315 2557 ipsum,
1350 2472 1567 2537 nescio
1603 2494 1733 2555 qua
1766 2484 2091 2558 permotus
2118 2471 2316 2538 animi
2353 2471 2519 2536 divi-

457 2567 739 2645 natione,
783 2588 913 2632 non
950 2566 1241 2652 despero.
1329 2566 1445 2631 sed
1481 2566 1603 2631 hoc
1638 2566 1796 2630 nihil
1833 2566 1915 2631 ad
1950 2579 2044 2645 te3
2088 2576 2381 2631 nostrum
2418 2575 2516 2634 est

457 2683 637 2727 unus.
731 2661 891 2725 illud
941 2659 1135 2725 velim
1187 2660 1278 2725 sic
1330 2660 1601 2737 habeas,
1654 2659 1830 2744 quod
1876 2661 2211 2746 intelleges
2259 2659 2392 2725 hac
2442 2680 2515 2725 re

453 2767 688 2819 nova-ta
723 2755 1011 2821 additum
1046 2755 1259 2841 potius
1295 2754 1538 2837 aliquid
1565 2755 1648 2819 ad
1682 2777 1899 2819 meum
1925 2776 2079 2840 erga
2104 2764 2170 2818 te
2204 2753 2514 2829 studium,

457 2873 585 2931 quo
621 2849 778 2914 nihil
813 2849 1152 2913 videbatur
1186 2848 1338 2914 addi
1371 2869 1582 2933 posse,
1620 2869 1813 2932 quam
1842 2849 2187 2933 quicquam
2220 2869 2366 2914 esse
2402 2847 2517 2913 de-

453 2955 753 3007 tractum.
838 2964 987 3008 cum
1039 2942 1201 3007 haec
1252 2940 1645 3019 scribebam,
1700 2963 2027 3008 censorem
2067 2942 2199 3007 iam
2251 2952 2317 3007 te
2372 2965 2516 3010 esse

453 3039 817 3123 sperabam:
855 3057 932 3103 eo
979 3036 1235 3102 brevior
1269 3045 1369 3101 est
1412 3035 1680 3122 epistola
1725 3048 1789 3101 et
1832 3046 1905 3101 ut
1949 3035 2258 3103 adversus
2302 3039 2513 3125 magi-

453 3145 653 3195 strum
686 3151 938 3196 morum
972 3130 1338 3197 modestior.

2664 3076 2666 3140 1
