2675 4559
710 227 1269 298 EPISTOL'ARUM
1302 239 1700 298 X11.23-25.
2109 229 2238 298 305
2295 302 2300 306 .

165 379 419 458 postea,
456 387 651 451 quam
676 363 931 450 suscepi
958 386 1220 430 causam
1248 363 1584 442 libertatis,
1619 365 1955 434 minimum
1979 379 2238 462 tempus

168 461 363 528 amisi
396 460 677 527 tuendae
720 458 944 527 salutis
987 458 1428 542 libertatisque
1465 461 1838 526 eommunis.
1929 454 2043 528 sed
2077 463 2239 530 haec

168 577 434 644 quoque
478 566 543 620 te
585 577 665 619 ex
708 551 851 618 aliis
884 551 1097 617 malo·
1162 552 1244 617 Τ.
1277 551 1635 630 Pinarium,
1671 554 2238 622 familiarissimum
2272 579 2297 618 a

165 673 421 729 meum,
466 658 645 713 tanto
680 646 798 712 tibi
842 646 1055 712 studio
1090 646 1498 756 commende,
1541 658 1618 712 ut
1649 649 1890 715 maiore
1923 672 2055 715 non
2087 673 2239 737 pos·
2319 705 2327 712 .

168 747 322 822 sim3
369 743 479 809 cui
514 763 663 806 cum
708 751 968 850 propter
1001 741 1207 807 omnis
1242 740 1541 819 virtutes,
1576 752 1715 808 tum
1751 743 1944 808 etiam
1978 756 2239 830 propter
2332 743 2342 753 '

169 839 389 904 studia
424 834 791 902 communia
826 858 970 900 sum
1004 834 1472 900 amicissumus.
1533 836 1590 900 is
1623 846 1926 922 procurat
1957 838 2236 904 rationes

167 933 565 1021 negotiaque
597 929 901 1016 Dionysii
934 931 1134 998 nostri
1147 979 1168 1008 ,
1212 951 1408 1014 quem
1443 941 1510 997 et
1542 941 1614 996 tu
1649 931 1923 996 multum
1958 953 2136 996 amas
2171 944 2237 997 et

169 1049 297 1114 ego
332 1025 622 1092 omnium
654 1023 1033 1110 plurimum:
1082 1047 1159 1090 ea
1194 1024 1312 1090 tibi
1349 1047 1470 1110 ego
1505 1046 1636 1090 non
1673 1024 1878 1091 debeo
1914 1047 2238 1090 commen-

168 1123 349 1199 dare,
387 1119 505 1186 sed
540 1119 917 1184 commendo
954 1130 1189 1185 tamen.
1259 1117 1461 1186 facies
1494 1119 1712 1207 igitur,
1747 1129 1820 1184 ut
1853 1142 1936 1184 ex
1970 1119 2235 1196 Pinarii,

168 1214 523 1303 gratissimi
572 1213 881 1292 hominis,
929 1212 1155 1280 litteris
1209 1225 1394 1279 tuum
1437 1225 1501 1280 et
1547 1237 1703 1301 erga
1743 1213 1925 1280 illum
1971 1225 2036 1280 et
2082 1234 2238 1300 erga

167 1311 566 1396 Dionysium
602 1307 884 1373 studium
919 1308 1403 1395 perspiciamus.

1108 1458 1298 1516 XXV.

522 1561 640 1618 Ser.
657 1562 871 1618 Romae
891 1567 1127 1618 exeunte
1145 1577 1336 1618 mense
1355 1561 1542 1632 Aprili
1560 1579 1610 1618 a.
1630 1579 1686 1616 ιι.
1707 1579 1754 1618 c.
1777 1562 1896 1618 711.
1997 1612 2004 1618 .

734 1665 1006 1722 CICERO
1046 1665 1487 1720 CORNIFICIO
1521 1667 1682 1742 SAL.

299 1780 713 1848 Liberalibus
747 1779 989 1848 litteras
1026 1779 1246 1865 accepi
1280 1790 1446 1857 tuas,
1483 1799 1644 1864 quas
1669 1779 1832 1844 mihi
1853 1776 2236 1847 Cornificius
2272 1784 2306 1838 ι’
2343 1771 2348 1778 ’

169 1878 371 1944 altero
408 1875 757 1940 vicensimo
792 1874 918 1952 die,
950 1885 1025 1940 ut
1053 1873 1327 1951 dicebat,
1361 1874 1669 1940 reddidit:
1707 1894 1784 1940 eo
1811 1874 1916 1940 die
1949 1896 2079 1940 non
2113 1875 2238 1940 fuit

170 1983 435 2038 senatus
480 1991 692 2054 neque
727 1979 1003 2055 postero.
1094 1966 1608 2052 Quinquatribus
1644 1961 1966 2053 frequenti
2009 1980 2236 2049 senatu

170 2089 435 2132 causam
470 2076 649 2132 tuam
684 2065 791 2150 egi
822 2086 954 2129 non
988 2063 1191 2129 invita
1206 2063 1536 2129 Minerva:
1573 2063 1807 2130 etenim
1843 2086 1920 2129 eo
1955 2063 2096 2150 ipso
2133 2064 2235 2130 die

170 2171 433 2226 senatus
470 2157 772 2235 decrevit,
808 2168 883 2231 ut
913 2157 1215 2224 Minerva
1248 2168 1496 2235 nostra,
1544 2167 1762 2223 custos
1795 2157 2002 2235 urbis,
2040 2179 2234 2242 quam

167 2255 363 2322 turbo
406 2253 741 2330 deiecerat,
787 2253 1243 2320 restitueretur.
1330 2253 1552 2318 Pansa
1597 2263 1742 2318 tuas
1785 2253 2028 2320 litteras
2075 2254 2237 2320 reci—

168 2349 359 2415 tavitz
430 2369 669 2435 magna
738 2359 1001 2414 senatus
1067 2347 1448 2434 adprobatio
1510 2359 1854 2414 consecuta
1915 2359 2014 2414 est
2083 2367 2232 2414 cum

166 2465 423 2510 summo
455 2467 587 2508 meo
612 2442 853 2528 gaudio
880 2453 943 2509 et
968 2441 1320 2508 offensione
1338 2442 1716 2520 Minotauri,
1751 2442 1818 2507 id
1849 2453 1947 2508 est
1966 2440 2236 2512 Calvisii

164 2550 233 2604 et
266 2535 501 2614 Tauri3
553 2537 797 2604 factum
840 2535 921 2602 de
964 2547 1030 2602 te
1074 2547 1335 2602 senatus
1381 2538 1742 2602 consultum
1791 2535 2232 2602 honorificum.

160 2632 635 2720 postulabatur,
668 2642 743 2696 ut
778 2631 969 2697 etiam
1004 2631 1099 2695 illi
1130 2641 1534 2708 notarentur3
1571 2631 1686 2696 sed
1711 2630 1931 2694 Pansa
1957 2629 2234 2696 clemen-

162 2729 312 2793 tior.
404 2749 546 2812 eg0,
582 2726 673 2792 mi
708 2721 1045 2803 Cornifici,
1090 2746 1221 2810 quo
1257 2725 1362 2790 die
1397 2725 1675 2810 primum
1717 2721 1788 2786 in
1823 2744 2004 2808 spem
2037 2722 2230 2788 liber-
2265 2731 2291 2770 2
2410 2711 2426 2783 f

161 2822 317 2888 tatis
358 2821 689 2906 ingressus
739 2843 882 2885 sum
919 2830 983 2885 et
1026 2818 1478 2886 cunctantibus
1512 2816 1739 2885 ceteris
1776 2840 1834 2882 a.
1872 2817 1936 2881 d.
1970 2839 2102 2880 xm.
2137 2817 2228 2880 Κ.

159 2917 309 2982 Ian.
358 2915 781 2980 fundamenta
824 2913 945 2981 ieci
986 2914 1083 2982 rei
1124 2913 1454 2999 publicae,
1505 2935 1582 2980 eo
1634 2911 1778 2998 ipso
1832 2910 1936 2977 die
1981 2911 2238 2998 providi

162 3009 444 3082 multum
479 3021 674 3094 atque
709 3009 907 3074 habui
942 3010 1255 3076 rationem
1290 3007 1620 3094 dignitatis
1655 3018 1834 3084 tuae3
1869 3005 2028 3094 mihi
2061 3006 2232 3072 enim

162 3117 267 3172 est
304 3105 613 3171 adsensus
658 3113 916 3170 senatus
963 3104 1057 3169 de·
1087 3103 1448 3169 obtinendis
1492 3101 1867 3188 provinciis3
1911 3121 2034 3166 nec
2077 3123 2230 3166 vero
2327 3157 2330 3160 ,

160 3202 396 3301 postea
440 3189 655 3256 destiti
698 3189 1089 3255 labefactare
1134 3212 1312 3266 eum,
1358 3186 1472 3272 qui
1516 3209 1768 3252 summa
1803 3207 1952 3250 cum
1987 3196 2100 3251 tua
2131 3186 2231 3250 in-

160 3284 335 3350 iuria
368 3283 881 3368 contumeliaque
924 3283 1020 3349 rei
1060 3283 1360 3371 publicae
1404 3279 1802 3368 provinciam
1847 3278 2081 3344 absens
2117 3279 2232 3344 ob·-

160 3379 445 3457 tinebat3
498 3378 716 3464 itaque
760 3376 1017 3443 crebras
1064 3377 1169 3444 vel
1220 3377 1438 3463 potius
1491 3373 1842 3441 cotidianas
1888 3373 2232 3458 compella-

158 3475 375 3540 tiones
429 3495 607 3540 meas
658 3495 791 3538 non
841 3473 989 3538 tulit
1038 3493 1237 3556 seque
1288 3471 1357 3537 in
1409 3470 1638 3536 urbem
1679 3467 1920 3554 recepit
1960 3466 2228 3543 invitus3

159 3590 383 3653 neque
420 3567 627 3633 solum
662 3589 805 3652 spe,
850 3566 964 3632 sed
1000 3577 1175 3632 certa
1209 3589 1279 3632 re
1312 3566 1444 3632 iam
1479 3575 1544 3630 et
1578 3561 1980 3650 possessione
2015 3560 2232 3626 detur-

161 3663 359 3728 batus
406 3671 507 3728 est
553 3683 700 3726 meo
753 3660 1100 3726 iustissimo
1155 3659 1732 3743 honestissimoque
1760 3654 2078 3722 convitio.
2167 3665 2232 3720 te
2322 3697 2328 3702 -

159 3768 349 3822 tuam
367 3755 745 3842 dignitatem
772 3777 1025 3822 summa
1050 3766 1165 3822 tua
1180 3755 1416 3820 virtute
1434 3752 1714 3818 tenuisse
1737 3749 2232 3838 provinciaeque
2306 3817 2314 3822 ,

158 3851 522 3918 honoribus
560 3850 967 3937 amplissimis
1004 3849 1331 3916 adfectum
1367 3847 1778 3914 vehementer
1809 3843 2084 3932 gaudeo.

298 3943 499 4028 Quod
542 3955 608 4034 te
641 3945 799 4010 mihi
834 3946 915 4012 de
952 3942 1333 4032 Sempronio
1369 3964 1639 4029 purgas,
1681 3937 1928 4026 accipio
1965 3959 2232 4006 excusa·
2265 3951 2292 3993 ³

158 4042 441 4116 tionem3
486 4037 611 4104 fuit
645 4039 815 4106 enim
849 4039 1009 4106 illud
1045 4038 1369 4125 quoddam
1402 4041 1437 4120 †
1471 4057 1775 4126 graecum
1809 4045 2064 4120 tempus
2101 4055 2233 4100 ser-

272 4141 499 4186 Ciceronis
516 4141 600 4184 vol.
622 4139 693 4185 IX.
1873 4127 1944 4188 20
