2675 4559
737 280 1297 340 ammomum
1329 285 1406 340 x.
1443 285 1598 340 (με.
2063 273 2192 342 227

138 425 336 476 torem
388 407 767 474 meritorum
798 427 1089 472 meorum
1134 431 1276 473 esse
1310 409 1490 473 volui
1522 433 1636 485 -3
1687 409 1801 474 sed
1834 410 2195 478 breviorem

138 529 235 572 me
268 505 441 571 duae
482 523 588 568 res
632 499 906 566 faciunt:
960 521 1119 579 una,
1174 499 1350 586 quod
1392 503 1666 588 publicis
1707 503 1934 571 litteris
1977 507 2194 572 omnia

138 613 273 666 sum
306 608 708 686 persecutae,
735 595 954 674 altera,
988 597 1167 682 quod
1190 597 1289 660 M.
1310 597 1729 676 Varisidium,
1755 601 2036 684 equitem
2060 601 2194 666 Ro-

134 705 413 771 manum,
449 691 833 758 familiarem
866 710 1103 770 meum,
1140 691 1352 778 ipsum
1389 691 1474 757 ad
1507 703 1572 758 te
1598 693 1866 760 transire
1897 694 2077 773 iussi,
2111 718 2196 760 ex

136 810 255 872 quo
298 787 521 852 omnia
571 807 958 872 cognoscere
1008 804 1251 873 posses.
1349 808 1482 852 non
1524 788 1774 855 medius
1823 789 2014 856 fidius
2057 813 2194 858 me-
2227 813 2252 851 ε

137 883 329 948 diocri
365 882 589 948 dolore
624 880 996 959 adficiebar,
1044 899 1193 946 cum
1228 882 1337 947 alii
1371 903 1687 970 occupare
1721 883 2192 970 possessionem

136 977 335 1044 laudis
384 977 783 1052 viderentur,
838 975 953 1042 sed
996 997 1201 1060 usque
1232 975 1393 1042 mihi
1425 979 1806 1063 temperavi,
1859 978 2013 1044 dum
2047 999 2193 1064 per-

138 1073 433 1138 ducerem
468 1091 547 1137 eo
580 1093 748 1147 rem,
792 1080 866 1135 ut
900 1071 1167 1157 dignum
1205 1071 1448 1156 aliquid
1481 1083 1547 1137 et
1579 1073 1916 1139 consulatu
1947 1093 2096 1138 meo
2127 1086 2194 1140 et

136 1181 339 1233 vestra
368 1164 845 1253 exspectatione
874 1164 1231 1244 efficerem3
1266 1167 1444 1251 quod
1469 1187 1675 1253 spero,
1712 1166 1769 1233 si
1794 1189 1899 1234 me
1932 1167 2194 1234 fortuna

134 1285 251 1328 non
282 1261 611 1339 fefellerit,
644 1283 751 1326 me
785 1272 1300 1339 consecuturum,
1335 1272 1409 1326 ut
1433 1262 1718 1328 maximo
1750 1261 2070 1374 praesidio
2097 1262 2192 1328 rei

138 1357 427 1443 publicae
460 1375 581 1422 nos
614 1355 818 1421 fixisse
852 1366 917 1421 et
948 1377 1122 1422 nunc
1151 1356 1428 1422 sentiant
1462 1356 1750 1423 homines
1779 1367 1846 1423 et
1877 1357 1946 1423 in
1979 1367 2191 1444 poste-

135 1474 265 1518 rum
298 1452 617 1519 memoria
648 1459 929 1517 teneant.
1015 1473 1056 1516 a
1088 1461 1153 1519 te
1188 1461 1360 1538 peto,
1395 1463 1468 1517 ut
1502 1451 1801 1537 dignitati
1833 1472 2018 1519 meae
2053 1453 2190 1518 suf-

135 1545 399 1634 frageris
454 1555 547 1624 et,
598 1567 871 1632 quarum
922 1569 1135 1613 rerum
1180 1569 1296 1632 spe
1340 1546 1426 1612 ad
1474 1547 1734 1612 laudem
1775 1569 1880 1614 me
1924 1547 2187 1625 vocasti,

135 1643 353 1708 harum
389 1641 661 1708 fructu
638 1665 709 1708 m
740 1641 1059 1726 reliquum
1091 1642 1292 1708 facias
1328 1643 1721 1708 alacriorem.
1809 1663 1941 1708 non
1975 1645 2188 1709 minus

136 1759 311 1822 posse
344 1747 415 1803 te
448 1758 645 1822 quam
679 1737 843 1803 velle
870 1737 1273 1822 exploratum
1297 1736 1456 1802 mihi
1491 1745 1606 1803 est.
1660 1737 1766 1802 fac
1801 1737 2018 1803 valeas
2051 1759 2189 1803 me-

136 1853 246 1914 que
282 1841 513 1898 mutuo
550 1832 800 1918 diligas.

1068 1991 1219 2048 VIII

522 2093 643 2152 Sor.
660 2093 721 2150 in
738 2093 1019 2165 Hispania
1034 2111 1227 2150 mense
1240 2093 1450 2150 Martio
1467 2110 1520 2148 a.
1537 2111 1594 2150 ιι.
1613 2110 1660 2149 c.
1683 2095 1802 2149 ⁷11.

180 2195 533 2256 PLANCUS
568 2196 729 2252 mP.
764 2194 923 2253 008.
957 2195 1215 2253 DESIG.
1254 2195 1312 2252 S.
1348 2196 1424 2250 D.
1461 2194 1662 2252 OOSS.
1698 2195 1817 2251 PB.
1855 2192 1978 2251 ΤΒ.
2013 2195 2134 2252 PL.

382 2281 729 2342 SENATUI
758 2279 1069 2340 POPULO
1104 2281 1499 2348 PLEBIQUE
1529 2279 1928 2339 ROMANAE.

254 2396 329 2464 Si
364 2397 472 2463 cui
512 2397 681 2462 forte
724 2395 946 2462 videor
990 2397 1233 2462 diutius
1278 2408 1344 2463 et
1387 2395 1720 2462 hominum
1763 2398 2184 2483 exspectatio-
2220 2418 2244 2456 ι

140 2515 276 2557 nem
307 2504 373 2558 et
406 2505 591 2578 spem
614 2491 709 2557 rei
742 2491 1039 2578 publicae
1072 2491 1155 2556 de
1192 2511 1337 2557 mea
1363 2493 1692 2558 voluntate
1724 2491 2008 2559 tenuisse
2044 2510 2184 2557 sus-

138 2605 417 2671 pensam,
472 2585 625 2652 huic
668 2587 847 2671 prius
884 2586 1323 2651 excusandum
1365 2599 1472 2651 me
1506 2607 1646 2652 esse
1681 2585 1956 2650 arbitror
1987 2607 2185 2670 quam

140 2680 209 2746 de
268 2681 629 2765 insequenti
680 2680 895 2746 officio
949 2679 1295 2764 quicquam
1355 2679 1472 2744 ulli
1529 2679 1992 2768 pollicendum3
2053 2685 2186 2744 nori

140 2774 295 2839 enim
352 2775 759 2860 praeteritam
826 2774 1082 2860 culpam
1145 2773 1350 2840 videri
1409 2774 1558 2839 volo
1617 2771 1995 2851 redemisse,
2068 2773 2184 2839 sed

141 2869 400 2952 optimae
462 2868 695 2934 mentis
756 2868 1036 2953 cogitata
1090 2867 1221 2933 iam
1282 2865 1532 2953 pridem
1594 2877 1846 2932 maturo
1896 2878 2182 2954 tempore

142 2964 471 3030 enuntiare.
560 2981 690 3028 non
723 2985 828 3028 me
860 2962 1248 3049 praeteribat
1289 2963 1360 3027 in
1395 2971 1574 3028 tanta
1609 2962 2032 3030 sollicitudine
2067 2964 2184 3030 ho-
2216 2982 2243 3022 2

142 3057 366 3123 minum
401 3070 468 3124 et
502 3067 637 3122 tam
670 3056 1045 3143 perturbato
1080 3068 1252 3122 statu
1288 3057 1565 3122 civitatis
1609 3056 2184 3124 fructuosissimam

146 3169 268 3216 esse
306 3151 769 3237 professionem
801 3150 1009 3217 bonae
1044 3153 1424 3228 voluntatis,
1475 3169 1876 3236 magnosque
1911 3151 2182 3218 honores

148 3265 217 3308 ex
240 3267 312 3310 ea
341 3265 411 3312 re
436 3246 763 3332 conpluris
798 3257 1175 3312 consecutos
1208 3245 1542 3321 videbam3
1577 3243 1713 3320 sed,
1747 3263 1898 3308 cum
1929 3245 2000 3310 in
2033 3267 2182 3310 eum

148 3358 344 3404 casum
375 3361 483 3406 me
516 3340 779 3406 fortuma
812 3340 1199 3418 demisisset,
1242 3351 1317 3405 ut
1350 3350 1466 3404 aut
1497 3337 1788 3403 celeriter
1819 3337 2182 3423 pollicendo

148 3448 360 3519 magna
391 3433 554 3499 mihi
595 3435 737 3520 ipse
771 3435 856 3499 ad
898 3433 1366 3523 proficiendum
1409 3431 1866 3520 impedimenta
1899 3451 2182 3518 oppone-

150 3545 265 3590 rem
288 3537 417 3607 aut,
454 3528 511 3594 si
543 3527 614 3593 in
641 3543 721 3595 eo
746 3529 905 3594 mihi
937 3530 1481 3616 temperavissem,
1515 3527 1788 3592 maiores
1815 3526 2182 3592 occasiones

152 3619 223 3682 ad
251 3623 689 3708 opitulandum
731 3623 1067 3703 haberem,
1112 3624 1473 3711 expeditius
1515 3623 1637 3688 iter
1678 3619 2034 3686 communis
2079 3643 2182 3686 sa·-

153 3711 276 3780 lutis
304 3737 504 3802 quam
536 3732 723 3784 meae
765 3719 973 3785 laudis
1010 3738 1153 3786 esse
1187 3718 1381 3784 volui.
1467 3739 1618 3783 nam
1654 3714 1797 3800 quis
1839 3715 1908 3780 in
1942 3735 2022 3780 ea
2051 3714 2182 3780 for-

153 3813 302 3887 tuna,
332 3827 503 3896 quae
534 3830 684 3878 mea
716 3821 836 3888 est,
870 3823 938 3880 et
972 3813 1057 3879 ab
1090 3831 1170 3879 ea
1203 3813 1356 3890 vita,
1391 3830 1586 3896 quam
1618 3809 1686 3874 in
1721 3827 1826 3875 me
1861 3809 2184 3896 cognitam

155 3858 489 3970 hominibus
543 3905 846 3983 arbitror,
900 3917 965 3972 et
1012 3919 1165 3973 cum
1214 3929 1298 3973 ea
1344 3925 1487 3992 spe,
1541 3919 1737 3992 quam
1778 3903 1846 3968 in
1888 3903 2183 3969 manibus

35 4005 38 4068 ἒ
154 3989 350 4076 habeo,
386 4009 500 4065 aut
527 4000 857 4066 sordidum
878 4002 1230 4086 quicquam
1264 4003 1401 4088 pati
1434 4011 1547 4066 aut
1581 3997 2008 4086 perniciosum
2031 4017 2184 4064 con

35 4077 38 4170 !
153 4091 449 4176 cupiscere
481 4095 733 4180 potest?
767 4095 884 4162 sed
913 4095 1311 4180 aliquantum
1334 4095 1522 4163 nobis
1548 4091 1852 4180 temporis
1877 4101 1943 4160 et
1965 4094 2186 4182 magni
2215 4111 2242 4152 ³
