2675 4559
412 185 502 253 54
1033 196 1110 249 Μ.
1149 194 1425 254 TULLH
1460 191 1873 251 CICERONIS

417 324 497 391 de
532 322 787 389 tributis
823 329 1138 395 recusent,
1176 340 1373 403 quam
1402 316 1514 401 qui
1548 316 1723 401 exigi
1757 314 1975 392 velint,
2014 325 2079 381 et
2110 338 2215 381 me
2246 326 2493 395 tamen,

417 417 589 502 quod
643 426 707 481 te
759 415 926 481 velle
977 412 1333 482 existimem
1346 459 1366 490 ,
1418 434 1559 477 esse
1610 410 1953 480 facturum.
2042 410 2124 477 de
2160 411 2493 497 Appianis

355 538 382 577 4
416 512 744 579 hactenus.
817 532 858 575 a
891 505 1238 584 Pausania,
1273 504 1539 573 Lentuli
1572 504 1821 583 liberto,
1858 526 2127 574 accenso
2162 528 2331 585 meo,
2368 530 2491 573 au-

416 605 567 682 divi,
603 626 754 671 cum
798 602 1066 678 diceret,
1101 612 1165 670 te
1199 621 1421 667 secum
1454 622 1595 668 esse
1628 610 1959 684 questum,
2004 600 2183 684 quod
2212 600 2333 667 tibi
2368 602 2494 667 ob-

415 699 586 765 viam
628 720 759 765 non
802 696 1178 783 prodissem.
1267 693 1509 763 scilicet
1552 694 1909 781 contempsi
1958 706 2051 771 te,
2104 717 2226 763 nec
2270 706 2491 781 potest

414 794 552 860 fieri
585 816 690 860 me
725 791 1072 877 quicquam
1117 787 1485 876 superbius!
1530 810 1681 856 cum
1724 811 1885 875 puer
1928 800 2077 857 tuus
2114 790 2197 858 ad
2238 812 2346 857 me
2381 812 2491 857 se-

417 888 628 955 cunda
663 886 798 953 fere
842 885 1065 972 vigilia
1109 884 1389 954 venisset
1432 882 1615 967 isque
1650 893 1715 952 te
1750 894 1899 951 ante
1933 884 2148 949 lucem
2182 884 2499 951 Iconium·

415 981 572 1047 mihi
617 992 959 1049 venturum
1001 979 1383 1054 nuntiasset,
1438 977 1907 1063 incertumque,
1961 988 2107 1043 utra
2140 979 2279 1056 via,
2332 1000 2487 1044 cum

417 1086 632 1145 essent
683 1077 880 1154 duae,
941 1075 1142 1141 altera
1192 1074 1582 1151 Varronem,
1649 1084 1835 1139 tuum
1890 1072 2489 1150 familiarissimum,

415 1174 616 1239 altera
661 1170 748 1253 Q.
793 1172 1102 1257 Leptam,
1153 1168 1554 1255 praefectum
1598 1168 1855 1238 fabrum
1900 1190 2115 1235 meum
2127 1215 2149 1246 ,
2201 1168 2319 1233 tibi
2364 1169 2488 1233 ob-

415 1268 584 1331 viam
630 1265 795 1330 misi.
885 1264 1186 1328 mandavi
1229 1262 1486 1346 utrique
1522 1284 1775 1339 eorum,
1818 1273 1894 1328 ut
1926 1273 2074 1328 ante
2110 1264 2194 1327 ad
2226 1285 2332 1328 me
2369 1286 2490 1329 ex-

417 1368 762 1435 currerent,
797 1368 871 1423 ut
904 1358 1021 1423 tibi
1057 1357 1314 1423 obviam
1350 1356 1605 1443 prodire
1638 1379 1924 1443 possem:
1948 1351 2223 1423 ‘currens
2260 1357 2489 1444 Lepta

415 1454 591 1519 venit
642 1453 925 1537 mihique
987 1452 1306 1517 nuntiavit
1368 1462 1433 1518 te
1485 1452 1617 1516 iam
1671 1462 1879 1516 castra
1931 1462 2486 1538 praetergressum

417 1572 575 1614 esse.
641 1546 978 1613 confestim
1011 1546 1307 1611 Iconium
1342 1546 1510 1612 veni.
1567 1556 1780 1611 cetera
1812 1545 1941 1610 iam
1976 1544 2093 1609 tibi
2128 1556 2280 1611 nota
2304 1559 2485 1611 sunt.

417 1667 498 1707 an
536 1664 656 1729 ego
692 1642 810 1707 tibi
844 1642 1103 1707 obviam
1137 1664 1269 1707 non
1302 1642 1664 1728 prodirem?
1697 1641 1975 1727 primum
2001 1630 2133 1727 Ap.
2164 1638 2487 1707 Claudio?

417 1737 648 1803 deinde
682 1736 1087 1823 imperatori?
1123 1737 1354 1803 deinde
1390 1738 1567 1803 more
1604 1736 1959 1801 maiorum?
2010 1736 2266 1813 deinde,
2304 1738 2485 1820 quod

416 1844 610 1917 caput
645 1842 772 1909 est,
815 1832 1062 1897 amico?
1113 1835 1222 1918 qui
1261 1832 1331 1895 in
1364 1831 1488 1897 isto
1523 1854 1758 1915 genere
1802 1831 2009 1899 multo
2045 1830 2238 1901 etiam
2273 1831 2491 1897 ambi-

415 1926 638 1991 tiosius
675 1926 890 1991 facere
923 1927 1192 2001 soleam,
1238 1946 1435 2009 quam
1477 1924 1681 1991 honos
1716 1948 1897 1993 meus
1932 1936 1998 1991 et
2038 1924 2317 2011 dignitas
2361 1947 2489 2011 po-

354 2043 380 2083 5
417 2020 630 2085 stulat.
703 2020 818 2084 sed
852 2018 1014 2086 haec
1057 2019 1387 2087 hactenus.
1458 2018 1621 2085 illud
1654 2018 1825 2087 idem
1858 2020 2189 2089 Pausania
2222 2020 2485 2085 dicebat

415 2126 478 2179 te
517 2114 780 2179 dixisse:
819 2113 1042 2198 ‘quidi’
1077 2112 1334 2200 Appius
1372 2114 1672 2192 Lentulo,
1708 2116 2029 2197 Lentulus
2054 2114 2297 2200 Ampio
2330 2137 2489 2200 pro-

417 2208 606 2273 cessit
641 2208 920 2287 obviam,
956 2204 1190 2274 Cicero
1224 2209 1445 2296 Appio
1481 2210 1747 2277 noluit?'
1788 2232 2059 2295 quaes0,
2094 2210 2369 2276 etiamne
2406 2220 2485 2277 tu

414 2303 530 2367 has
557 2303 851 2389 ineptias,
879 2304 1071 2369 homo
1097 2326 1244 2371 mea
1270 2304 1587 2372 sententia
1610 2328 1864 2372 summa
1890 2304 2250 2392 prudentia,
2278 2306 2487 2370 multa

414 2398 607 2463 etiam
658 2398 977 2476 doctrina,
1029 2400 1304 2485 plurimo
1349 2422 1564 2467 rerum
1608 2423 1763 2477 usu,
1816 2400 1985 2467 addo
2030 2398 2485 2477 urbanitatem,

413 2515 578 2578 quae
631 2505 731 2560 est
782 2495 1015 2573 virtus,
1070 2506 1141 2559 ut
1195 2493 1403 2561 Stoici
1452 2496 1802 2561 rectissime
1854 2506 2113 2581 putant,
2144 2530 2235 2541 ——
2278 2495 2481 2562 ullam

411 2589 828 2675 Appietatem
862 2602 975 2656 aut
1008 2574 1473 2658 &ntulitatem
1510 2591 1723 2657 valere
1749 2590 1922 2675 apud
1956 2613 2061 2655 me
2096 2590 2243 2675 plus
2280 2588 2481 2673 qu‘am

407 2694 786 2749 ornamenta
837 2684 1088 2751 virtutis
1142 2684 1509 2750 existimas?
1560 2706 1709 2750 cum
1763 2707 1841 2749 ea
1885 2694 2265 2751 consecutus
2316 2704 2485 2751 non-

412 2780 569 2845 dum
601 2802 805 2856 eram,
859 2801 1026 2862 quae
1061 2788 1212 2844 sunt
1245 2779 1577 2844 hominum
1612 2778 2017 2865 opinionibus
2062 2778 2481 2865 amplissima,

411 2884 626 2939 tamen
657 2874 782 2937 ista
809 2884 1024 2939 vestra
1047 2874 1308 2941 nomina
1331 2895 1687 2959 numquam
1712 2897 1859 2939 sum
1888 2874 2235 2941 admiratus
2247 2897 2267 2951 3
2304 2874 2480 2939 viros

411 2989 541 3043 eos,
577 2967 690 3051 qui
726 2988 804 3031 ea
838 2966 1022 3032 vobis
1057 2966 1482 3052 reliquissent,
1518 2990 1787 3055 magnos
1824 2966 2208 3037 arbitrabar:
2247 2978 2475 3053 postea

411 3083 562 3126 vero
599 3083 794 3145 quam
829 3062 920 3126 ita
955 3072 1019 3125 et
1065 3062 1206 3147 cepi
1241 3072 1308 3127 et
1348 3062 1522 3149 gessi
1556 3062 1838 3128 maxima
1871 3061 2167 3149 imperia,
2202 3073 2277 3127 ut
2313 3061 2473 3129 mihi

409 3155 567 3220 nihil
610 3178 820 3241 neque
863 3156 948 3221 ad
983 3156 1287 3222 honorem
1323 3178 1535 3241 neque
1571 3157 1656 3222 ad
1688 3156 1960 3243 gloriam
2004 3154 2474 3239 adquirendum

408 3261 719 3335 putarem,
757 3252 1148 3343 superiorem
1174 3251 1437 3336 quidem
1472 3272 1845 3334 numquam,
1882 3251 1995 3317 sed
2029 3272 2253 3335 parem
2286 3250 2471 3315 vobis

409 3368 512 3411 me
545 3347 801 3431 speravi
835 3368 976 3412 esse
1011 3346 1274 3411 factum.
1329 3368 1451 3412 nec
1484 3345 1847 3412 mehercule
1876 3344 2225 3411 aliter'vidi
2260 3343 2474 3412 existi-

409 3462 584 3503 mare
629 3440 733 3505 vel
779 3438 902 3504 On.
937 3439 1357 3525 Pompeium,
1404 3457 1597 3523 quem
1632 3438 1929 3505 omnibus
1940 3486 1960 3517 ,
2016 3438 2128 3523 qui
2160 3460 2472 3522 umquam

407 3531 694 3610 fuerunt,
739 3534 844 3597 vel
877 3532 958 3597 P.
996 3532 1349 3598 Lentulum
1363 3580 1383 3610 ,
1428 3556 1619 3617 quem
1654 3533 1812 3598 mihi
1845 3534 1970 3620 ipsi
2004 3543 2356 3619 antepono:
2403 3543 2473 3598 tu

406 3622 461 3688 si
497 3625 679 3691 aliter
713 3626 1068 3703 existimas,
1111 3626 1272 3693 nihil
1307 3626 1580 3703 errabis,
1626 3626 1679 3691 si
1713 3627 1905 3712 paulo
1944 3626 2343 3713 diligentius,
2378 3636 2474 3705 ut,

407 3720 566 3812 quid
600 3721 683 3787 sit
718 3716 1038 3807 εὐγένεια,
1087 3720 1246 3805 quid
1291 3723 1374 3785 sit
1408 3719 1740 3798 nobilitas,
1773 3721 2139 3807 intellegas,
2174 3720 2473 3787 Atheno-

405 3817 621 3896 dorus,
657 3812 980 3883 Sandonis
1005 3815 1196 3895 filius,
1233 3816 1392 3901 quid
1421 3816 1501 3883 de
1527 3815 1629 3883 his
1653 3816 1846 3883 rebus
1876 3817 2065 3895 dicat,
2102 3817 2473 3884 attenderis.

345 3934 372 3974 s
408 3912 552 3988 sed,
586 3923 657 3977 ut
693 3912 778 3977 ad
811 3934 950 3979 rem
983 3911 1272 3990 redeam,
1315 3934 1421 3977 me
1458 3912 1578 3977 tibi
1610 3934 1741 3977 non
1777 3912 2055 3978 amicum
2088 3911 2315 3992 modo,
2358 3934 2479 3979 ve—

405 4028 550 4071 rum
583 4007 777 4073 etiam
815 4006 1271 4073 amicissimum
1309 4006 1633 4072 existimes
1670 4005 1897 4073 velim:
1938 4007 2229 4095 profecto
2262 4010 2473 4073 omni-
