2675 4559
752 286 1311 346 EPISTOLARUM
1340 289 1447 344 lx.
1485 289 1573 344 16.
1927 275 1934 282 ’
2063 277 2196 345 209

169 413 434 504 putarim.
508 432 658 502 ergo
692 411 761 476 in
796 411 1009 477 officio
1042 411 1199 476 boni
1234 411 1392 478 civis
1428 422 1600 479 certe
1633 433 1765 478 non
1801 435 1945 478 sum
1978 436 2198 501 repre-

168 508 532 576 hendendus.
586 506 904 590 reliquum
936 515 1053 584 est,
1088 528 1172 572 ne
1208 506 1365 590 quid
1401 507 1613 584 stulte,
1647 529 1730 572 ne
1766 506 1924 591 quid
1959 519 2198 574 temere

170 605 351 670 dicam
394 612 507 668 aut
549 599 783 666 faciam
828 610 1051 666 contra
1095 600 1372 686 potentis
1383 624 1404 679 3
1455 599 1526 664 id
1561 622 1820 686 quoque
1863 612 2021 687 puto
2057 625 2198 668 esse

168 695 457 781 sapientis.
546 704 760 760 cetera
811 714 993 772 vero,
1047 692 1205 777 quid
1262 693 1538 779 quisque
1591 717 1696 761 me
1739 693 1975 761 dixisse
2029 694 2200 761 dicat

170 801 260 856 aut
290 809 409 873 quo
442 788 637 853 modo
672 788 779 854 ille
814 787 1088 873 accipiat
1122 798 1235 854 aut
1269 809 1403 872 qua
1433 788 1564 854 fide
1597 809 1852 854 mecum
1877 790 2100 856 vivant
2131 789 2200 867 ii,

170 884 260 967 qui
286 905 385 948 me
426 880 699 947 adsidue
744 881 961 946 colunt
1006 893 1072 947 et
1105 881 1480 960 observant,
1525 893 1850 970 praestare
1881 904 2016 949 non
2047 905 2200 970 pos-

59 1017 62 1026 ·
173 999 305 1043 sum.
385 976 476 1042 ita
508 975 587 1042 fit
618 986 693 1040 ut
726 986 791 1040 et
836 974 1245 1042 ‹mnsiliorum
1278 977 1683 1064 superiorum
1719 978 2104 1044 conscientia
2137 989 2202 1044 et
2237 999 2264 1040 e

171 1071 485 1158 praesentis
531 1070 839 1158 temporis
892 1070 1329 1138 moderatione
1383 1094 1490 1138 me
1544 1073 1864 1149 consoler,
1917 1083 1983 1138 et
2026 1071 2204 1138 illam
2321 1105 2329 1114 ·

59 1155 62 1192 ⁷
172 1167 327 1232 Accii
357 1165 839 1232 similitudinem
874 1182 1019 1230 non·
1034 1163 1293 1252 [modo]
1327 1166 1460 1232 iam
1488 1166 1571 1232 ad
1605 1165 1933 1243 invidiam,
1970 1166 2085 1230 sed
2118 1164 2204 1231 ad

59 1299 61 1302 >
173 1261 456 1326 fortunam
490 1260 899 1338 transferam,
935 1281 1131 1344 quam
1168 1260 1465 1326 existimo
1497 1261 1710 1327 levem
1743 1271 1811 1325 et
1842 1259 2208 1325 inbecillam

176 1355 239 1419 ab
268 1354 467 1420 animo
502 1355 693 1420 firmo
728 1364 795 1420 et
838 1354 1023 1441 gravi
1057 1364 1391 1439 tamquam
1425 1355 1694 1421 fluctum
1729 1377 1770 1419 a
1803 1374 1959 1420 saxo
1994 1351 2209 1439 frangi

175 1461 448 1534 oportere.
502 1449 749 1516 etenim
776 1471 924 1514 cum
959 1447 1153 1535 plena
1184 1449 1314 1514 sint
1349 1459 1765 1515 monumenta
1783 1446 2205 1524 Graecorum,

176 1562 335 1625 quem
382 1542 465 1608 ad
524 1542 797 1608 modum
861 1542 1313 1628 sapientissimi
1366 1543 1488 1606 viri
1538 1564 1742 1628 regna
1790 1542 2053 1608 tulerint
2103 1541 2210 1606 vel

60 1707 64 1710 a
177 1635 415 1702 Athenis
449 1637 554 1703 vel
596 1634 968 1722 syracusia,
1017 1657 1167 1701 cum
1210 1635 1636 1702 servientibus
1672 1636 1806 1702 suis
1841 1634 2210 1702 civitatibus

176 1728 375 1796 fuerint
402 1729 529 1818 ipsi
558 1731 848 1815 quodam
872 1730 1065 1797 modo
1090 1729 1299 1808 liberi,
1336 1751 1460 1816 ego
1487 1751 1592 1796 me
1619 1729 1750 1794 no'n
1784 1740 2007 1815 putem
2041 1730 2212 1795 tueri

66 1905 68 1910 .
178 1847 357 1890 meum
384 1835 633 1892 statum
666 1826 759 1891 sie
792 1845 981 1912 posse
994 1873 1013 1904 ,
1058 1835 1134 1890 ut
1164 1846 1380 1910 neque
1414 1824 1740 1890 offendam
1775 1824 2064 1889 animum
2099 1843 2212 1888 cu-

178 1918 434 2004 iusquam
465 1941 595 1987 nee
631 1919 929 2006 frangam
976 1919 1357 2007 dignitatem
1391 1919 1642 1984 meam?
1693 1939 1866 1984 nune
1900 1917 2091 1983 venio
2129 1916 2212 1982 ad
2247 1938 2272 1978 -ι

66 2039 68 2053 2
180 2012 481 2082 iocationes
516 2026 693 2091 mas,
728 2015 1036 2099 quoniam
1069 2025 1143 2080 tu
1177 2013 1534 2082 seeundum
1565 2011 1978 2078 Oenomaum
2003 2011 2211 2088 Accii,

181 2127 301 2183 non,
329 2120 401 2174 ut
423 2110 579 2174 olim
615 2109 883 2186 solebat,
911 2109 1305 2186 Atellanam,
1345 2108 1480 2185 sed,
1515 2118 1589 2173 ut
1619 2127 1794 2172 nunc
1817 2107 1911 2184 fit,
1945 2106 2214 2172 mimum

182 2201 565 2270 introduxisti.
660 2223 857 2287 quem
889 2214 965 2269 tu
997 2203 1157 2268 mihi
1188 2207 1225 2286 †
1258 2203 1618 2288 popillium,
1654 2223 1848 2286 quem
1883 2200 2216 2266 denarium

185 2298 403 2362 narras?
459 2318 665 2382 quam
718 2297 1090 2383 tyrotarichi
1152 2297 1483 2383 patinam?
1537 2296 1844 2362 facilitate
1895 2317 2044 2362 mea
2090 2294 2216 2359 ista

186 2389 511 2458 ferebantur
556 2403 783 2470 antea3
837 2413 1011 2458 nuno
1056 2403 1307 2458 mutata
1338 2413 1444 2457 res
1480 2401 1604 2457 est:
1670 2390 1954 2455 Hirtium
1993 2410 2116 2476 ego
2152 2399 2217 2453 et

188 2481 552 2552 Dolabellam
590 2486 849 2552 dicendi
884 2486 1229 2572 discipulos
1264 2485 1496 2561 habeo,
1533 2485 1806 2550 cenandi
1838 2483 2214 2570 magistros3

188 2589 314 2661 puto
346 2581 510 2646 enim
545 2593 617 2647 te
652 2580 929 2658 audisse,
964 2581 1021 2644 si
1054 2579 1221 2646 forte
1258 2580 1343 2645 ad
1378 2602 1496 2646 vos
1535 2579 1750 2672 omnia
1785 2577 2216 2663 perferuntur,

189 2671 303 2739 illos
332 2681 495 2762 apud
524 2697 626 2740 me
662 2677 1080 2751 declamitare,
1116 2697 1212 2740 me
1246 2678 1421 2760 apud
1451 2676 1592 2740 illos
1629 2672 1926 2738 cenitare.
1997 2681 2069 2735 tu
2103 2693 2219 2736 au-

191 2777 319 2846 tem,
366 2771 535 2856 qnod
590 2770 753 2834 mihi
805 2770 1045 2835 bonam
1095 2769 1348 2855 copiam
1402 2769 1640 2844 eiures,
1691 2765 1851 2831 nihil
1903 2775 2028 2843 est3
2081 2773 2220 2828 tum

194 2863 355 2942 enim,
398 2887 547 2930 cum
579 2887 720 2930 rem
755 2863 1074 2940 habebas,
1119 2862 1556 2948 quaesticulus
1600 2871 1663 2926 te
1697 2858 1980 2925 faciebat
2013 2867 2220 2926 atten-

195 2955 409 3026 tiorem:
460 2982 667 3037 nunc,
723 2981 871 3025 cum
907 2970 1041 3024 tam
1077 2978 1285 3042 aequo
1321 2958 1537 3022 animo
1571 2956 1745 3022 bona
1777 2955 2039 3043 perdas,
2091 2974 2221 3018 non

198 3071 257 3114 eo
284 3052 359 3118 sis
392 3053 688 3131 consilio,
720 3063 823 3130 ut,
860 3074 1011 3118 cum
1042 3074 1149 3118 me
1182 3051 1460 3136 hospitio
1493 3050 1798 3137 recipias,
1836 3047 2222 3115 aestimatio-

198 3166 319 3210 nem
360 3159 421 3214 te
468 3148 755 3234 aliquam
808 3158 995 3234 putes
1048 3146 1367 3234 accipere3
1426 3145 1618 3211 etiam
1670 3145 1830 3209 haec
1873 3143 2075 3208 levior
2125 3152 2224 3208 est

200 3237 359 3326 plaga
396 3243 479 3309 ab
524 3242 735 3308 amico
771 3262 969 3326 quam
1004 3264 1045 3306 a
1080 3241 1390 3306 debitore.
1477 3258 1599 3302 nec
1634 3248 1851 3302 tamen
1886 3257 1995 3300 eas
2031 3255 2222 3300 cenas
2257 3255 2286 3296 s

204 3351 421 3413 quaero,
454 3348 529 3402 ut
560 3359 839 3424 magnae
862 3334 1174 3420 reliquiae
1206 3335 1396 3410 fiant3
1435 3331 1610 3416 quod
1636 3329 1774 3406 erit,
1809 3327 2226 3414 magnificum

204 3424 269 3488 sit
296 3440 353 3492 et
381 3430 645 3496 lautum.
714 3429 977 3494 memini
1021 3439 1087 3494 te
1118 3427 1279 3492 mihi
1312 3425 1643 3491 Phameae
1678 3445 1902 3490 cenam
1935 3443 2224 3487 narrare:

204 3524 511 3607 temperius
544 3524 690 3603 fiat,
732 3535 947 3604 cetera
994 3522 1219 3589 eodem
1252 3520 1468 3586 modo.
1555 3518 1730 3604 quod
1766 3517 1822 3583 si
1851 3515 2228 3603 perseveras

208 3633 291 3678 me
326 3618 403 3682 ad
440 3619 661 3684 matris
708 3630 861 3684 tuae
906 3640 1132 3684 cenam
1173 3637 1477 3682 revocare
1490 3663 1508 3693 ,
1564 3613 1767 3680 feram
1818 3612 1889 3677 id
1941 3630 2196 3695 quoque
2207 3635 2228 3687 3

211 3708 329 3773 volo
368 3713 535 3777 enim
576 3713 795 3780 videre
840 3712 1155 3790 animum,
1208 3709 1359 3795 quif
1373 3708 1533 3774 mihi
1577 3707 1810 3773 audeat
1855 3705 2006 3780 ista,
2063 3724 2230 3786 quae

215 3801 430 3884 scribis,
472 3807 793 3894 adponere
826 3817 941 3872 aut
985 3806 1179 3872 etiam
1221 3805 1535 3891 polypum
1568 3800 1814 3867 miniati
1845 3798 2021 3865 Iovis
2057 3796 2234 3862 simi-

215 3891 335 3961 lem·
414 3901 567 3968 mihi
617 3901 835 3979 crede,
886 3923 1018 3966 non
1070 3898 1368 3966 audebis:
1424 3908 1574 3962 ante
1622 3917 1840 3961 meum
1885 3891 2232 3958 adventum

220 3986 363 4056 fama
392 3995 473 4059 ad
504 4007 566 4062 te
594 3997 672 4062 de
711 4019 858 4062 mea
892 4015 1063 4061 nova
1094 3993 1346 4060 lautitia
1381 3990 1595 4058 veniet
1603 4014 1624 4068 3
1659 4011 1803 4054 eam
1838 3986 2258 4053 extimesees.·

222 4099 399 4168 neque
430 4100 521 4156 est
564 4090 737 4176 quod
776 4090 846 4156 in
880 4086 1271 4178 promulside
1307 4086 1444 4173 spei
1478 4105 1682 4172 ponas
1717 4081 1991 4166 aliquid,
2037 4101 2234 4167 quam

310 4183 506 4233 &aaronis
532 4193 609 4236 vol.
632 4189 707 4238 11.
1203 4180 1212 4189 ’
1809 4183 1878 4238 ’14
