<?xml version="1.0" encoding="UTF-8"?>
<!DOCTYPE html PUBLIC "-//W3C//DTD XHTML 1.0 Transitional//EN"
    "http://www.w3.org/TR/xhtml1/DTD/xhtml1-transitional.dtd">
<html xmlns="http://www.w3.org/1999/xhtml" xml:lang="en" lang="en">
 <head>
  <title>
</title>
<meta http-equiv="Content-Type" content="text/html;charset=utf-8" />
  <meta name='ocr-system' content='tesseract 3.04.00' />
  <meta name='ocr-capabilities' content='ocr_page ocr_carea ocr_par ocr_line ocrx_word'/>
</head>
<body>
  <div class='ocr_page' id='page_1' title='image "./mtulliiciceroni12unkngoog/mtulliiciceroni12unkngoog_0572.png"; bbox 0 0 2675 4559; ppageno 0'>
   <div class='ocr_carea' id='block_1_1' title="bbox 2201 7 2520 88">
    <p class='ocr_par' dir='ltr' id='par_1_1' title="bbox 2201 7 2520 88">
     <span class='ocr_line' id='line_1_1' title="bbox 2201 7 2520 88; baseline 0 0"><span class='ocrx_word' id='word_1_1' title='bbox 2201 7 2520 88; x_wconf 50' lang='lat' dir='ltr'><strong>“v</strong></span> 
     </span>
    </p>
   </div>
   <div class='ocr_carea' id='block_1_2' title="bbox 491 204 1925 312">
    <p class='ocr_par' dir='ltr' id='par_1_2' title="bbox 491 204 1925 312">
     <span class='ocr_line' id='line_1_2' title="bbox 491 204 1925 312; baseline 0 -25"><span class='ocrx_word' id='word_1_2' title='bbox 491 218 622 287; x_wconf 83' lang='lat'><strong>488</strong></span> <span class='ocrx_word' id='word_1_3' title='bbox 663 226 676 299; x_wconf 70' lang='grc' dir='ltr'>ἶ</span> <span class='ocrx_word' id='word_1_4' title='bbox 711 204 722 215; x_wconf 81' lang='lat'>&#39;</span> <span class='ocrx_word' id='word_1_5' title='bbox 1119 232 1186 312; x_wconf 81' lang='lat' dir='ltr'><strong>Q·</strong></span> <span class='ocrx_word' id='word_1_6' title='bbox 1223 232 1495 293; x_wconf 77' lang='lat' dir='ltr'><strong>TULLn</strong></span> <span class='ocrx_word' id='word_1_7' title='bbox 1530 229 1925 291; x_wconf 70' lang='lat' dir='ltr'><strong>clcmoms</strong></span> 
     </span>
    </p>
   </div>
   <div class='ocr_carea' id='block_1_3' title="bbox 487 318 2547 625">
    <p class='ocr_par' dir='ltr' id='par_1_3' title="bbox 487 318 2547 625">
     <span class='ocr_line' id='line_1_3' title="bbox 489 318 2547 441; baseline -0.001 -22"><span class='ocrx_word' id='word_1_8' title='bbox 489 354 647 421; x_wconf 86' lang='lat' dir='ltr'><strong>illud</strong></span> <span class='ocrx_word' id='word_1_9' title='bbox 701 318 1022 422; x_wconf 79' lang='lat' dir='ltr'><strong>difficilius</strong></span> <span class='ocrx_word' id='word_1_10' title='bbox 1063 326 1144 421; x_wconf 72' lang='lat' dir='ltr'><strong>et</strong></span> <span class='ocrx_word' id='word_1_11' title='bbox 1175 356 1383 441; x_wconf 78' lang='lat' dir='ltr'><strong>magis</strong></span> <span class='ocrx_word' id='word_1_12' title='bbox 1424 356 1511 421; x_wconf 88' lang='lat' dir='ltr'><strong>ad</strong></span> <span class='ocrx_word' id='word_1_13' title='bbox 1562 366 1812 440; x_wconf 85' lang='lat' dir='ltr'><strong>tempus</strong></span> <span class='ocrx_word' id='word_1_14' title='bbox 1864 356 2059 437; x_wconf 72' lang='lat' dir='ltr'><strong>quam</strong></span> <span class='ocrx_word' id='word_1_15' title='bbox 2102 350 2187 437; x_wconf 64' lang='lat' dir='ltr'><strong>ad</strong></span> <span class='ocrx_word' id='word_1_16' title='bbox 2238 363 2547 439; x_wconf 70' lang='lat' dir='ltr'><strong>naturam</strong></span> 
     </span>
     <span class='ocr_line' id='line_1_4' title="bbox 488 438 2544 524; baseline -0.001 -20"><span class='ocrx_word' id='word_1_17' title='bbox 488 439 1037 505; x_wconf 84' lang='lat' dir='ltr'><strong>accommodatum</strong></span> <span class='ocrx_word' id='word_1_18' title='bbox 1072 452 1268 516; x_wconf 85' lang='lat' dir='ltr'><strong>tuam,</strong></span> <span class='ocrx_word' id='word_1_19' title='bbox 1303 441 1480 523; x_wconf 88' lang='lat' dir='ltr'><strong>quod</strong></span> <span class='ocrx_word' id='word_1_20' title='bbox 1512 440 1725 507; x_wconf 85' lang='lat' dir='ltr'><strong>facere</strong></span> <span class='ocrx_word' id='word_1_21' title='bbox 1752 460 1883 505; x_wconf 85' lang='lat' dir='ltr'><strong>non</strong></span> <span class='ocrx_word' id='word_1_22' title='bbox 1915 438 2145 524; x_wconf 48' lang='lat' dir='ltr'><strong>possis?</strong></span> <span class='ocrx_word' id='word_1_23' title='bbox 2174 448 2251 503; x_wconf 85' lang='lat' dir='ltr'><strong>ut</strong></span> <span class='ocrx_word' id='word_1_24' title='bbox 2284 438 2357 501; x_wconf 89' lang='lat' dir='ltr'><strong>id</strong></span> <span class='ocrx_word' id='word_1_25' title='bbox 2392 438 2429 474; x_wconf 73' lang='lat'><strong>⁴⁸*</strong></span> <span class='ocrx_word' id='word_1_26' title='bbox 2449 438 2482 471; x_wconf 72' lang='lat'><strong>³*</strong></span> <span class='ocrx_word' id='word_1_27' title='bbox 2506 441 2544 473; x_wconf 71' lang='lat'><strong>³*</strong></span> 
     </span>
     <span class='ocr_line' id='line_1_5' title="bbox 487 522 2547 625; baseline -0.001 -36"><span class='ocrx_word' id='word_1_28' title='bbox 487 535 601 589; x_wconf 87' lang='lat' dir='ltr'><strong>aut</strong></span> <span class='ocrx_word' id='word_1_29' title='bbox 633 526 908 591; x_wconf 79' lang='lat' dir='ltr'><strong>iucunde</strong></span> <span class='ocrx_word' id='word_1_30' title='bbox 951 547 1178 625; x_wconf 79' lang='lat' dir='ltr'><strong>neges:</strong></span> <span class='ocrx_word' id='word_1_31' title='bbox 1231 545 1505 611; x_wconf 86' lang='lat' dir='ltr'><strong>quorum</strong></span> <span class='ocrx_word' id='word_1_32' title='bbox 1536 526 1809 593; x_wconf 78' lang='lat' dir='ltr'><strong>alterum</strong></span> <span class='ocrx_word' id='word_1_33' title='bbox 1843 536 1939 589; x_wconf 88' lang='lat' dir='ltr'><strong>est</strong></span> <span class='ocrx_word' id='word_1_34' title='bbox 1983 523 2132 588; x_wconf 85' lang='lat' dir='ltr'><strong>boni</strong></span> <span class='ocrx_word' id='word_1_35' title='bbox 2176 522 2299 589; x_wconf 78' lang='lat' dir='ltr'><strong>viri</strong></span> <span class='ocrx_word' id='word_1_36' title='bbox 2300 569 2328 605; x_wconf 83' lang='lat'><strong>,</strong></span> <span class='ocrx_word' id='word_1_37' title='bbox 2384 523 2547 587; x_wconf 82' lang='lat' dir='ltr'><strong>alte-</strong></span> 
     </span>
    </p>
   </div>
   <div class='ocr_carea' id='block_1_4' title="bbox 400 606 2545 709">
    <p class='ocr_par' dir='ltr' id='par_1_4' title="bbox 400 606 2545 709">
     <span class='ocr_line' id='line_1_6' title="bbox 400 606 2545 709; baseline 0 -36"><span class='ocrx_word' id='word_1_38' title='bbox 400 623 428 649; x_wconf 85' lang='grc'><strong>··</strong></span> <span class='ocrx_word' id='word_1_39' title='bbox 486 632 628 673; x_wconf 89' lang='lat' dir='ltr'><strong>rum</strong></span> <span class='ocrx_word' id='word_1_40' title='bbox 665 610 816 691; x_wconf 80' lang='lat' dir='ltr'><strong>boni</strong></span> <span class='ocrx_word' id='word_1_41' title='bbox 897 612 1171 688; x_wconf 84' lang='lat' dir='ltr'><strong>etit0r1s3</strong></span> <span class='ocrx_word' id='word_1_42' title='bbox 1223 633 1407 687; x_wconf 86' lang='lat' dir='ltr'><strong>nam,</strong></span> <span class='ocrx_word' id='word_1_43' title='bbox 1460 632 1607 677; x_wconf 90' lang='lat' dir='ltr'><strong>cum</strong></span> <span class='ocrx_word' id='word_1_44' title='bbox 1639 610 1707 674; x_wconf 90' lang='lat' dir='ltr'><strong>id</strong></span> <span class='ocrx_word' id='word_1_45' title='bbox 1736 610 2004 709; x_wconf 79' lang='lat' dir='ltr'><strong>petitur,</strong></span> <span class='ocrx_word' id='word_1_46' title='bbox 2058 606 2233 692; x_wconf 89' lang='lat' dir='ltr'><strong>quod</strong></span> <span class='ocrx_word' id='word_1_47' title='bbox 2268 606 2545 697; x_wconf 73' lang='lat' dir='ltr'><strong>honeste</strong></span> 
     </span>
    </p>
   </div>
   <div class='ocr_carea' id='block_1_5' title="bbox 475 776 1211 866">
    <p class='ocr_par' dir='ltr' id='par_1_5' title="bbox 475 776 1211 866">
     <span class='ocr_line' id='line_1_7' title="bbox 475 776 1211 866; baseline 0.004 -24"><span class='ocrx_word' id='word_1_48' title='bbox 475 800 613 863; x_wconf 24' lang='lat' dir='ltr'><strong>‘quo</strong></span> <span class='ocrx_word' id='word_1_49' title='bbox 649 779 841 844; x_wconf 89' lang='lat' dir='ltr'><strong>modo</strong></span> <span class='ocrx_word' id='word_1_50' title='bbox 887 776 941 844; x_wconf 82' lang='lat' dir='ltr'><strong>si</strong></span> <span class='ocrx_word' id='word_1_51' title='bbox 986 782 1097 866; x_wconf 89' lang='lat' dir='ltr'><strong>qui</strong></span> <span class='ocrx_word' id='word_1_52' title='bbox 1140 802 1211 845; x_wconf 92' lang='lat' dir='ltr'><strong>ro</strong></span> 
     </span>
    </p>
   </div>
   <div class='ocr_carea' id='block_1_6' title="bbox 486 692 2545 861">
    <p class='ocr_par' dir='ltr' id='par_1_6' title="bbox 486 692 2545 861">
     <span class='ocr_line' id='line_1_8' title="bbox 486 692 2541 781; baseline -0 -24"><span class='ocrx_word' id='word_1_53' title='bbox 486 704 598 758; x_wconf 88' lang='lat' dir='ltr'><strong>aut</strong></span> <span class='ocrx_word' id='word_1_54' title='bbox 661 692 796 759; x_wconf 86' lang='lat' dir='ltr'><strong>sine</strong></span> <span class='ocrx_word' id='word_1_55' title='bbox 893 696 1227 763; x_wconf 80' lang='lat' dir='ltr'><strong>etrimento</strong></span> <span class='ocrx_word' id='word_1_56' title='bbox 1279 706 1495 761; x_wconf 75' lang='lat' dir='ltr'><strong>nost-&#39;ro</strong></span> <span class='ocrx_word' id='word_1_57' title='bbox 1556 704 1920 781; x_wconf 87' lang='lat' dir='ltr'><strong>prom1ttere</strong></span> <span class='ocrx_word' id='word_1_58' title='bbox 1969 715 2111 759; x_wconf 81' lang='lat' dir='ltr'><strong>non</strong></span> <span class='ocrx_word' id='word_1_59' title='bbox 2166 714 2541 779; x_wconf 74' lang='lat' dir='ltr'>possumne,</span> 
     </span>
     <span class='ocr_line' id='line_1_9' title="bbox 1261 776 2545 861; baseline -0.005 -14"><span class='ocrx_word' id='word_1_60' title='bbox 1261 792 1324 847; x_wconf 88' lang='lat' dir='ltr'><strong>et</strong></span> <span class='ocrx_word' id='word_1_61' title='bbox 1366 791 1440 845; x_wconf 90' lang='lat' dir='ltr'><strong>ut</strong></span> <span class='ocrx_word' id='word_1_62' title='bbox 1484 790 1701 846; x_wconf 85' lang='lat' dir='ltr'><strong>contra</strong></span> <span class='ocrx_word' id='word_1_63' title='bbox 1744 779 2023 859; x_wconf 80' lang='lat' dir='ltr'><strong>amicum</strong></span> <span class='ocrx_word' id='word_1_64' title='bbox 2070 776 2351 861; x_wconf 79' lang='lat' dir='ltr'><strong>aliquem</strong></span> <span class='ocrx_word' id='word_1_65' title='bbox 2389 798 2545 843; x_wconf 81' lang='lat' dir='ltr'><strong>cau-</strong></span> 
     </span>
    </p>
   </div>
   <div class='ocr_carea' id='block_1_7' title="bbox 483 803 2548 1035">
    <p class='ocr_par' dir='ltr' id='par_1_7' title="bbox 483 803 2548 1035">
     <span class='ocr_line' id='line_1_10' title="bbox 483 803 2548 951; baseline 0 -24"><span class='ocrx_word' id='word_1_66' title='bbox 483 883 625 927; x_wconf 79' lang='lat' dir='ltr'><strong>sam</strong></span> <span class='ocrx_word' id='word_1_67' title='bbox 675 860 1085 950; x_wconf 75' lang='lat' dir='ltr'><strong>recipiamu8‚</strong></span> <span class='ocrx_word' id='word_1_68' title='bbox 1116 803 1304 935; x_wconf 53' lang='lat' dir='ltr'><strong>,beffie</strong></span> <span class='ocrx_word' id='word_1_69' title='bbox 1358 865 1726 951; x_wconf 79' lang='lat' dir='ltr'><strong>negandum</strong></span> <span class='ocrx_word' id='word_1_70' title='bbox 1776 875 1902 942; x_wconf 88' lang='lat' dir='ltr'><strong>est,</strong></span> <span class='ocrx_word' id='word_1_71' title='bbox 1954 869 2027 929; x_wconf 86' lang='lat' dir='ltr'><strong>&#39;ut</strong></span> <span class='ocrx_word' id='word_1_72' title='bbox 2072 862 2375 928; x_wconf 83' lang='lat' dir='ltr'><strong>ostendas</strong></span> <span class='ocrx_word' id='word_1_73' title='bbox 2427 884 2548 928; x_wconf 86' lang='lat' dir='ltr'><strong>ne-</strong></span> 
     </span>
     <span class='ocr_line' id='line_1_11' title="bbox 487 946 2547 1035; baseline -0 -23"><span class='ocrx_word' id='word_1_74' title='bbox 487 948 980 1026; x_wconf 85' lang='lat' dir='ltr'><strong>cessitudinem,·</strong></span> <span class='ocrx_word' id='word_1_75' title='bbox 1017 950 1410 1017; x_wconf 77' lang='lat' dir='ltr'>demonstres</span> <span class='ocrx_word' id='word_1_76' title='bbox 1465 972 1659 1035; x_wconf 86' lang='lat' dir='ltr'><strong>quam</strong></span> <span class='ocrx_word' id='word_1_77' title='bbox 1706 950 1973 1015; x_wconf 82' lang='lat' dir='ltr'><strong>moleste</strong></span> <span class='ocrx_word' id='word_1_78' title='bbox 2022 948 2223 1023; x_wconf 81' lang='lat' dir='ltr'><strong>feras,</strong></span> <span class='ocrx_word' id='word_1_79' title='bbox 2280 946 2423 1013; x_wconf 80' lang='lat' dir='ltr'><strong>ah&#39;is</strong></span> <span class='ocrx_word' id='word_1_80' title='bbox 2480 960 2547 1012; x_wconf 88' lang='lat' dir='ltr'><strong>te</strong></span> 
     </span>
    </p>
   </div>
   <div class='ocr_carea' id='block_1_8' title="bbox 383 1032 2547 1121">
    <p class='ocr_par' dir='ltr' id='par_1_8' title="bbox 383 1032 2547 1121">
     <span class='ocr_line' id='line_1_12' title="bbox 383 1032 2547 1121; baseline 0 -25"><span class='ocrx_word' id='word_1_81' title='bbox 383 1033 450 1087; x_wconf 80' lang='lat'><strong>12</strong></span> <span class='ocrx_word' id='word_1_82' title='bbox 485 1034 676 1099; x_wconf 84' lang='lat' dir='ltr'><strong>rebus</strong></span> <span class='ocrx_word' id='word_1_83' title='bbox 729 1048 1130 1101; x_wconf 77' lang='lat' dir='ltr'><strong>exsarturum</strong></span> <span class='ocrx_word' id='word_1_84' title='bbox 1177 1058 1322 1101; x_wconf 86' lang='lat' dir='ltr'><strong>esse</strong></span> <span class='ocrx_word' id='word_1_85' title='bbox 1372 1036 1774 1121; x_wconf 77' lang='lat' dir='ltr'><strong>persuadeas.</strong></span> <span class='ocrx_word' id='word_1_86' title='bbox 1880 1034 2097 1099; x_wconf 85' lang='lat' dir='ltr'><strong>audivi</strong></span> <span class='ocrx_word' id='word_1_87' title='bbox 2144 1032 2271 1098; x_wconf 78' lang='lat' dir='ltr'><strong>hoc</strong></span> <span class='ocrx_word' id='word_1_88' title='bbox 2324 1032 2547 1098; x_wconf 79' lang='lat' dir='ltr'><strong>dicere</strong></span> 
     </span>
    </p>
   </div>
   <div class='ocr_carea' id='block_1_9' title="bbox 389 1105 443 1145">
    <p class='ocr_par' dir='ltr' id='par_1_9' title="bbox 389 1105 443 1145">
     <span class='ocr_line' id='line_1_13' title="bbox 389 1105 443 1145; baseline 0.037 -2"><span class='ocrx_word' id='word_1_89' title='bbox 389 1105 443 1145; x_wconf 74' lang='lat'><strong>46</strong></span> 
     </span>
    </p>
   </div>
   <div class='ocr_carea' id='block_1_10' title="bbox 383 2156 435 2196">
    <p class='ocr_par' dir='ltr' id='par_1_10' title="bbox 383 2156 435 2196">
     <span class='ocr_line' id='line_1_14' title="bbox 383 2156 435 2196; baseline 0.019 -1"><span class='ocrx_word' id='word_1_90' title='bbox 383 2156 435 2196; x_wconf 76' lang='lat'><strong>47</strong></span> 
     </span>
    </p>
   </div>
   <div class='ocr_carea' id='block_1_11' title="bbox 465 1118 2547 1204">
    <p class='ocr_par' dir='ltr' id='par_1_11' title="bbox 465 1118 2547 1204">
     <span class='ocr_line' id='line_1_15' title="bbox 465 1118 2547 1204; baseline -0.003 -17"><span class='ocrx_word' id='word_1_91' title='bbox 465 1118 807 1200; x_wconf 77' lang='lat' dir='ltr'><strong>‚quendam</strong></span> <span class='ocrx_word' id='word_1_92' title='bbox 869 1121 950 1187; x_wconf 86' lang='lat' dir='ltr'><strong>de</strong></span> <span class='ocrx_word' id='word_1_93' title='bbox 1011 1120 1397 1204; x_wconf 82' lang='lat' dir='ltr'><strong>quibusdam</strong></span> <span class='ocrx_word' id='word_1_94' title='bbox 1458 1121 1843 1197; x_wconf 81' lang='lat' dir='ltr'><strong>oratoribus,</strong></span> <span class='ocrx_word' id='word_1_95' title='bbox 1914 1118 1999 1183; x_wconf 84' lang='lat' dir='ltr'><strong>ad</strong></span> <span class='ocrx_word' id='word_1_96' title='bbox 2058 1130 2225 1203; x_wconf 82' lang='lat' dir='ltr'><strong>quos.</strong></span> <span class='ocrx_word' id='word_1_97' title='bbox 2275 1140 2547 1183; x_wconf 79' lang='lat' dir='ltr'><strong>causam</strong></span> 
     </span>
    </p>
   </div>
   <div class='ocr_carea' id='block_1_12' title="bbox 479 1202 2544 2227">
    <p class='ocr_par' dir='ltr' id='par_1_12' title="bbox 479 1202 2544 2227">
     <span class='ocr_line' id='line_1_16' title="bbox 481 1202 2543 1291; baseline 0 -24"><span class='ocrx_word' id='word_1_98' title='bbox 481 1224 670 1269; x_wconf 82' lang='lat' dir='ltr'><strong>suam</strong></span> <span class='ocrx_word' id='word_1_99' title='bbox 721 1205 1079 1282; x_wconf 86' lang='lat' dir='ltr'><strong>detulisset,</strong></span> <span class='ocrx_word' id='word_1_100' title='bbox 1143 1206 1490 1291; x_wconf 75' lang='lat' dir='ltr'><strong>gratiorem</strong></span> <span class='ocrx_word' id='word_1_101' title='bbox 1550 1204 1679 1271; x_wconf 89' lang='lat' dir='ltr'><strong>sibi</strong></span> <span class='ocrx_word' id='word_1_102' title='bbox 1722 1205 2071 1271; x_wconf 81' lang='lat' dir='ltr'><strong>orationem</strong></span> <span class='ocrx_word' id='word_1_103' title='bbox 2131 1202 2333 1269; x_wconf 70' lang='lat' dir='ltr'><strong>fixisse</strong></span> <span class='ocrx_word' id='word_1_104' title='bbox 2389 1204 2543 1279; x_wconf 70' lang='lat' dir='ltr'><strong>eitoe,</strong></span> 
     </span>
     <span class='ocr_line' id='line_1_17' title="bbox 484 1288 2544 1376; baseline 0.001 -23"><span class='ocrx_word' id='word_1_105' title='bbox 484 1288 598 1370; x_wconf 82' lang='lat' dir='ltr'><strong>qui</strong></span> <span class='ocrx_word' id='word_1_106' title='bbox 647 1300 974 1375; x_wconf 77' lang='lat' dir='ltr'><strong>negasset,</strong></span> <span class='ocrx_word' id='word_1_107' title='bbox 1026 1312 1221 1373; x_wconf 79' lang='lat' dir='ltr'><strong>quam</strong></span> <span class='ocrx_word' id='word_1_108' title='bbox 1249 1290 1445 1357; x_wconf 85' lang='lat' dir='ltr'><strong>-illius</strong></span> <span class='ocrx_word' id='word_1_109' title='bbox 1474 1291 1606 1375; x_wconf 76' lang='lat' dir='ltr'><strong>&#39;qui</strong></span> <span class='ocrx_word' id='word_1_110' title='bbox 1654 1290 2025 1376; x_wconf 57' lang='lat' dir='ltr'><strong>recepisset·</strong></span> <span class='ocrx_word' id='word_1_111' title='bbox 2104 1288 2197 1353; x_wconf 90' lang='lat' dir='ltr'><strong>sic</strong></span> <span class='ocrx_word' id='word_1_112' title='bbox 2234 1288 2544 1356; x_wconf 79' lang='lat' dir='ltr'><strong>homines</strong></span> 
     </span>
     <span class='ocr_line' id='line_1_18' title="bbox 483 1372 2544 1461; baseline 0.001 -26"><span class='ocrx_word' id='word_1_113' title='bbox 483 1372 692 1439; x_wconf 85' lang='lat' dir='ltr'><strong>fronte</strong></span> <span class='ocrx_word' id='word_1_114' title='bbox 727 1385 792 1439; x_wconf 89' lang='lat' dir='ltr'><strong>et</strong></span> <span class='ocrx_word' id='word_1_115' title='bbox 835 1376 1124 1441; x_wconf 81' lang='lat' dir='ltr'><strong>oratione</strong></span> <span class='ocrx_word' id='word_1_116' title='bbox 1161 1376 1373 1461; x_wconf 82' lang='lat' dir='ltr'><strong>magis</strong></span> <span class='ocrx_word' id='word_1_117' title='bbox 1414 1395 1607 1459; x_wconf 81' lang='lat' dir='ltr'><strong>quam</strong></span> <span class='ocrx_word' id='word_1_118' title='bbox 1650 1376 1791 1461; x_wconf 91' lang='lat' dir='ltr'><strong>ipso</strong></span> <span class='ocrx_word' id='word_1_119' title='bbox 1836 1374 2143 1440; x_wconf 83' lang='lat' dir='ltr'><strong>beneficio</strong></span> <span class='ocrx_word' id='word_1_120' title='bbox 2188 1394 2395 1457; x_wconf 91' lang='lat' dir='ltr'><strong>reque</strong></span> <span class='ocrx_word' id='word_1_121' title='bbox 2431 1394 2544 1438; x_wconf 77' lang='lat' dir='ltr'><strong>ca-</strong></span> 
     </span>
     <span class='ocr_line' id='line_1_19' title="bbox 481 1452 2542 1604; baseline 0.002 -84"><span class='ocrx_word' id='word_1_122' title='bbox 481 1456 760 1604; x_wconf 51' lang='lat' dir='ltr'><strong>piuntur.</strong></span> <span class='ocrx_word' id='word_1_123' title='bbox 846 1482 1072 1531; x_wconf 85' lang='lat' dir='ltr'><strong>verum</strong></span> <span class='ocrx_word' id='word_1_124' title='bbox 1123 1459 1246 1525; x_wconf 90' lang='lat' dir='ltr'><strong>hoc</strong></span> <span class='ocrx_word' id='word_1_125' title='bbox 1297 1460 1629 1549; x_wconf 75' lang='lat' dir='ltr'><strong>probabile</strong></span> <span class='ocrx_word' id='word_1_126' title='bbox 1682 1472 1809 1537; x_wconf 89' lang='lat' dir='ltr'><strong>est,</strong></span> <span class='ocrx_word' id='word_1_127' title='bbox 1858 1452 2017 1527; x_wconf 85' lang='lat' dir='ltr'><strong>illud</strong></span> <span class='ocrx_word' id='word_1_128' title='bbox 2060 1458 2333 1525; x_wconf 81' lang='lat' dir='ltr'><strong>alterum</strong></span> <span class='ocrx_word' id='word_1_129' title='bbox 2380 1457 2542 1524; x_wconf 73' lang='lat' dir='ltr'><strong>sub-</strong></span> 
     </span>
     <span class='ocr_line' id='line_1_20' title="bbox 526 1542 2541 1623; baseline 0 -17"><span class='ocrx_word' id='word_1_130' title='bbox 526 1563 714 1607; x_wconf 87' lang='lat' dir='ltr'><strong>urum</strong></span> <span class='ocrx_word' id='word_1_131' title='bbox 759 1542 876 1608; x_wconf 89' lang='lat' dir='ltr'><strong>tibi</strong></span> <span class='ocrx_word' id='word_1_132' title='bbox 919 1544 1170 1611; x_wconf 83' lang='lat' dir='ltr'><strong>homini</strong></span> <span class='ocrx_word' id='word_1_133' title='bbox 1211 1546 1548 1613; x_wconf 87' lang='lat' dir='ltr'><strong>Platonico</strong></span> <span class='ocrx_word' id='word_1_134' title='bbox 1598 1546 1900 1623; x_wconf 85' lang='lat' dir='ltr'><strong>suadere,</strong></span> <span class='ocrx_word' id='word_1_135' title='bbox 1950 1543 2066 1611; x_wconf 89' lang='lat' dir='ltr'><strong>sed</strong></span> <span class='ocrx_word' id='word_1_136' title='bbox 2107 1556 2322 1610; x_wconf 87' lang='lat' dir='ltr'><strong>tamen</strong></span> <span class='ocrx_word' id='word_1_137' title='bbox 2371 1554 2541 1609; x_wconf 87' lang='lat' dir='ltr'><strong>tem-</strong></span> 
     </span>
     <span class='ocr_line' id='line_1_21' title="bbox 481 1626 2538 1716; baseline 0 -26"><span class='ocrx_word' id='word_1_138' title='bbox 481 1626 632 1709; x_wconf 82' lang='lat' dir='ltr'><strong>pori&#39;</strong></span> <span class='ocrx_word' id='word_1_139' title='bbox 691 1639 801 1693; x_wconf 89' lang='lat' dir='ltr'><strong>tuo</strong></span> <span class='ocrx_word' id='word_1_140' title='bbox 865 1630 1221 1695; x_wconf 78' lang='lat' dir='ltr'><strong>consulam:</strong></span> <span class='ocrx_word' id='word_1_141' title='bbox 1292 1630 1525 1716; x_wconf 90' lang='lat' dir='ltr'><strong>quibus</strong></span> <span class='ocrx_word' id='word_1_142' title='bbox 1590 1632 1757 1697; x_wconf 87' lang='lat' dir='ltr'><strong>enim</strong></span> <span class='ocrx_word' id='word_1_143' title='bbox 1819 1640 1882 1696; x_wconf 92' lang='lat' dir='ltr'><strong>te</strong></span> <span class='ocrx_word' id='word_1_144' title='bbox 1940 1640 2208 1716; x_wconf 79' lang='lat' dir='ltr'><strong>propter</strong></span> <span class='ocrx_word' id='word_1_145' title='bbox 2268 1626 2538 1713; x_wconf 81' lang='lat' dir='ltr'><strong>aliquod</strong></span> 
     </span>
     <span class='ocr_line' id='line_1_22' title="bbox 483 1710 2539 1798; baseline 0.001 -24"><span class='ocrx_word' id='word_1_146' title='bbox 483 1710 766 1779; x_wconf 87' lang='lat' dir='ltr'><strong>officium</strong></span> <span class='ocrx_word' id='word_1_147' title='bbox 800 1715 1282 1781; x_wconf 82' lang='lat' dir='ltr'><strong>necessitudinis</strong></span> <span class='ocrx_word' id='word_1_148' title='bbox 1318 1716 1689 1781; x_wconf 83' lang='lat' dir='ltr'><strong>adfuturum</strong></span> <span class='ocrx_word' id='word_1_149' title='bbox 1722 1738 1802 1781; x_wconf 90' lang='lat' dir='ltr'><strong>ne</strong></span> <span class='ocrx_word' id='word_1_150' title='bbox 1850 1716 2005 1790; x_wconf 86' lang='lat' dir='ltr'><strong>aris,</strong></span> <span class='ocrx_word' id='word_1_151' title='bbox 2049 1726 2264 1779; x_wconf 81' lang='lat' dir='ltr'><strong>tamen</strong></span> <span class='ocrx_word' id='word_1_152' title='bbox 2296 1714 2346 1777; x_wconf 90' lang='lat' dir='ltr'><strong>ii</strong></span> <span class='ocrx_word' id='word_1_153' title='bbox 2383 1736 2539 1798; x_wconf 88' lang='lat' dir='ltr'><strong>pos-</strong></span> 
     </span>
     <span class='ocr_line' id='line_1_23' title="bbox 481 1797 2533 1886; baseline 0.001 -27"><span class='ocrx_word' id='word_1_154' title='bbox 481 1806 629 1860; x_wconf 85' lang='lat' dir='ltr'><strong>sunt</strong></span> <span class='ocrx_word' id='word_1_155' title='bbox 681 1797 796 1862; x_wconf 86' lang='lat' dir='ltr'><strong>abs</strong></span> <span class='ocrx_word' id='word_1_156' title='bbox 849 1810 913 1864; x_wconf 86' lang='lat' dir='ltr'><strong>te</strong></span> <span class='ocrx_word' id='word_1_157' title='bbox 963 1800 1198 1886; x_wconf 84' lang='lat' dir='ltr'><strong>placati</strong></span> <span class='ocrx_word' id='word_1_158' title='bbox 1251 1802 1565 1885; x_wconf 82' lang='lat' dir='ltr'><strong>aequique</strong></span> <span class='ocrx_word' id='word_1_159' title='bbox 1618 1801 1788 1867; x_wconf 85' lang='lat' dir='ltr'><strong>disce</strong></span> <span class='ocrx_word' id='word_1_160' title='bbox 1836 1822 1970 1877; x_wconf 84' lang='lat' dir='ltr'><strong>ere3</strong></span> <span class='ocrx_word' id='word_1_161' title='bbox 2024 1798 2259 1883; x_wconf 91' lang='lat' dir='ltr'><strong>quibus</strong></span> <span class='ocrx_word' id='word_1_162' title='bbox 2314 1810 2533 1863; x_wconf 82' lang='lat' dir='ltr'><strong>autem</strong></span> 
     </span>
     <span class='ocr_line' id='line_1_24' title="bbox 479 1880 2533 1972; baseline 0 -28"><span class='ocrx_word' id='word_1_163' title='bbox 479 1880 716 1967; x_wconf 83' lang='lat' dir='ltr'><strong>idcirco</strong></span> <span class='ocrx_word' id='word_1_164' title='bbox 749 1885 1033 1971; x_wconf 76' lang='lat' dir='ltr'><strong>negaris,</strong></span> <span class='ocrx_word' id='word_1_165' title='bbox 1078 1886 1252 1969; x_wconf 84' lang='lat' dir='ltr'><strong>quod</strong></span> <span class='ocrx_word' id='word_1_166' title='bbox 1286 1896 1351 1951; x_wconf 88' lang='lat' dir='ltr'><strong>te</strong></span> <span class='ocrx_word' id='word_1_167' title='bbox 1384 1886 1735 1972; x_wconf 86' lang='lat' dir='ltr'><strong>inpeditum</strong></span> <span class='ocrx_word' id='word_1_168' title='bbox 1770 1908 1907 1951; x_wconf 89' lang='lat' dir='ltr'><strong>esse</strong></span> <span class='ocrx_word' id='word_1_169' title='bbox 1944 1884 2175 1949; x_wconf 84' lang='lat' dir='ltr'><strong>dixeris</strong></span> <span class='ocrx_word' id='word_1_170' title='bbox 2204 1884 2327 1948; x_wconf 73' lang='lat' dir='ltr'><strong>aut</strong></span> <span class='ocrx_word' id='word_1_171' title='bbox 2370 1883 2533 1947; x_wconf 87' lang='lat' dir='ltr'><strong>ami-</strong></span> 
     </span>
     <span class='ocr_line' id='line_1_25' title="bbox 480 1968 2533 2058; baseline 0.001 -28"><span class='ocrx_word' id='word_1_172' title='bbox 480 1968 700 2031; x_wconf 82' lang='lat' dir='ltr'><strong>corum</strong></span> <span class='ocrx_word' id='word_1_173' title='bbox 729 1968 1063 2034; x_wconf 85' lang='lat' dir='ltr'><strong>hominum</strong></span> <span class='ocrx_word' id='word_1_174' title='bbox 1096 1993 1178 2037; x_wconf 90' lang='lat' dir='ltr'><strong>ne</strong></span> <span class='ocrx_word' id='word_1_175' title='bbox 1226 1971 1369 2035; x_wconf 86' lang='lat' dir='ltr'><strong>otiis</strong></span> <span class='ocrx_word' id='word_1_176' title='bbox 1404 1982 1515 2036; x_wconf 83' lang='lat' dir='ltr'><strong>aut</strong></span> <span class='ocrx_word' id='word_1_177' title='bbox 1547 1971 1945 2058; x_wconf 80' lang='lat' dir='ltr'><strong>gravioribus</strong></span> <span class='ocrx_word' id='word_1_178' title='bbox 1982 1969 2189 2049; x_wconf 78' lang='lat' dir='ltr'><strong>causis</strong></span> <span class='ocrx_word' id='word_1_179' title='bbox 2224 1980 2339 2033; x_wconf 86' lang='lat' dir='ltr'><strong>aut</strong></span> <span class='ocrx_word' id='word_1_180' title='bbox 2384 1978 2533 2052; x_wconf 79' lang='lat' dir='ltr'><strong>ante</strong></span> 
     </span>
     <span class='ocr_line' id='line_1_26' title="bbox 483 2052 2526 2201; baseline 0 -86"><span class='ocrx_word' id='word_1_181' title='bbox 483 2052 824 2201; x_wconf 50' lang='lat' dir='ltr'><strong>susceptis,</strong></span> <span class='ocrx_word' id='word_1_182' title='bbox 875 2055 1116 2121; x_wconf 86' lang='lat' dir='ltr'><strong>inimici</strong></span> <span class='ocrx_word' id='word_1_183' title='bbox 1207 2056 1524 2133; x_wconf 82' lang='lat' dir='ltr'><strong>&#39;seedunt,</strong></span> <span class='ocrx_word' id='word_1_184' title='bbox 1567 2077 1915 2139; x_wconf 88' lang='lat' dir='ltr'><strong>omnesque</strong></span> <span class='ocrx_word' id='word_1_185' title='bbox 1950 2054 2076 2119; x_wconf 86' lang='lat' dir='ltr'><strong>hoc</strong></span> <span class='ocrx_word' id='word_1_186' title='bbox 2106 2053 2318 2119; x_wconf 86' lang='lat' dir='ltr'><strong>animo</strong></span> <span class='ocrx_word' id='word_1_187' title='bbox 2356 2064 2526 2128; x_wconf 84' lang='lat' dir='ltr'><strong>sunt,</strong></span> 
     </span>
     <span class='ocr_line' id='line_1_27' title="bbox 479 2136 2529 2227; baseline 0.001 -28"><span class='ocrx_word' id='word_1_188' title='bbox 479 2147 554 2199; x_wconf 80' lang='lat' dir='ltr'><strong>ut</strong></span> <span class='ocrx_word' id='word_1_189' title='bbox 605 2137 658 2201; x_wconf 90' lang='lat' dir='ltr'><strong>si</strong></span> <span class='ocrx_word' id='word_1_190' title='bbox 702 2137 729 2201; x_wconf 90' lang='lat' dir='ltr'><strong>i</strong></span> <span class='ocrx_word' id='word_1_191' title='bbox 777 2149 842 2205; x_wconf 87' lang='lat' dir='ltr'><strong>te</strong></span> <span class='ocrx_word' id='word_1_192' title='bbox 891 2141 1146 2207; x_wconf 86' lang='lat' dir='ltr'><strong>mentiri</strong></span> <span class='ocrx_word' id='word_1_193' title='bbox 1195 2142 1420 2207; x_wconf 77' lang='lat' dir='ltr'><strong>malint</strong></span> <span class='ocrx_word' id='word_1_194' title='bbox 1470 2163 1665 2225; x_wconf 82' lang='lat' dir='ltr'><strong>quam</strong></span> <span class='ocrx_word' id='word_1_195' title='bbox 1694 2163 1963 2227; x_wconf 79' lang='lat' dir='ltr'><strong>negare.</strong></span> <span class='ocrx_word' id='word_1_196' title='bbox 2052 2136 2131 2205; x_wconf 86' lang='lat' dir='ltr'><strong>C.</strong></span> <span class='ocrx_word' id='word_1_197' title='bbox 2181 2136 2408 2213; x_wconf 76' lang='lat' dir='ltr'><strong>Cotta,</strong></span> <span class='ocrx_word' id='word_1_198' title='bbox 2458 2138 2529 2201; x_wconf 87' lang='lat' dir='ltr'><strong>in</strong></span> 
     </span>
    </p>
   </div>
   <div class='ocr_carea' id='block_1_13' title="bbox 451 2220 2528 2397">
    <p class='ocr_par' dir='ltr' id='par_1_13' title="bbox 451 2220 2528 2397">
     <span class='ocr_line' id='line_1_28' title="bbox 451 2220 2528 2312; baseline 0.001 -27"><span class='ocrx_word' id='word_1_199' title='bbox 451 2220 825 2288; x_wconf 73' lang='lat' dir='ltr'><strong>,ambitione</strong></span> <span class='ocrx_word' id='word_1_200' title='bbox 861 2226 1110 2305; x_wconf 81' lang='lat' dir='ltr'><strong>artifex,</strong></span> <span class='ocrx_word' id='word_1_201' title='bbox 1147 2227 1381 2292; x_wconf 84' lang='lat' dir='ltr'><strong>dicere-</strong></span> <span class='ocrx_word' id='word_1_202' title='bbox 1396 2226 1639 2293; x_wconf 85' lang='lat' dir='ltr'><strong>solebat</strong></span> <span class='ocrx_word' id='word_1_203' title='bbox 1673 2248 1739 2291; x_wconf 87' lang='lat' dir='ltr'><strong>se</strong></span> <span class='ocrx_word' id='word_1_204' title='bbox 1774 2235 2271 2312; x_wconf 77' lang='lat' dir='ltr'><strong>operam-suam,</strong></span> <span class='ocrx_word' id='word_1_205' title='bbox 2308 2222 2528 2307; x_wconf 87' lang='lat' dir='ltr'><strong>quoad</strong></span> 
     </span>
     <span class='ocr_line' id='line_1_29' title="bbox 463 2307 2524 2397; baseline 0.003 -30"><span class='ocrx_word' id='word_1_206' title='bbox 463 2324 604 2373; x_wconf 83' lang='lat' dir='ltr'><strong>-non</strong></span> <span class='ocrx_word' id='word_1_207' title='bbox 641 2317 863 2369; x_wconf 86' lang='lat' dir='ltr'><strong>contra</strong></span> <span class='ocrx_word' id='word_1_208' title='bbox 907 2309 1193 2371; x_wconf 85' lang='lat' dir='ltr'><strong>officium</strong></span> <span class='ocrx_word' id='word_1_209' title='bbox 1236 2322 1600 2395; x_wconf 85' lang='lat' dir='ltr'><strong>rogaretur,</strong></span> <span class='ocrx_word' id='word_1_210' title='bbox 1644 2310 1925 2397; x_wconf 80' lang='lat' dir='ltr'><strong>polliceri</strong></span> <span class='ocrx_word' id='word_1_211' title='bbox 1966 2310 2171 2385; x_wconf 87' lang='lat' dir='ltr'><strong>solere</strong></span> <span class='ocrx_word' id='word_1_212' title='bbox 2207 2307 2524 2383; x_wconf 84' lang='lat' dir='ltr'><strong>omnibus,</strong></span> 
     </span>
    </p>
   </div>
   <div class='ocr_carea' id='block_1_14' title="bbox 473 2386 2523 2483">
    <p class='ocr_par' dir='ltr' id='par_1_14' title="bbox 473 2386 2523 2483">
     <span class='ocr_line' id='line_1_30' title="bbox 473 2386 2523 2483; baseline 0.001 -31"><span class='ocrx_word' id='word_1_213' title='bbox 473 2386 775 2470; x_wconf 83' lang='lat' dir='ltr'><strong>inpertire</strong></span> <span class='ocrx_word' id='word_1_214' title='bbox 818 2388 894 2453; x_wconf 90' lang='lat' dir='ltr'><strong>iis</strong></span> <span class='ocrx_word' id='word_1_215' title='bbox 910 2437 928 2466; x_wconf 90' lang='lat'><strong>,</strong></span> <span class='ocrx_word' id='word_1_216' title='bbox 983 2392 1158 2476; x_wconf 89' lang='lat' dir='ltr'><strong>apud</strong></span> <span class='ocrx_word' id='word_1_217' title='bbox 1199 2410 1361 2483; x_wconf 84' lang='lat' dir='ltr'><strong>quos</strong></span> <span class='ocrx_word' id='word_1_218' title='bbox 1410 2396 1645 2480; x_wconf 86' lang='lat' dir='ltr'><strong>optime</strong></span> <span class='ocrx_word' id='word_1_219' title='bbox 1676 2396 1841 2482; x_wconf 72' lang='lat' dir='ltr'><strong>‚poni</strong></span> <span class='ocrx_word' id='word_1_220' title='bbox 1885 2394 2301 2459; x_wconf 86' lang='lat' dir='ltr'><strong>arbitraretur</strong></span> <span class='ocrx_word' id='word_1_221' title='bbox 2308 2418 2327 2470; x_wconf 84' lang='lat'>3</span> <span class='ocrx_word' id='word_1_222' title='bbox 2378 2392 2523 2456; x_wconf 87' lang='lat' dir='ltr'><strong>ideo</strong></span> 
     </span>
    </p>
   </div>
   <div class='ocr_carea' id='block_1_15' title="bbox 427 2470 2521 2565">
    <p class='ocr_par' dir='ltr' id='par_1_15' title="bbox 427 2470 2521 2565">
     <span class='ocr_line' id='line_1_31' title="bbox 427 2470 2521 2565; baseline 0.004 -32"><span class='ocrx_word' id='word_1_223' title='bbox 427 2547 440 2557; x_wconf 28' lang='lat'><strong><em>⁹</em></strong></span> <span class='ocrx_word' id='word_1_224' title='bbox 475 2489 545 2534; x_wconf 88' lang='lat' dir='ltr'><strong>se</strong></span> <span class='ocrx_word' id='word_1_225' title='bbox 594 2470 834 2536; x_wconf 86' lang='lat' dir='ltr'><strong>nemini</strong></span> <span class='ocrx_word' id='word_1_226' title='bbox 885 2480 1150 2561; x_wconf 82' lang='lat' dir='ltr'><strong>negare,</strong></span> <span class='ocrx_word' id='word_1_227' title='bbox 1204 2478 1379 2561; x_wconf 90' lang='lat' dir='ltr'><strong>quod</strong></span> <span class='ocrx_word' id='word_1_228' title='bbox 1424 2502 1617 2565; x_wconf 86' lang='lat' dir='ltr'><strong>saepe</strong></span> <span class='ocrx_word' id='word_1_229' title='bbox 1660 2480 1972 2546; x_wconf 88' lang='lat' dir='ltr'><strong>accideret</strong></span> <span class='ocrx_word' id='word_1_230' title='bbox 2012 2500 2243 2554; x_wconf 85' lang='lat' dir='ltr'><strong>causa,</strong></span> <span class='ocrx_word' id='word_1_231' title='bbox 2294 2496 2405 2542; x_wconf 87' lang='lat' dir='ltr'><strong>cur</strong></span> <span class='ocrx_word' id='word_1_232' title='bbox 2444 2476 2521 2552; x_wconf 87' lang='lat' dir='ltr'><strong>is,</strong></span> 
     </span>
    </p>
   </div>
   <div class='ocr_carea' id='block_1_16' title="bbox 471 2554 2526 3258">
    <p class='ocr_par' dir='ltr' id='par_1_16' title="bbox 471 2554 2526 3258">
     <span class='ocr_line' id='line_1_32' title="bbox 476 2554 2521 2651; baseline 0.003 -33"><span class='ocrx_word' id='word_1_233' title='bbox 476 2554 596 2642; x_wconf 74' lang='lat' dir='ltr'><strong>cui.</strong></span> <span class='ocrx_word' id='word_1_234' title='bbox 611 2556 933 2642; x_wconf 78' lang='lat' dir='ltr'><strong>pollicitus</strong></span> <span class='ocrx_word' id='word_1_235' title='bbox 971 2570 1168 2636; x_wconf 88' lang='lat' dir='ltr'><strong>esset,</strong></span> <span class='ocrx_word' id='word_1_236' title='bbox 1218 2584 1351 2630; x_wconf 89' lang='lat' dir='ltr'><strong>non</strong></span> <span class='ocrx_word' id='word_1_237' title='bbox 1386 2574 1699 2642; x_wconf 88' lang='lat' dir='ltr'><strong>uteretur,</strong></span> <span class='ocrx_word' id='word_1_238' title='bbox 1754 2586 1974 2651; x_wconf 86' lang='lat' dir='ltr'><strong>saepe,</strong></span> <span class='ocrx_word' id='word_1_239' title='bbox 2026 2574 2099 2629; x_wconf 86' lang='lat' dir='ltr'><strong>ut</strong></span> <span class='ocrx_word' id='word_1_240' title='bbox 2140 2564 2283 2649; x_wconf 86' lang='lat' dir='ltr'><strong>ipse</strong></span> <span class='ocrx_word' id='word_1_241' title='bbox 2317 2562 2521 2647; x_wconf 85' lang='lat' dir='ltr'><strong>magis</strong></span> 
     </span>
     <span class='ocr_line' id='line_1_33' title="bbox 475 2646 2522 2735; baseline 0.002 -30"><span class='ocrx_word' id='word_1_242' title='bbox 475 2652 644 2707; x_wconf 87' lang='lat' dir='ltr'><strong>esset</strong></span> <span class='ocrx_word' id='word_1_243' title='bbox 677 2662 951 2721; x_wconf 84' lang='lat' dir='ltr'><strong>vacuus,</strong></span> <span class='ocrx_word' id='word_1_244' title='bbox 1005 2666 1201 2730; x_wconf 90' lang='lat' dir='ltr'><strong>quam</strong></span> <span class='ocrx_word' id='word_1_245' title='bbox 1233 2659 1519 2732; x_wconf 86' lang='lat' dir='ltr'><strong>putasset</strong></span> <span class='ocrx_word' id='word_1_246' title='bbox 1529 2675 1549 2727; x_wconf 82' lang='lat'>3</span> <span class='ocrx_word' id='word_1_247' title='bbox 1602 2672 1811 2733; x_wconf 88' lang='lat' dir='ltr'><strong>neque</strong></span> <span class='ocrx_word' id='word_1_248' title='bbox 1852 2670 2041 2735; x_wconf 86' lang='lat' dir='ltr'><strong>posse</strong></span> <span class='ocrx_word' id='word_1_249' title='bbox 2088 2648 2223 2713; x_wconf 90' lang='lat' dir='ltr'><strong>eius</strong></span> <span class='ocrx_word' id='word_1_250' title='bbox 2258 2646 2522 2711; x_wconf 88' lang='lat' dir='ltr'><strong>domum</strong></span> 
     </span>
     <span class='ocr_line' id='line_1_34' title="bbox 475 2728 2526 2821; baseline 0.003 -32"><span class='ocrx_word' id='word_1_251' title='bbox 475 2728 786 2812; x_wconf 86' lang='lat' dir='ltr'><strong>conpleri,</strong></span> <span class='ocrx_word' id='word_1_252' title='bbox 838 2730 950 2813; x_wconf 89' lang='lat' dir='ltr'><strong>qui</strong></span> <span class='ocrx_word' id='word_1_253' title='bbox 999 2742 1246 2797; x_wconf 86' lang='lat' dir='ltr'><strong>tantum</strong></span> <span class='ocrx_word' id='word_1_254' title='bbox 1300 2734 1492 2799; x_wconf 89' lang='lat' dir='ltr'><strong>modo</strong></span> <span class='ocrx_word' id='word_1_255' title='bbox 1536 2734 1872 2821; x_wconf 86' lang='lat' dir='ltr'><strong>reciperet,</strong></span> <span class='ocrx_word' id='word_1_256' title='bbox 1924 2744 2237 2817; x_wconf 83' lang='lat' dir='ltr'><strong>quantum</strong></span> <span class='ocrx_word' id='word_1_257' title='bbox 2278 2732 2526 2797; x_wconf 87' lang='lat' dir='ltr'><strong>videret</strong></span> 
     </span>
     <span class='ocr_line' id='line_1_35' title="bbox 474 2812 2523 2905; baseline 0.003 -32"><span class='ocrx_word' id='word_1_258' title='bbox 474 2830 543 2874; x_wconf 89' lang='lat' dir='ltr'><strong>se</strong></span> <span class='ocrx_word' id='word_1_259' title='bbox 579 2812 756 2879; x_wconf 92' lang='lat' dir='ltr'><strong>obire</strong></span> <span class='ocrx_word' id='word_1_260' title='bbox 799 2834 1018 2899; x_wconf 85' lang='lat' dir='ltr'><strong>posse:</strong></span> <span class='ocrx_word' id='word_1_261' title='bbox 1073 2838 1226 2881; x_wconf 88' lang='lat' dir='ltr'><strong>casu</strong></span> <span class='ocrx_word' id='word_1_262' title='bbox 1269 2817 1437 2896; x_wconf 88' lang='lat' dir='ltr'><strong>fieri,</strong></span> <span class='ocrx_word' id='word_1_263' title='bbox 1489 2830 1561 2883; x_wconf 89' lang='lat' dir='ltr'><strong>ut</strong></span> <span class='ocrx_word' id='word_1_264' title='bbox 1596 2828 1868 2905; x_wconf 84' lang='lat' dir='ltr'><strong>agantur</strong></span> <span class='ocrx_word' id='word_1_265' title='bbox 1900 2840 1999 2895; x_wconf 88' lang='lat' dir='ltr'><strong>ea,</strong></span> <span class='ocrx_word' id='word_1_266' title='bbox 2036 2840 2203 2903; x_wconf 83' lang='lat' dir='ltr'><strong>quae</strong></span> <span class='ocrx_word' id='word_1_267' title='bbox 2234 2838 2370 2881; x_wconf 85' lang='lat' dir='ltr'><strong>non</strong></span> <span class='ocrx_word' id='word_1_268' title='bbox 2402 2838 2523 2901; x_wconf 88' lang='lat' dir='ltr'><strong>pu-</strong></span> 
     </span>
     <span class='ocr_line' id='line_1_36' title="bbox 473 2896 2521 2987; baseline 0.004 -30"><span class='ocrx_word' id='word_1_269' title='bbox 473 2896 654 2981; x_wconf 66' lang='lat' dir='ltr'><strong>taris,</strong></span> <span class='ocrx_word' id='word_1_270' title='bbox 689 2896 830 2973; x_wconf 82' lang='lat' dir='ltr'><strong>illa,</strong></span> <span class='ocrx_word' id='word_1_271' title='bbox 863 2920 1030 2981; x_wconf 83' lang='lat' dir='ltr'><strong>quae</strong></span> <span class='ocrx_word' id='word_1_272' title='bbox 1067 2902 1408 2987; x_wconf 84' lang='lat' dir='ltr'><strong>credideris</strong></span> <span class='ocrx_word' id='word_1_273' title='bbox 1442 2903 1511 2967; x_wconf 89' lang='lat' dir='ltr'><strong>in</strong></span> <span class='ocrx_word' id='word_1_274' title='bbox 1545 2904 1839 2969; x_wconf 85' lang='lat' dir='ltr'><strong>manibus</strong></span> <span class='ocrx_word' id='word_1_275' title='bbox 1876 2926 2044 2980; x_wconf 87' lang='lat' dir='ltr'><strong>esse,</strong></span> <span class='ocrx_word' id='word_1_276' title='bbox 2077 2915 2152 2967; x_wconf 78' lang='lat' dir='ltr'><strong>ut</strong></span> <span class='ocrx_word' id='word_1_277' title='bbox 2180 2902 2409 2987; x_wconf 77' lang='lat' dir='ltr'><strong>&#39;aliqua</strong></span> <span class='ocrx_word' id='word_1_278' title='bbox 2440 2900 2521 2966; x_wconf 86' lang='lat' dir='ltr'><strong>de</strong></span> 
     </span>
     <span class='ocr_line' id='line_1_37' title="bbox 476 2987 2525 3068; baseline 0.004 -27"><span class='ocrx_word' id='word_1_279' title='bbox 476 2998 672 3044; x_wconf 88' lang='lat' dir='ltr'><strong>causa</strong></span> <span class='ocrx_word' id='word_1_280' title='bbox 703 3002 835 3046; x_wconf 86' lang='lat' dir='ltr'><strong>non</strong></span> <span class='ocrx_word' id='word_1_281' title='bbox 869 2996 1174 3068; x_wconf 83' lang='lat' dir='ltr'><strong>agantur3</strong></span> <span class='ocrx_word' id='word_1_282' title='bbox 1224 2987 1459 3055; x_wconf 84' lang='lat' dir='ltr'><strong>deinde</strong></span> <span class='ocrx_word' id='word_1_283' title='bbox 1494 3011 1634 3054; x_wconf 87' lang='lat' dir='ltr'><strong>esse</strong></span> <span class='ocrx_word' id='word_1_284' title='bbox 1668 2990 2050 3064; x_wconf 81' lang='lat' dir='ltr'><strong>extremum,</strong></span> <span class='ocrx_word' id='word_1_285' title='bbox 2102 2999 2179 3053; x_wconf 80' lang='lat' dir='ltr'><strong>ut</strong></span> <span class='ocrx_word' id='word_1_286' title='bbox 2211 2988 2525 3052; x_wconf 70' lang='lat' dir='ltr'><strong>irasoetur</strong></span> 
     </span>
     <span class='ocr_line' id='line_1_38' title="bbox 471 3062 2523 3160; baseline 0.004 -33"><span class='ocrx_word' id='word_1_287' title='bbox 471 3062 550 3139; x_wconf 79' lang='lat' dir='ltr'><strong>is,</strong></span> <span class='ocrx_word' id='word_1_288' title='bbox 585 3064 692 3131; x_wconf 81' lang='lat' dir='ltr'><strong>cui</strong></span> <span class='ocrx_word' id='word_1_289' title='bbox 725 3066 1130 3137; x_wconf 79' lang='lat' dir='ltr'><strong>mendacium</strong></span> <span class='ocrx_word' id='word_1_290' title='bbox 1165 3072 1420 3137; x_wconf 84' lang='lat' dir='ltr'><strong>dixeris.</strong></span> <span class='ocrx_word' id='word_1_291' title='bbox 1506 3074 1594 3150; x_wconf 86' lang='lat' dir='ltr'><strong>id,</strong></span> <span class='ocrx_word' id='word_1_292' title='bbox 1630 3074 1685 3138; x_wconf 84' lang='lat' dir='ltr'><strong>si</strong></span> <span class='ocrx_word' id='word_1_293' title='bbox 1718 3075 2071 3160; x_wconf 73' lang='lat' dir='ltr'><strong>promittas,</strong></span> <span class='ocrx_word' id='word_1_294' title='bbox 2108 3084 2173 3139; x_wconf 88' lang='lat' dir='ltr'><strong>et</strong></span> <span class='ocrx_word' id='word_1_295' title='bbox 2204 3074 2523 3137; x_wconf 79' lang='lat' dir='ltr'><strong>incertum</strong></span> 
     </span>
     <span class='ocr_line' id='line_1_39' title="bbox 471 3151 2523 3258; baseline 0.004 -46"><span class='ocrx_word' id='word_1_296' title='bbox 471 3159 568 3213; x_wconf 87' lang='lat' dir='ltr'><strong>est</strong></span> <span class='ocrx_word' id='word_1_297' title='bbox 621 3158 686 3215; x_wconf 89' lang='lat' dir='ltr'><strong>et</strong></span> <span class='ocrx_word' id='word_1_298' title='bbox 733 3151 803 3215; x_wconf 89' lang='lat' dir='ltr'><strong>in</strong></span> <span class='ocrx_word' id='word_1_299' title='bbox 857 3153 1027 3219; x_wconf 86' lang='lat' dir='ltr'><strong>diem</strong></span> <span class='ocrx_word' id='word_1_300' title='bbox 1069 3166 1135 3221; x_wconf 87' lang='lat' dir='ltr'><strong>et</strong></span> <span class='ocrx_word' id='word_1_301' title='bbox 1177 3156 1245 3221; x_wconf 87' lang='lat' dir='ltr'><strong>in</strong></span> <span class='ocrx_word' id='word_1_302' title='bbox 1273 3154 1729 3241; x_wconf 81' lang='lat' dir='ltr'><strong>paucioribus3</strong></span> <span class='ocrx_word' id='word_1_303' title='bbox 1782 3158 1881 3223; x_wconf 86' lang='lat' dir='ltr'><strong>sin</strong></span> <span class='ocrx_word' id='word_1_304' title='bbox 1922 3169 2139 3225; x_wconf 86' lang='lat' dir='ltr'><strong>autem</strong></span> <span class='ocrx_word' id='word_1_305' title='bbox 2180 3176 2416 3258; x_wconf 73' lang='lat' dir='ltr'><strong>neges,</strong></span> <span class='ocrx_word' id='word_1_306' title='bbox 2460 3169 2523 3223; x_wconf 89' lang='lat' dir='ltr'><strong>et</strong></span> 
     </span>
    </p>
   </div>
   <div class='ocr_carea' id='block_1_17' title="bbox 379 3224 2523 3342">
    <p class='ocr_par' dir='ltr' id='par_1_17' title="bbox 379 3224 2523 3342">
     <span class='ocr_line' id='line_1_40' title="bbox 379 3224 2523 3342; baseline 0.005 -46"><span class='ocrx_word' id='word_1_307' title='bbox 379 3284 386 3289; x_wconf 95' lang='lat'>.</span> <span class='ocrx_word' id='word_1_308' title='bbox 431 3224 434 3227; x_wconf 34' lang='lat'><strong>⁴</strong></span> <span class='ocrx_word' id='word_1_309' title='bbox 472 3244 641 3299; x_wconf 89' lang='lat' dir='ltr'><strong>certe</strong></span> <span class='ocrx_word' id='word_1_310' title='bbox 695 3234 1016 3303; x_wconf 85' lang='lat' dir='ltr'><strong>abalienes</strong></span> <span class='ocrx_word' id='word_1_311' title='bbox 1068 3250 1134 3305; x_wconf 92' lang='lat' dir='ltr'><strong>et</strong></span> <span class='ocrx_word' id='word_1_312' title='bbox 1183 3242 1397 3305; x_wconf 84' lang='lat' dir='ltr'><strong>statim</strong></span> <span class='ocrx_word' id='word_1_313' title='bbox 1428 3254 1507 3308; x_wconf 80' lang='lat' dir='ltr'><strong>‘et</strong></span> <span class='ocrx_word' id='word_1_314' title='bbox 1556 3244 1785 3329; x_wconf 79' lang='lat' dir='ltr'><strong>pluris3</strong></span> <span class='ocrx_word' id='word_1_315' title='bbox 1838 3242 2053 3328; x_wconf 87' lang='lat' dir='ltr'><strong>plures</strong></span> <span class='ocrx_word' id='word_1_316' title='bbox 2106 3265 2275 3307; x_wconf 83' lang='lat' dir='ltr'><strong>emm</strong></span> <span class='ocrx_word' id='word_1_317' title='bbox 2320 3243 2523 3342; x_wconf 75' lang='lat' dir='ltr'><strong>multo</strong></span> 
     </span>
    </p>
   </div>
   <div class='ocr_carea' id='block_1_18' title="bbox 276 3754 424 3821">
    <p class='ocr_par' dir='ltr' id='par_1_18' title="bbox 276 3754 424 3821">
     <span class='ocr_line' id='line_1_41' title="bbox 276 3754 424 3821; baseline 0 -28"><span class='ocrx_word' id='word_1_318' title='bbox 276 3814 285 3821; x_wconf 20' lang='grc' dir='ltr'><strong><em>ἡ</em></strong></span> <span class='ocrx_word' id='word_1_319' title='bbox 373 3754 424 3793; x_wconf 71' lang='lat'><strong>19</strong></span> 
     </span>
    </p>
   </div>
   <div class='ocr_carea' id='block_1_19' title="bbox 468 3321 2521 3834">
    <p class='ocr_par' dir='ltr' id='par_1_19' title="bbox 468 3321 2521 3834">
     <span class='ocr_line' id='line_1_42' title="bbox 471 3321 2521 3427; baseline 0.004 -45"><span class='ocrx_word' id='word_1_320' title='bbox 471 3329 648 3397; x_wconf 87' lang='lat' dir='ltr'><strong>sunt,</strong></span> <span class='ocrx_word' id='word_1_321' title='bbox 703 3321 815 3403; x_wconf 90' lang='lat' dir='ltr'><strong>qui</strong></span> <span class='ocrx_word' id='word_1_322' title='bbox 849 3334 1109 3409; x_wconf 69' lang='lat' dir='ltr'><strong>rogant,</strong></span> <span class='ocrx_word' id='word_1_323' title='bbox 1153 3336 1226 3389; x_wconf 90' lang='lat' dir='ltr'><strong>ut</strong></span> <span class='ocrx_word' id='word_1_324' title='bbox 1259 3326 1356 3389; x_wconf 89' lang='lat' dir='ltr'><strong>uti</strong></span> <span class='ocrx_word' id='word_1_325' title='bbox 1388 3326 1578 3393; x_wconf 86' lang='lat' dir='ltr'><strong>liceat</strong></span> <span class='ocrx_word' id='word_1_326' title='bbox 1612 3350 1806 3427; x_wconf 78' lang='lat' dir='ltr'><strong>opera</strong></span> <span class='ocrx_word' id='word_1_327' title='bbox 1840 3328 2131 3403; x_wconf 84' lang='lat' dir='ltr'><strong>alterius,</strong></span> <span class='ocrx_word' id='word_1_328' title='bbox 2177 3348 2377 3413; x_wconf 82' lang='lat' dir='ltr'><strong>quam</strong></span> <span class='ocrx_word' id='word_1_329' title='bbox 2412 3348 2521 3410; x_wconf 84' lang='lat' dir='ltr'><strong>qm</strong></span> 
     </span>
     <span class='ocr_line' id='line_1_43' title="bbox 468 3409 2513 3497; baseline 0.004 -32"><span class='ocrx_word' id='word_1_330' title='bbox 468 3412 756 3469; x_wconf 81' lang='lat' dir='ltr'><strong>utuntur.</strong></span> <span class='ocrx_word' id='word_1_331' title='bbox 846 3428 976 3489; x_wconf 89' lang='lat' dir='ltr'><strong>qua</strong></span> <span class='ocrx_word' id='word_1_332' title='bbox 1019 3430 1090 3473; x_wconf 89' lang='lat' dir='ltr'><strong>re</strong></span> <span class='ocrx_word' id='word_1_333' title='bbox 1136 3409 1334 3474; x_wconf 85' lang='lat' dir='ltr'><strong>satius</strong></span> <span class='ocrx_word' id='word_1_334' title='bbox 1382 3423 1478 3478; x_wconf 85' lang='lat' dir='ltr'><strong>est</strong></span> <span class='ocrx_word' id='word_1_335' title='bbox 1520 3435 1601 3478; x_wconf 85' lang='lat' dir='ltr'><strong>ex</strong></span> <span class='ocrx_word' id='word_1_336' title='bbox 1644 3435 1721 3477; x_wconf 83' lang='lat' dir='ltr'><strong>ns</strong></span> <span class='ocrx_word' id='word_1_337' title='bbox 1774 3412 2018 3497; x_wconf 79' lang='lat' dir='ltr'><strong>aliquos</strong></span> <span class='ocrx_word' id='word_1_338' title='bbox 2064 3412 2410 3496; x_wconf 79' lang='lat' dir='ltr'><strong>aliquando</strong></span> <span class='ocrx_word' id='word_1_339' title='bbox 2448 3412 2513 3474; x_wconf 86' lang='lat' dir='ltr'><strong>in</strong></span> 
     </span>
     <span class='ocr_line' id='line_1_44' title="bbox 468 3486 2513 3582; baseline 0.003 -32"><span class='ocrx_word' id='word_1_340' title='bbox 468 3486 608 3551; x_wconf 86' lang='lat' dir='ltr'><strong>foro</strong></span> <span class='ocrx_word' id='word_1_341' title='bbox 653 3488 770 3569; x_wconf 84' lang='lat' dir='ltr'><strong>tibi</strong></span> <span class='ocrx_word' id='word_1_342' title='bbox 819 3490 1008 3556; x_wconf 86' lang='lat' dir='ltr'><strong>irasci</strong></span> <span class='ocrx_word' id='word_1_343' title='bbox 1051 3509 1244 3577; x_wconf 89' lang='lat' dir='ltr'><strong>quam</strong></span> <span class='ocrx_word' id='word_1_344' title='bbox 1289 3493 1496 3562; x_wconf 78' lang='lat' dir='ltr'><strong>omnis</strong></span> <span class='ocrx_word' id='word_1_345' title='bbox 1544 3497 1841 3561; x_wconf 89' lang='lat' dir='ltr'><strong>continuo</strong></span> <span class='ocrx_word' id='word_1_346' title='bbox 1886 3496 2093 3573; x_wconf 87' lang='lat' dir='ltr'><strong>domi,</strong></span> <span class='ocrx_word' id='word_1_347' title='bbox 2146 3494 2513 3582; x_wconf 84' lang='lat' dir='ltr'><strong>praesertim</strong></span> 
     </span>
     <span class='ocr_line' id='line_1_45' title="bbox 468 3573 2515 3668; baseline 0.005 -35"><span class='ocrx_word' id='word_1_348' title='bbox 468 3591 615 3635; x_wconf 87' lang='lat' dir='ltr'><strong>cum</strong></span> <span class='ocrx_word' id='word_1_349' title='bbox 659 3573 861 3639; x_wconf 91' lang='lat' dir='ltr'><strong>multo</strong></span> <span class='ocrx_word' id='word_1_350' title='bbox 903 3576 1110 3663; x_wconf 85' lang='lat' dir='ltr'><strong>magis</strong></span> <span class='ocrx_word' id='word_1_351' title='bbox 1152 3578 1508 3646; x_wconf 83' lang='lat' dir='ltr'><strong>irascantur</strong></span> <span class='ocrx_word' id='word_1_352' title='bbox 1550 3580 1657 3657; x_wconf 90' lang='lat' dir='ltr'><strong>iis,</strong></span> <span class='ocrx_word' id='word_1_353' title='bbox 1710 3580 1821 3666; x_wconf 91' lang='lat' dir='ltr'><strong>qui</strong></span> <span class='ocrx_word' id='word_1_354' title='bbox 1870 3594 2139 3668; x_wconf 86' lang='lat' dir='ltr'><strong>negent,</strong></span> <span class='ocrx_word' id='word_1_355' title='bbox 2193 3604 2391 3667; x_wconf 86' lang='lat' dir='ltr'><strong>quarn</strong></span> <span class='ocrx_word' id='word_1_356' title='bbox 2441 3580 2515 3657; x_wconf 90' lang='lat' dir='ltr'><strong>ei,</strong></span> 
     </span>
     <span class='ocr_line' id='line_1_46' title="bbox 469 3657 2517 3757; baseline 0.005 -39"><span class='ocrx_word' id='word_1_357' title='bbox 469 3676 660 3754; x_wconf 71' lang='lat' dir='ltr'><strong>quem</strong></span> <span class='ocrx_word' id='word_1_358' title='bbox 703 3657 962 3757; x_wconf 72' lang='lat' dir='ltr'><strong>videant</strong></span> <span class='ocrx_word' id='word_1_359' title='bbox 1009 3683 1085 3726; x_wconf 88' lang='lat' dir='ltr'><strong>ea</strong></span> <span class='ocrx_word' id='word_1_360' title='bbox 1131 3684 1324 3728; x_wconf 86' lang='lat' dir='ltr'><strong>causa</strong></span> <span class='ocrx_word' id='word_1_361' title='bbox 1365 3664 1749 3751; x_wconf 78' lang='lat' dir='ltr'><strong>inpeditum,</strong></span> <span class='ocrx_word' id='word_1_362' title='bbox 1800 3676 1873 3730; x_wconf 81' lang='lat' dir='ltr'><strong>ut</strong></span> <span class='ocrx_word' id='word_1_363' title='bbox 1898 3666 2129 3733; x_wconf 85' lang='lat' dir='ltr'><strong>·facere</strong></span> <span class='ocrx_word' id='word_1_364' title='bbox 2165 3666 2341 3750; x_wconf 90' lang='lat' dir='ltr'><strong>quod</strong></span> <span class='ocrx_word' id='word_1_365' title='bbox 2374 3688 2517 3751; x_wconf 86' lang='lat' dir='ltr'><strong>pro-</strong></span> 
     </span>
     <span class='ocr_line' id='line_1_47' title="bbox 471 3746 2517 3834; baseline 0.007 -34"><span class='ocrx_word' id='word_1_366' title='bbox 471 3749 642 3802; x_wconf 72' lang='lat' dir='ltr'><strong>misit</strong></span> <span class='ocrx_word' id='word_1_367' title='bbox 675 3754 921 3825; x_wconf 74' lang='lat' dir='ltr'><strong>cupiat,</strong></span> <span class='ocrx_word' id='word_1_368' title='bbox 959 3746 1014 3808; x_wconf 82' lang='lat' dir='ltr'><strong>si</strong></span> <span class='ocrx_word' id='word_1_369' title='bbox 1048 3746 1180 3811; x_wconf 89' lang='lat' dir='ltr'><strong>ullo</strong></span> <span class='ocrx_word' id='word_1_370' title='bbox 1215 3748 1406 3813; x_wconf 88' lang='lat' dir='ltr'><strong>modo</strong></span> <span class='ocrx_word' id='word_1_371' title='bbox 1440 3750 1657 3834; x_wconf 84' lang='lat' dir='ltr'><strong>possit.</strong></span> <span class='ocrx_word' id='word_1_372' title='bbox 1712 3771 1792 3815; x_wconf 48' lang='lat' dir='ltr'><strong>ac*</strong></span> <span class='ocrx_word' id='word_1_373' title='bbox 1822 3774 1905 3816; x_wconf 90' lang='lat' dir='ltr'><strong>ne</strong></span> <span class='ocrx_word' id='word_1_374' title='bbox 1934 3751 2156 3817; x_wconf 83' lang='lat' dir='ltr'><strong>videar</strong></span> <span class='ocrx_word' id='word_1_375' title='bbox 2192 3752 2517 3817; x_wconf 85' lang='lat' dir='ltr'><strong>aberrasse</strong></span> 
     </span>
    </p>
   </div>
   <div class='ocr_carea' id='block_1_20' title="bbox 417 3822 2625 4091">
    <p class='ocr_par' dir='ltr' id='par_1_20' title="bbox 417 3822 2625 4091">
     <span class='ocr_line' id='line_1_48' title="bbox 457 3822 2516 3923; baseline 0.013 -40"><span class='ocrx_word' id='word_1_376' title='bbox 457 3843 509 3919; x_wconf 67' lang='lat' dir='ltr'><strong>,a</strong></span> <span class='ocrx_word' id='word_1_377' title='bbox 523 3822 982 3921; x_wconf 69' lang='lat' dir='ltr'><strong>&#39;distributione</strong></span> <span class='ocrx_word' id='word_1_378' title='bbox 1015 3852 1180 3907; x_wconf 86' lang='lat' dir='ltr'><strong>mea,</strong></span> <span class='ocrx_word' id='word_1_379' title='bbox 1215 3834 1327 3915; x_wconf 88' lang='lat' dir='ltr'><strong>qui</strong></span> <span class='ocrx_word' id='word_1_380' title='bbox 1364 3834 1525 3900; x_wconf 84' lang='lat' dir='ltr'><strong>haec</strong></span> <span class='ocrx_word' id='word_1_381' title='bbox 1556 3836 1623 3899; x_wconf 90' lang='lat' dir='ltr'><strong>in</strong></span> <span class='ocrx_word' id='word_1_382' title='bbox 1658 3836 1779 3901; x_wconf 85' lang='lat' dir='ltr'><strong>hac</strong></span> <span class='ocrx_word' id='word_1_383' title='bbox 1813 3836 2108 3923; x_wconf 83' lang='lat' dir='ltr'><strong>populari</strong></span> <span class='ocrx_word' id='word_1_384' title='bbox 2142 3848 2325 3922; x_wconf 78' lang='lat' dir='ltr'><strong>parte</strong></span> <span class='ocrx_word' id='word_1_385' title='bbox 2356 3836 2516 3921; x_wconf 74' lang='lat' dir='ltr'><strong>pefi-</strong></span> 
     </span>
     <span class='ocr_line' id='line_1_49' title="bbox 417 3908 2625 4003; baseline 0.009 -37"><span class='ocrx_word' id='word_1_386' title='bbox 417 3938 422 3945; x_wconf 92' lang='lat'><em>·</em></span> <span class='ocrx_word' id='word_1_387' title='bbox 465 3914 654 4001; x_wconf 74' lang='lat' dir='ltr'><strong>tionis</strong></span> <span class='ocrx_word' id='word_1_388' title='bbox 706 3908 1053 3992; x_wconf 86' lang='lat' dir='ltr'><strong>disputem,</strong></span> <span class='ocrx_word' id='word_1_389' title='bbox 1079 3914 1230 4003; x_wconf 28' lang='lat' dir='ltr'><strong>..hoc</strong></span> <span class='ocrx_word' id='word_1_390' title='bbox 1281 3940 1543 4001; x_wconf 86' lang='lat' dir='ltr'><strong>sequor,</strong></span> <span class='ocrx_word' id='word_1_391' title='bbox 1596 3920 1757 3985; x_wconf 79' lang='lat' dir='ltr'><strong>haec</strong></span> <span class='ocrx_word' id='word_1_392' title='bbox 1801 3922 2019 3986; x_wconf 76' lang='lat' dir='ltr'><strong>omnia</strong></span> <span class='ocrx_word' id='word_1_393' title='bbox 2067 3943 2198 3986; x_wconf 86' lang='lat' dir='ltr'><strong>non</strong></span> <span class='ocrx_word' id='word_1_394' title='bbox 2250 3932 2383 3985; x_wconf 85' lang='lat' dir='ltr'><strong>tam</strong></span> <span class='ocrx_word' id='word_1_395' title='bbox 2422 3919 2513 3993; x_wconf 79' lang='lat' dir='ltr'><strong>,ad</strong></span> <span class='ocrx_word' id='word_1_396' title='bbox 2618 3936 2625 3945; x_wconf 84' lang='grc'><em>·</em></span> 
     </span>
     <span class='ocr_line' id='line_1_50' title="bbox 463 3997 2510 4091; baseline 0.016 -46"><span class='ocrx_word' id='word_1_397' title='bbox 463 4004 811 4083; x_wconf 72' lang='lat' dir='ltr'><strong>amicorum</strong></span> <span class='ocrx_word' id='word_1_398' title='bbox 855 3997 1068 4061; x_wconf 85' lang='lat' dir='ltr'><strong>studia</strong></span> <span class='ocrx_word' id='word_1_399' title='bbox 1109 4020 1305 4082; x_wconf 79' lang='lat' dir='ltr'><strong>quam</strong></span> <span class='ocrx_word' id='word_1_400' title='bbox 1351 4003 1437 4067; x_wconf 71' lang='lat' dir='ltr'><strong>ad</strong></span> <span class='ocrx_word' id='word_1_401' title='bbox 1478 4004 1851 4090; x_wconf 70' lang='lat' dir='ltr'><strong>popularem</strong></span> <span class='ocrx_word' id='word_1_402' title='bbox 1895 4005 2139 4073; x_wconf 72' lang='lat' dir='ltr'><strong>famam</strong></span> <span class='ocrx_word' id='word_1_403' title='bbox 2177 4006 2510 4091; x_wconf 62' lang='lat' dir='ltr'><strong>peri-mere·</strong></span> 
     </span>
    </p>
   </div>
  </div>
 </body>
</html>
