2675 4559
470 250 601 317 414
642 261 721 319 M.
758 259 1032 319 TULLII
1064 256 1468 315 CICERONIS
1503 256 2058 316 EPISTOLABUM
2089 257 2236 315 XVI.
2266 259 2428 314 2627.

474 389 731 549 εἶιρὶοαε
767 385 1049 452 officium
1086 381 1408 450 scribendi
1441 403 1638 468 quam
1674 381 2056 448 adsiduitate
2091 381 2459 468 epistolarum.

474 507 514 549 v
578 506 634 549 e.

1388 624 1606 688 XXVI.

1227 730 1344 788 Ser.
1366 747 1512 788 anno
1533 731 1763 786 incerto.

894 835 963 902 Q.
1000 833 1274 891 TIRONI
1310 832 1458 892 SUO
1495 834 1722 892 PLUR.
1761 833 1928 890 SAL.
1963 833 2117 890 DIC.

414 975 437 1013 1
600 949 957 1020 Verberavi
1008 961 1073 1016 te
1124 949 1528 1035 cogitationis
1591 949 1784 1014 tacito
1848 949 2182 1016 dumtaxat
2229 947 2473 1022 convitio,
2546 941 2558 954 '⁸

475 1047 651 1135 quod
682 1045 1029 1112 fasciculus
1062 1043 1225 1109 alter
1250 1043 1335 1110 ad
1368 1067 1474 1110 me
1506 1043 1637 1110 iam
1663 1045 1801 1110 sine
1828 1045 1955 1110 tuis
1991 1044 2211 1110 litteris
2244 1043 2474 1130 perlatus

475 1153 592 1210 est.
644 1164 775 1207 non
810 1151 991 1228 potes
1028 1137 1315 1224 effugere
1351 1137 1540 1204 huius
1569 1139 1794 1224 culpae
1828 1161 2106 1225 poenam
2131 1150 2193 1204 te
2225 1131 2474 1224 patrono:

472 1238 739 1302 Marcus
774 1245 871 1300 est
904 1232 1326 1310 adhibendus,
1363 1233 1546 1316 isque
1582 1233 1692 1296 diu
1727 1244 1792 1299 et
1826 1233 2044 1299 multis
2079 1227 2476 1298 lucubrationi-

473 1333 594 1396 bus
631 1337 1055 1396 commentata
1100 1328 1386 1392 oratione
1431 1327 1577 1393 vide
1621 1339 1695 1393 ut
1736 1328 2013 1414 probare
2059 1327 2254 1414 possit
2295 1337 2352 1392 te
2380 1344 2478 1388 non

413 1444 439 1482 2
474 1444 792 1512 peccasse.
889 1421 1080 1507 plane
1134 1431 1199 1486 te
1252 1441 1444 1508 rogo,
1497 1423 1662 1487 sicut
1711 1422 1869 1488 olim
1923 1435 2194 1488 matrem
2242 1431 2478 1487 nostram

472 1519 685 1584 facere
720 1516 1003 1593 memini,
1040 1537 1207 1600 quae
1243 1516 1512 1604 lagonas
1537 1517 1734 1583 etiam
1754 1517 1980 1584 *inanis
2009 1517 2388 1604 obsignabat,
2419 1535 2478 1577 ne

472 1613 833 1679 dicerentur
874 1611 1097 1676 inanes
1134 1611 1388 1695 aliquae
1425 1611 1655 1689 fuisse,
1698 1633 1868 1696 quae
1914 1612 2142 1678 furtim
2175 1621 2368 1677 essent
2395 1631 2479 1674 ex-

472 1708 747 1773 siccatae
761 1754 779 1783 ,
814 1706 909 1772 sic
944 1717 1015 1770 tu
1028 1754 1045 1784 ,
1090 1705 1342 1770 etiamsi
1375 1707 1554 1789 quod
1587 1707 1831 1772 scribas
1865 1729 2002 1772 non
2039 1705 2324 1782 habebis,
2363 1701 2480 1768 scri·

470 1803 609 1868 bito
651 1812 897 1880 tamen,
950 1823 1032 1866 ne
1076 1799 1321 1865 furtum
1365 1800 1732 1866 cessationis
1778 1801 2178 1885 quaesivisse
2225 1796 2478 1871 videaris;

471 1896 661 1962 valde
704 1895 875 1961 enim
919 1893 1075 1959 mihi
1122 1917 1376 1980 semper
1418 1905 1484 1960 et
1527 1917 1682 1960 vera
1717 1905 1782 1961 et
1825 1896 2044 1962 dulcia
2090 1895 2212 1961 tuis
2247 1891 2478 1981 epistolis

470 1990 865 2056 nuntiantur.
954 2012 1099 2054 ama
1133 2011 1250 2054 nos
1286 1999 1354 2054 et
1387 1989 1552 2054 vale.

1375 2139 1623 2196 XXVII.

1141 2242 1259 2300 Ser.
1278 2243 1492 2300 Romae
1513 2261 1566 2298 a.
1585 2260 1639 2298 ιι.
1660 2261 1710 2298 c.
1732 2244 1850 2300 710.

592 2345 661 2410 Q.
686 2343 973 2402 CICERO
1010 2344 1285 2402 TIRONI
1322 2345 1471 2402 SUO
1510 2345 1676 2402 SAL.
1713 2345 2138 2404 PLURIMAM
2169 2343 2382 2402 chl'r.

410 2477 433 2514 1
596 2458 943 2548 Mirificam
978 2458 1134 2524 mihi
1169 2458 1682 2527 verberationem
1708 2461 2082 2526 cessationis
2117 2460 2368 2548 epistola
2396 2455 2482 2520 de-

469 2555 645 2621 disti:
670 2561 854 2643 nam,
879 2555 1057 2639 quae
1094 2553 1354 2639 parcius
1391 2554 1590 2621 frater
1622 2555 2113 2641 perscripserat,
2150 2551 2482 2623 verecundia

468 2650 762 2716 videlicet
792 2661 857 2715 et
883 2648 1349 2735 properatione,
1379 2673 1456 2716 ea
1482 2661 1554 2714 tu
1581 2649 1719 2715 sine
1748 2650 2209 2728 adsentatione,
2229 2661 2294 2714 ut
2319 2657 2481 2720 erant,

468 2743 552 2810 ad
594 2767 699 2810 me
752 2744 1089 2829 scripsisti,
1144 2755 1209 2810 et
1260 2742 1541 2808 maxime
1597 2743 1680 2808 de
1733 2745 2108 2810 consulibus
2159 2739 2481 2830 designatis,

467 2860 629 2922 quos
658 2860 780 2924 ego
816 2838 1069 2924 penitus
1104 2839 1255 2903 novi
1290 2838 1630 2904 libidinum
1657 2849 1722 2904 et
1753 2839 2084 2926 languoris
2120 2834 2484 2906 effeminatis-

468 2931 613 2996 simi
648 2931 905 3018 [animi]
944 2933 1199 3018 plenos,
1182 2958 1197 2972 ·
1242 2933 1358 3016 qui
1402 2931 1524 2998 nisi
1561 2956 1601 2998 a
1635 2933 2091 3019 gubernaculis
2137 2929 2481 3002 recesserint,

406 3039 431 3078 ²
466 3025 818 3092 maximum
854 3027 937 3091 ab
972 3028 1270 3093 universo
1306 3027 1648 3114 naufragio
1684 3029 2044 3114 periculum
2080 3041 2194 3096 est.
2253 3022 2482 3094 incredi-

466 3121 593 3188 bile
638 3133 764 3200 est,
820 3145 985 3208 quae
1030 3146 1151 3210 ego
1196 3122 1338 3189 illos
1387 3124 1518 3189 seio
1566 3125 1872 3210 oppositis
1921 3124 2256 3193 Gallorum
2293 3119 2480 3188 castris

464 3217 531 3280 in
583 3217 839 3282 aestivis
876 3217 1149 3295 fecisse,
1204 3240 1365 3302 quos
1418 3218 1525 3285 ille
1576 3221 1762 3297 latro,
1815 3220 1938 3285 nisi
1991 3221 2228 3305 aliquid
2273 3214 2479 3282 firmius

464 3311 686 3388 fuerit,
738 3312 1040 3378 societate
1083 3313 1386 3377 vitiorum
1432 3312 1725 3379 deleniet.
1809 3338 1911 3380 res
1958 3327 2056 3380 est
2100 3325 2210 3380 aut
2250 3306 2478 3378 tribuni-

464 3405 577 3469 ciis
632 3417 743 3471 aut
793 3407 1057 3492 privatis
1110 3409 1391 3473 consiliis
1443 3409 1826 3487 munienda3
1880 3433 2030 3475 nam
2080 3409 2187 3475 isti
2235 3409 2352 3472 duo
2392 3403 2479 3466 vix

463 3511 615 3564 sunt
647 3500 845 3586 digni,
881 3501 1117 3584 quibus
1152 3503 1335 3568 alteri
1365 3501 1744 3580 Caesenam,
1781 3505 1962 3571 alteri
1993 3500 2478 3570 Cossutianarum

462 3593 873 3660 tabernarum
907 3597 1327 3663 fundamenta
1361 3600 1606 3664 credas.
1696 3609 1781 3678 te,
1817 3612 1888 3665 ut
1923 3600 2084 3678 dixi,
2122 3599 2254 3666 fero
2289 3593 2475 3661 oculis.

463 3708 585 3772 ego
630 3710 745 3752 vos
793 3713 849 3754 a.
894 3689 961 3754 d.
1004 3715 1093 3757 m.
1130 3693 1219 3758 K.
1257 3692 1491 3758 videbo
1537 3705 1811 3779 tuosque
1857 3696 2102 3773 oculos,
2157 3688 2384 3760 etiamsi
2425 3696 2475 3749 te

462 3781 723 3936 veniens
775 3782 867 3848 in‘
903 3786 1115 3852 medio
1177 3785 1317 3853 foro
1381 3788 1630 3866 videm,
1687 3788 2097 3855 dissaviabor.
2181 3809 2281 3852 me
2336 3801 2474 3848 ama·

460 3895 543 3936 va
568 3897 622 3938 e.

1282 4080 1701 4094 ..ᾖα-

1981 4512 1986 4514 .
2017 4512 2020 4515 ,
2047 4467 2610 4513 ..ka-*Q
