2675 4559
484 260 576 326 90
1098 270 1174 323 Μ.
1202 256 1487 325 ‘TULLII
1523 266 1925 325 CICERONIS

489 396 668 460 cujus
703 392 876 459 modi
912 391 1022 471 sit,
1075 392 1228 458 satis
1263 391 1631 477 intellegere
1666 410 1796 455 non
1829 412 2122 475 possum,
2175 378 2291 456 sed
2325 402 2550 457 tamen

489 490 773 575 suspicor
809 488 892 553 ad
937 498 1000 552 te
1036 510 1176 553 esse
1213 487 1499 551 adlatum
1535 507 1637 550 me
1651 533 1669 563 ,
1703 483 1774 548 in
1808 495 2034 550 senatu
2072 507 2218 550 cum
2255 485 2550 571 disputa-

489 607 623 647 rem
656 582 1007 668 permultos
1037 604 1197 658 esse,
1234 581 1347 665 qui
1380 602 1518 645 rem
1551 578 1876 664 publicam
1904 602 1944 643 a
1969 602 2075 644 me
2102 591 2550 645 conservatam
2659 634 2660 642 ,

489 679 793 754 dolerent,
831 675 1067 740 dixisse
1095 698 1136 740 a
1169 685 1233 740 te
1261 674 1654 760 propinquos
1683 665 1848 750 tuos,
1885 673 2119 756 quibus
2148 695 2389 760 negare
2419 696 2548 739 non

489 770 824 855 potuisses,
860 770 1234 855 impetrasse
1270 778 1344 832 ut
1379 790 1475 843 ea,
1512 788 1676 851 quae
1704 766 2033 831 statuisses
2069 766 2186 831 tibi
2219 767 2290 831 in
2319 779 2550 833 senatu

489 863 569 927 ds
617 886 760 929 mea
800 863 992 929 laude
1029 884 1170 927 esse
1217 860 1519 936 dicenda,
1561 859 1878 925 reticeres.
1970 860 2146 945 quod
2190 883 2337 926 cum
2376 861 2548 927 dice·
2659 846 2660 907 ἶ

489 983 652 1034 rem,
696 957 857 1022 illud
900 956 1192 1032 adiunxi,
1238 956 1393 1020 mihi
1439 966 1653 1020 tecum
1695 954 1787 1019 ita
1822 955 2222 1042 dispertitum
2255 956 2544 1021 officium
2657 1035 2659 1037 V

493 1051 688 1116 fuisse
731 1049 800 1115 in
845 1050 940 1117 rei
982 1050 1283 1136 publicae
1327 1049 1533 1114 salute
1577 1048 1935 1125 retinenda,
1978 1058 2053 1113 ut
2086 1071 2209 1134 ego
2242 1049 2475 1116 urbem
2509 1072 2545 1114 a

493 1144 854 1211 domesticis
896 1143 1141 1209 insidiis
1177 1153 1243 1208 et
1283 1143 1372 1208 ab
1414 1142 1715 1207 intestino
1764 1142 2027 1219 scelere,
2071 1154 2143 1207 tu
2178 1143 2440 1208 Italiam
2484 1156 2544 1208 et
2661 1187 2662 1202 ,

493 1239 573 1303 ab
613 1237 867 1302 armatis
910 1236 1200 1301 hostibus
1237 1247 1302 1301 et
1345 1237 1430 1300 ab
1474 1236 1726 1302 occulta
1762 1235 2194 1302 coniuratione
2239 1236 2545 1302 defende·

489 1355 589 1395 res
605 1379 619 1407 ‚
674 1340 864 1413 atque
909 1330 1075 1395 hanc
1117 1340 1402 1395 nostram
1448 1329 1609 1395 tanti
1646 1339 1710 1395 et
1753 1323 1885 1393 tam
1917 1329 2227 1415 praeclari
2261 1330 2543 1396 muneris

493 1423 858 1488 ansietatem
892 1446 932 1489 a
967 1424 1094 1489 tuis
1129 1424 1505 1509 propinquis
1543 1422 2015 1501 labefactatam,
2053 1424 2184 1508 qui,
2221 1446 2374 1489 cum
2410 1436 2484 1490 tu
2509 1447 2546 1489 a

489 1539 593 1579 me
635 1517 826 1582 rebus
873 1517 1278 1603 amplissimis
1325 1528 1519 1601 atque
1577 1516 2223 1583 honorificentissimis
2279 1529 2542 1584 ornatus

489 1634 682 1690 esses,
717 1611 1079 1678 timuissent
1106 1635 1187 1678 ne
1217 1634 1383 1696 quae
1410 1611 1568 1676 mihi
1596 1634 1746 1697 pars
1780 1612 1896 1676 abs
1932 1621 1997 1677 te
2024 1612 2371 1677 voluntatis
2407 1635 2543 1677 mu-

433 1735 445 1752 .-
493 1719 561 1771 tu
569 1727 641 1771 ae
677 1705 1082 1772 tribueretur.
1138 1706 1261 1771 hoc
1289 1706 1355 1770 in
1394 1727 1683 1771 sermone
1711 1728 1857 1770 cum
1885 1728 1924 1769 a
1956 1728 2059 1771 me
2096 1716 2539 1792 exponeretur,

489 1819 655 1883 quae
688 1822 836 1866 mea
869 1800 1256 1885 exspectatio
1291 1799 1519 1865 fuisset
1553 1799 1852 1864 orationis
1889 1809 2036 1865 tuae
2072 1810 2447 1884 quantoque
2480 1802 2543 1865 in

493 1915 701 1958 errore
736 1905 1024 1958 versatus
1061 1916 1297 1969 essem,
1343 1892 1483 1957 visa
1527 1903 1624 1957 est
1669 1893 1870 1957 oratio
1913 1916 2041 1958 non
2085 1893 2439 1959 iniucunda
2484 1906 2541 1958 et

489 1986 824 2054 mediocris
840 1987 1102 2071 quidam
1122 1998 1218 2053 est
1242 1986 1410 2051 risus
1430 1998 1829 2066 consecutus,
1848 2009 1980 2051 non
2003 1988 2071 2051 in
2088 1999 2172 2064 te,
2202 1989 2318 2053 sed
2333 1988 2541 2075 magis

489 2083 557 2143 in
585 2102 858 2144 errorem
889 2103 1104 2145 meum
1132 2092 1200 2145 et
1225 2081 1398 2163 quod
1425 2102 1528 2145 me
1547 2079 1663 2145 abs
1688 2091 1753 2145 te
1772 2082 2023 2166 cupisse
2048 2082 2295 2147 laudari
2323 2093 2541 2169 aperte

489 2183 680 2255 atque
699 2173 974 2258 ingenue
993 2174 1359 2239 confitebar.
1412 2173 1541 2238 iam
1566 2172 1690 2239 hoc
1706 2196 1837 2239 non
1852 2185 2062 2260 potest
2084 2176 2151 2241 in
2177 2187 2240 2240 te
2266 2197 2405 2241 non
2433 2176 2542 2241 ho-

489 2265 745 2330 norifice
775 2289 913 2331 esse
941 2266 1202 2344 dictum,
1239 2289 1343 2331 me
1379 2267 1445 2331 in
1482 2266 1845 2333 clarissimis
1873 2268 2031 2333 meis
2060 2280 2251 2353 atque
2280 2270 2540 2356 amplis-

489 2358 662 2422 simis
691 2358 882 2424 rebus
919 2371 1132 2426 tamen
1160 2360 1423 2443 aliquod
1449 2361 1882 2427 testimonium
1916 2373 2064 2428 tuae
2090 2362 2264 2428 vocis
2300 2362 2538 2429 habere
2656 2442 2658 2459 A

489 2451 782 2517 voluisse.
870 2455 1046 2538 quod
1080 2467 1296 2521 autem
1329 2456 1423 2521 ita
1458 2455 1710 2532 scribiS‚
1759 2462 1905 2542 ‘pro
1946 2470 2170 2522 mutuo
2213 2458 2381 2522 inter
2426 2478 2537 2524 nos

489 2547 749 2626 animo,'
794 2549 952 2633 quid
995 2561 1066 2615 tu
1101 2550 1424 2616 existimes
1460 2573 1599 2617 esse
1642 2551 1710 2614 in
1744 2551 2022 2617 amicitia
2054 2563 2384 2630 mutuum,
2431 2575 2538 2619 ne-

489 2643 617 2707 seio
628 2666 648 2719 3
695 2643 992 2726 equidem
1035 2642 1159 2709 hoc
1202 2644 1501 2721 arbitror,
1548 2666 1697 2711 cum
1740 2666 1857 2729 par
1900 2646 2192 2711 voluntas
2229 2646 2539 2733 accipitur

489 2747 553 2799 et
589 2737 891 2803 redditur.
981 2760 1102 2823 ego
1140 2738 1196 2802 si
1230 2739 1354 2804 hoc
1390 2739 1619 2816 dicam,
1655 2760 1757 2803 me
1794 2750 1907 2803 tua
1940 2762 2135 2805 causa
2165 2741 2539 2826 praetermi-

493 2831 658 2895 sisse.
681 2831 1096 2914 provinciam,
1134 2831 1250 2894 tibi
1284 2832 1424 2916 ipse
1458 2831 1660 2896 levior
1694 2832 1915 2924 videar
1948 2855 2086 2900 esse
2094 2858 2115 2912 3
2147 2856 2331 2901 meae
2365 2834 2538 2900 enim

487 2923 762 2995 rationes
804 2923 894 2987 ita
938 2924 1220 2989 tulerunt
1263 2936 1458 3008 atque
1494 2926 1629 2990 eius
1671 2925 1800 2992 mei
1846 2927 2088 2993 consilii
2126 2928 2438 2995 maiorem
2470 2929 2537 2993 in

489 3015 621 3079 dies
664 3015 950 3102 singulos
993 3017 1276 3082 fructum
1329 3019 1852 3105 voluptatemque
1896 3021 2104 3107 capio:
2159 3022 2318 3087 iuud
2366 3023 2534 3099 dieo,

489 3131 618 3187 me,
653 3118 725 3173 ut
757 3110 1034 3195 primum
1068 3111 1137 3176 in
1171 3112 1466 3178 contione
1501 3112 1895 3198 provinciam
1930 3115 2360 3201 deposuerim,
2410 3128 2536 3182 sta·

486 3203 628 3279 tim,
682 3224 872 3287 quem
909 3205 993 3270 ad
1035 3205 1298 3271 modum
1335 3229 1480 3272 eam
1508 3207 1641 3272 -tibi
1676 3208 2021 3288 traderem,
2074 3210 2355 3297 cogitare
2392 3232 2536 3277 coe-

485 3299 674 3379 pisse.
725 3297 884 3362 nihil
919 3299 1061 3364 dico
1099 3300 1178 3364 de
1207 3301 1534 3366 sortitione
1570 3313 1809 3366 vestra:
1846 3313 2094 3367 tantum
2129 3316 2190 3369 te
2226 3304 2534 3392 suspicari

487 3391 652 3467 mIo,
687 3391 845 3455 nihil
880 3392 945 3457 in
982 3415 1059 3457 ea
1084 3415 1154 3457 re
1188 3416 1305 3479 per
1333 3395 1644 3481 collegam
1672 3418 1889 3461 meum
1917 3420 2019 3462 me
2053 3397 2360 3465 insciente
2394 3420 2533 3463 esse

485 3487 745 3548 fastum.
833 3486 1165 3551 recordare
1217 3499 1455 3553 cetera:
1510 3510 1702 3571 quam
1755 3490 1880 3555 cito
1933 3503 2223 3557 senatum
2273 3493 2383 3558 illo
2431 3492 2533 3557 die

485 3579 657 3643 fasta
683 3578 1006 3644 sortitione
1025 3582 1365 3666 coegerim,
1394 3605 1586 3666 quam
1615 3586 1817 3651 multa
1834 3587 1914 3653 de
1941 3598 2004 3651 te
2031 3588 2229 3653 verba
2253 3588 2533 3663 fecerim,

485 3695 633 3739 [zum
666 3682 738 3736 tu
780 3672 918 3758 ipse
953 3674 1111 3738 mihi
1155 3675 1371 3741 dixisti
1415 3679 1765 3744 orationem
1808 3704 2017 3747 meam
2062 3703 2191 3747 non
2227 3684 2433 3748 solum
2467 3682 2534 3747 in

485 3779 545 3831 te
585 3767 1012 3847 honorificam,
1048 3769 1163 3836 sed
1190 3770 1382 3836 etiam
1416 3773 1485 3837 in
1519 3774 1795 3861 collegas
1829 3786 1974 3841 tuos
2009 3777 2535 3843 contumeliosam
2636 3799 2643 3821 ³

430 3917 432 3919 .
485 3863 703 3928 fuisse.
761 3862 892 3928 iam
924 3863 1085 3928 illud
1119 3876 1376 3931 senatus
1412 3869 1792 3947 consultum,
1829 3870 2003 3953 quod
2038 3892 2114 3935 eo
2150 3870 2254 3937 die
2289 3870 2533 3935 factum

485 3966 607 4027 est,
660 3977 739 4021 ea
769 3958 1225 4045 perscriptione
1269 3971 1397 4039 est,
1442 3972 1543 4039 ut,
1599 3962 1753 4027 dum
1785 3961 1854 4028 id
1899 3964 2203 4040 exstabit,
2248 3961 2531 4029 officium

485 4071 705 4126 meum,
729 4051 798 4115 in
833 4062 896 4117 te
923 4053 1268 4121 obscurum
1297 4078 1436 4122 esse
1464 4078 1593 4121 non
1626 4056 1844 4141 possit.
1897 4069 2123 4143 postea
2156 4081 2308 4125 vero
2333 4079 2532 4143 quam
