2675 4559
641 252 1199 310 EPISTOLARUM
1229 254 1395 309 XIII.
1432 255 1672 312 34—39.
2059 241 2189 308 339

994 424 1303 482 XXXVII.

764 525 883 582 Scr.
901 526 1117 583 Romae
1136 545 1285 583 anno
1302 528 1536 585 incerto.

512 630 780 685 CICERO
813 631 1078 686 ACILIO
1110 632 1614 687 PROCONSULI
1641 633 1800 688 SAL.

268 752 599 842 Hippiam,
633 749 978 818 Philoxeni
1009 752 1246 831 filium,
1284 751 1722 833 Calactinum,
1768 752 2086 841 hospitem
2121 766 2185 823 et

160 847 557 914 necessarium
590 867 835 921 meum,
880 845 997 911 tibi
1033 847 1411 913 commendo
1445 848 1514 912 in
1547 848 1854 915 maiorem
1890 848 2182 914 modum:

160 943 273 1008 eius
305 943 489 1018 bona,
526 962 723 1026 quem
747 941 832 1006 ad
858 941 1125 1006 modum
1150 941 1235 1007 ad
1270 965 1375 1008 me
1401 942 1612 1008 delata
1645 964 1747 1008 res
1775 953 1892 1020 est,
1928 941 2184 1029 publice

158 1037 531 1122 possidentur
590 1036 799 1101 alieno
859 1036 1115 1102 nomine
1170 1047 1391 1102 contra
1450 1037 1627 1124 leges
1683 1033 2182 1102 Calactinorum.

157 1132 213 1195 id
241 1132 290 1196 si
320 1131 407 1197 ita
440 1142 558 1210 est,
592 1131 787 1197 etiam
823 1131 958 1198 sine
993 1155 1139 1198 mea
1174 1131 1722 1198 commendatione
1751 1134 1834 1197 ab
1863 1132 2184 1218 aequitate

158 1237 251 1290 tua
280 1248 374 1293 res
416 1226 561 1314 ipsa
601 1225 946 1312 impetrare
981 1225 1203 1305 debet,
1248 1238 1321 1292 ut
1367 1228 1428 1293 ei
1471 1225 1833 1294 subvenias.
1923 1247 2185 1312 quoquo

158 1319 320 1386 modo
352 1331 569 1386 autem
594 1341 663 1386 ne
690 1342 793 1386 res
827 1319 1042 1398 habet,
1076 1332 1227 1407 peto
1253 1345 1293 1387 a
1319 1332 1403 1399 te,
1440 1331 1514 1386 ut
1547 1321 1808 1387 honoris
1835 1322 1962 1388 mei
1991 1343 2186 1388 causa

158 1436 282 1479 eum
311 1415 613 1502 expedias
647 1424 1026 1500 tantumque
1062 1416 1121 1480 ei
1156 1415 1524 1482 commodes
1552 1425 1616 1482 et
1651 1415 1720 1482 in
1754 1415 1878 1481 hac
1912 1437 1982 1482 re
2018 1427 2084 1483 et
2117 1415 2188 1481 in

157 1508 379 1588 ceteris,
413 1518 731 1594 quantum
765 1518 878 1575 tua
911 1508 1079 1576 fides
1111 1509 1522 1596 dignitasque
1556 1510 1863 1596 patietur:
1915 1510 1985 1575 id
2029 1508 2187 1575 mihi

156 1603 535 1669 vehementer
570 1613 829 1689 gratum
864 1603 1002 1669 erit.

978 1752 1315 1809 XXXVIII.

770 1855 888 1912 Scr.
904 1855 1120 1912 Romae
1140 1872 1286 1911 anno
1305 1856 1538 1912 incer-tc.

500 1959 776 2014 CICERO
810 1960 1071 2014 ACILIO
1105 1959 1608 2014 PROCONSULI
1633 1959 1794 2013 SAL.

257 2071 333 2136 L.
365 2071 683 2149 Bruttius,
719 2092 915 2156 eques
950 2072 1303 2148 Romanus,
1343 2070 1717 2138 adulescens
1752 2071 2051 2136 omnibus
2084 2093 2186 2137 re·-

152 2164 252 2229 bus
290 2177 578 2242 ornatus,
620 2165 690 2230 in
731 2164 892 2231 meis
937 2164 1450 2232 familiarissimis
1485 2179 1573 2232 est
1616 2187 1850 2251 meque
1886 2165 2186 2232 observat

149 2257 623 2344 diligentissime,
657 2259 845 2324 cuius
881 2280 1028 2325 cum
1064 2271 1245 2346 patre
1280 2283 1520 2348 magna
1552 2260 1713 2328 mihi
1746 2261 1871 2327 fuit
1905 2259 2184 2326 amicitia

149 2351 257 2417 iam
286 2353 429 2420 inde
463 2378 505 2419 a
540 2364 888 2438 quaestura
932 2377 1078 2421 mea
1114 2351 1456 2421 Siciliensi.
1536 2355 1794 2422 omnino
1828 2376 2002 2422 nunc
2043 2354 2183 2442 ipse

149 2445 407 2513 Bruttius
442 2449 694 2514 Romae
737 2470 993 2515 mecum
1037 2460 1161 2527 est3
1207 2449 1323 2516 sed
1368 2460 1584 2516 tamen
1628 2449 1892 2515 domum
1936 2449 2074 2515 eius
2119 2459 2184 2515 et

149 2560 261 2607 rem
307 2541 688 2608 familiarem
738 2551 805 2608 et
852 2539 1298 2629 procuratores
1343 2543 1462 2609 tibi
1508 2545 1602 2611 sic
1647 2543 2058 2620 commende,
2110 2553 2184 2608 ut

149 2635 356 2702 maiore
416 2635 631 2703 studio
685 2637 1130 2703 commendare
1182 2660 1313 2703 non
1375 2638 1637 2724 possim.
1743 2636 2181 2723 gratissimum

148 2728 278 2794 mihi
308 2731 557 2809 fecerisz,
594 2731 652 2796 si
686 2732 948 2810 curaris,
983 2743 1059 2798 ut
1091 2732 1425 2818 intellegat
1456 2732 1774 2808 Bruttius,
1809 2731 1877 2795 id
1911 2730 2087 2815 quod
2121 2730 2182 2796 ei

147 2825 357 2910 recepi,
408 2825 579 2892 hanc
628 2847 841 2892 meam
885 2825 1500 2893 commendationem
1546 2825 1670 2892 sibi
1714 2847 1953 2912 magno
2001 2824 2183 2891 adiu-

148 2930 333 2986 mento
366 2920 588 2987 fuisse.

1010 3071 1310 3127 XXXIX.

766 3172 882 3230 Sor.
899 3173 1116 3231 Romae
1135 3191 1283 3230 anno
1302 3174 1536 3230 incerto.

500 3278 778 3332 CICERO
811 3278 1071 3334 ACILIO
1103 3278 1606 3334 PROCONSULI
1633 3279 1792 3333 SAL.

257 3385 425 3456 Cum
456 3391 703 3456 familia
736 3391 1034 3458 Titurnia
1066 3390 1475 3458 necessitudo
1511 3390 1670 3456 mihi
1702 3388 2042 3456 intercedit
2073 3411 2186 3456 ve-

57 3516 60 3522 ·
147 3487 261 3556 tus,
304 3505 385 3548 ex
428 3505 559 3568 qua
601 3485 887 3570 reliquus
932 3496 1030 3552 est
1062 3485 1161 3550 M.
1202 3485 1537 3551 Titurnius
1572 3484 1818 3562 Rufus,
1870 3484 1983 3569 qui
2027 3481 2185 3549 mihi

147 3576 299 3640 omni
341 3578 674 3665 diligentia
726 3591 920 3665 atque
967 3579 1180 3646 officio
1224 3591 1322 3647 est
1365 3580 1676 3657 tuendus3
1729 3589 1826 3645 est
1877 3579 2074 3666 igitur
2115 3577 2186 3644 in

144 3675 242 3732 tua
271 3683 602 3756 potestate,
638 3685 714 3739 ut
748 3674 907 3740 ille'
887 3699 957 3740 m
992 3697 1095 3740 me
1123 3673 1277 3740 satis
1314 3672 1438 3740 sibi
1472 3673 1773 3760 praesidii
1805 3683 1992 3760 putet
2023 3695 2183 3738 esse.

146 3777 514 3855 quapropter
556 3791 705 3835 eum
749 3768 866 3834 tibi
910 3767 1352 3835 commendo
1331 3791 1402 3832 m
1455 3767 1761 3833 maiorem
1805 3766 2068 3832 modum
2121 3776 2188 3831 et

145 3854 247 3920 abs
278 3870 341 3926 te
385 3871 567 3947 peto,
614 3863 885 3941 efficias,
932 3875 1007 3928 ut
1047 3863 1101 3929 is
1136 3863 1756 3929 commendationem
1801 3859 1968 3927 hanc
2001 3861 2189 3929 intel-

147 3945 300 4034 legat
344 3955 468 4020 sibi
518 3979 757 4044 magno
802 3958 1170 4024 adiumento
1212 3956 1441 4024 fuisse·
1506 3957 1623 4023 erit
1677 3959 1748 4022 id
1795 3954 1954 4020 mihi
1995 3955 2189 4022 vehe-

143 4057 370 4114 menter
402 4067 680 4136 gratum.

1720 4151 1791 4206 22
1803 4152 1828 4180 0
