2675 4559
787 250 1345 310 EPISTOLARUM
1377 253 1483 307 111.
1522 256 1569 307 1.
1588 254 1640 308 2.
2156 242 2240 308 47

166 384 375 450 biduo
411 381 622 447 faetus
659 389 758 445 est
791 377 950 442 mihi
984 374 1347 451 familiariS,
1391 376 1481 440 ita
1516 386 1761 455 tamen,
1814 389 1885 444 ut
1921 378 2241 447 Phaniam

163 478 366 543 valde
423 474 544 541 sim
595 472 1100 548 desideraturus,
1163 491 1357 553 quem
1410 490 1557 536 cum
1608 471 1885 539 Romam
1936 476 2240 555 remittes,

163 572 352 657 quod
365 620 385 649 ,
433 581 506 635 ut
538 566 956 655 putabamus,
995 562 1282 632 celeriter
1317 585 1458 631 eras
1492 561 1779 634 facturus
1794 616 1812 646 ,
1850 570 2145 637 omnibus
2182 572 2241 639 ei

163 668 252 732 de
285 665 508 741 rebus,
543 685 708 747 quas
747 660 874 748 agi,
911 682 1071 745 quas
1107 661 1316 726 curari
1352 683 1393 725 a
1427 681 1529 727 me
1565 663 1761 739 voles,
1797 665 2099 732 mandata
2126 666 2240 733 des

163 760 388 826 velim.
445 758 529 822 L.
556 757 894 824 Valerium
929 756 1431 822 iureconsultum
1468 757 1655 822 valde
1691 758 1809 821 tibi
1844 762 2238 839 commende,
2276 778 2301 819 3

163 855 288 921 sed
323 854 416 918 ita
453 853 676 928 etiam,
723 852 780 917 si
821 872 954 915 non
989 861 1085 916 est
1118 851 1258 917 iure
1293 851 1652 916 consultus:
1700 852 1927 920 melius
1974 856 2145 921 enim
2178 858 2240 922 ei

167 971 404 1015 cavere
441 947 590 1011 volo
625 968 821 1031 quam
855 946 994 1031 ipse
1027 945 1166 1009 aliis
1203 945 1383 1011 solet.
1439 946 1627 1011 valde
1662 946 1987 1014 hominem
2014 950 2209 1037 diligo
2220 976 2239 1029 3

167 1055 268 1109 e'st
303 1065 392 1108 ex
417 1043 580 1107 meis
609 1040 972 1107 domesticis
1001 1050 1195 1124 atque
1221 1039 1461 1105 intimis
1486 1038 1929 1108 familiaribus.
1983 1046 2240 1111 omnino

167 1137 288 1201 tibi
327 1136 465 1225 agit
497 1136 760 1223 gratias,
797 1134 912 1200 sed
946 1134 1117 1199 idem
1155 1134 1374 1199 scribit
1406 1158 1585 1201 meas
1618 1136 1861 1202 litteras
1889 1138 2241 1205 maximum

165 1232 350 1318 apud
392 1237 460 1296 te
501 1229 757 1315 pondus
802 1228 1149 1295 habituras.
1249 1229 1318 1294 id
1362 1252 1513 1295 eum
1557 1253 1638 1297 ne
1684 1232 1895 1309 fallat,
1951 1245 2008 1298 te
2048 1234 2239 1300 etiam

169 1336 367 1410 atque
405 1325 600 1391 etiam
635 1345 813 1410 rogo·
2348 1328 2351 1333 ’

1163 1560 1240 1615 Π.

707 1660 843 1740 Ser.
863 1660 1076 1719 Romae
1097 1681 1147 1718 a.
1167 1680 1222 1717 u.
1243 1680 1292 1717 c.
1313 1662 1415 1717 703
1434 1663 1679 1719 ineunte.

289 1766 370 1821 M.
411 1763 688 1823 CICERO
725 1764 1036 1821 PROCOS.
1078 1764 1133 1821 S.
1171 1760 1242 1819 D.
1281 1763 1518 1820 APPIO
1557 1764 1922 1824 PULCHRO
1959 1770 2115 1825 IMP.

301 1887 480 1958 Cum
525 1900 592 1955 et
635 1898 854 1955 contra
898 1890 1293 1955 voluntatem
1337 1911 1550 1954 meam
1592 1899 1656 1955 et
1698 1901 1954 1976 praeter
1996 1892 2240 1977 opinio—
2277 1916 2299 1953 1

167 2008 324 2051 nem
359 1984 728 2061 accidisset,
771 1994 843 2049 ut
879 1983 1038 2049 mihi
1072 2006 1220 2049 cum
1253 1983 1523 2069 imperio
1558 1984 1627 2048 in
1660 1985 2057 2071 provinciam
2092 2008 2239 2073 pro·-

169 2079 375 2145 ficisei
410 2100 675 2145 necesse
719 2089 918 2155 esset,
963 2078 1030 2143 in
1064 2078 1281 2143 multis
1318 2089 1383 2143 et
1426 2079 1619 2145 variis
1654 2081 1960 2146 molestiis
1997 2083 2241 2169 cogita-

167 2174 586 2257 tionibusque
637 2173 798 2239 meis
839 2172 999 2238 haec
1045 2196 1174 2238 una
1218 2173 1567 2239 consolatio
1610 2177 2011 2255 occurrebat,
2064 2180 2240 2263 quod

169 2290 383 2353 neque
419 2268 539 2336 tibi
573 2268 877 2345 amiciors
892 2288 1089 2351 quam
1117 2288 1240 2353 ego
1267 2290 1433 2345 sum,
1468 2269 1809 2353 quisquam
1842 2284 2062 2357 posset
2094 2294 2239 2339 suc-

171 2364 404 2429 cedere
439 2384 652 2447 neque
677 2384 802 2448 ego
829 2362 912 2427 ab
939 2362 1072 2427 ullo
1107 2362 1500 2447 provinciam
1528 2365 1837 2450 accipere,
1874 2367 1987 2451 qui
2019 2367 2240 2435 mallet

171 2480 320 2523 eam
363 2478 564 2541 quam
605 2457 882 2523 maxime
935 2456 1092 2521 mihi
1136 2468 1353 2544 aptam
1407 2460 1915 2545 explicatamque
1966 2463 2235 2529 tradere.

169 2551 350 2637 quod
404 2552 460 2618 si
514 2562 586 2616 tu
639 2572 894 2635 quoque
947 2552 1218 2617 eandem
1271 2552 1353 2618 de
1406 2576 1549 2618 mea
1600 2553 1929 2621 voluntate
1974 2577 2129 2643 erga
2172 2569 2237 2624 te

173 2668 358 2732 spem
391 2644 616 2721 habes,
653 2667 732 2711 ea
753 2656 818 2711 te
847 2645 1135 2731 profecto
1163 2666 1521 2729 numquam
1545 2646 1743 2713 fallet.
1801 2672 1841 2713 a
1869 2660 1932 2714 te
1958 2650 2237 2717 maximo

173 2762 370 2825 opere
418 2760 534 2824 pro
579 2749 797 2804 nostra
849 2762 1100 2805 summa
1145 2740 1589 2807 coniunctione
1641 2752 1879 2824 tuaque
1930 2742 2239 2829 singulari

172 2832 576 2900 humanitate
613 2834 806 2899 etiam
841 2844 1032 2917 atque
1063 2835 1256 2900 etiam
1289 2856 1531 2919 quaeso
1562 2846 1626 2901 et
1658 2847 1809 2921 peto
1843 2848 1937 2914 ut,
1973 2837 2237 2921 quibus-

171 2949 455 3012 cumque
487 2928 680 2993 rebus
725 2929 962 3013 poteris
997 2964 1085 2975 -—
1117 2929 1357 3015 poteris
1394 2942 1612 2997 autem
1644 2930 1936 3017 plurimis
1969 2964 2057 2981 ——·-
2085 2948 2237 3019 pro·-

172 3024 410 3110 spicias
463 3034 530 3088 et
582 3024 878 3089 consulas
929 3024 1284 3090 rationibus
1336 3025 1517 3090 meis.
1606 3024 1787 3093 vides
1840 3049 1921 3093 ex
1974 3039 2235 3095 senatus
2269 3046 2295 3083 2

169 3118 467 3183 consulto
503 3117 898 3202 provinciam
945 3141 1085 3185 esse
1129 3117 1523 3184 habendam:
1578 3121 1633 3185 si
1668 3142 1839 3198 eam,
1887 3124 2061 3206 quod
2096 3125 2235 3191 eius

167 3212 387 3278 facere
439 3212 754 3297 potueris,
807 3234 1002 3297 quam
1055 3211 1621 3297 expeditissumam
1672 3214 1829 3278 mihi
1880 3216 2237 3293 tradideris,

167 3305 423 3371 facilior
468 3305 588 3373 erit
628 3306 788 3371 mihi
831 3306 1018 3390 quasi
1052 3305 1361 3371 decursus
1395 3305 1523 3371 mei
1566 3307 1888 3393 temporis.
1978 3309 2136 3392 quid
2169 3310 2237 3374 in

169 3422 246 3464 eo
282 3420 524 3485 genere
559 3400 814 3466 efficere
859 3401 1094 3487 possis,
1149 3400 1245 3465 tui
1289 3400 1537 3465 consilii
1579 3412 1703 3478 est3
1758 3422 1879 3488 ego
1912 3412 2009 3481 te,
2062 3406 2237 3489 quod

167 3493 290 3557 tibi
323 3494 541 3560 veniet
581 3494 650 3559 in
684 3506 965 3561 mentem
999 3518 1143 3561 mea
1177 3495 1515 3573 interesse,
1550 3496 1737 3562 valde
1772 3514 1949 3583 roge.
2030 3498 2237 3584 pluri-

170 3588 295 3653 bus
331 3587 547 3653 verbis
586 3589 670 3654 ad
703 3600 768 3655 te
804 3589 1166 3667 scriberem,
1205 3590 1259 3655 si
1296 3602 1410 3656 aut
1442 3602 1555 3658 tua
1589 3591 1953 3658 humanitas
1988 3592 2235 3681 longio-

169 3703 307 3746 rem
361 3682 717 3749 orationem
769 3695 1170 3769 exspectaret
1223 3697 1335 3750 aut
1387 3686 1457 3751 id
1507 3686 1645 3752 fieri
1695 3698 1913 3753 nostra
1958 3688 2237 3753 amicitia

169 3786 504 3862 pateretur
555 3789 669 3844 aut
711 3800 814 3846 res
858 3779 1058 3845 verba
1100 3779 1489 3847 desideraret
1532 3804 1609 3846 ac
1652 3804 1785 3847 non
1818 3802 1936 3867 pro
1981 3802 2051 3845 se
2094 3780 2236 3866 ipsa

168 3871 563 3955 loqueretur.
618 3873 741 3939 hoc
775 3870 968 3939 velim
1001 3873 1119 3939 tibi
1151 3874 1562 3961 persuadeas,
1600 3875 1655 3941 si
1688 3874 2041 3940 rationibus
2074 3875 2234 3941 meis

169 3965 506 4050 provisum
541 3990 584 4031 a
615 3976 679 4034 te
707 3990 844 4034 esse
871 3968 1266 4045 intellexere,
1299 3989 1603 4055 magnam
1628 3993 1733 4036 me
1768 3990 1849 4037 ex
1886 3990 1961 4037 eo
1992 3980 2055 4037 et
2088 3992 2237 4057 per-

169 4071 436 4145 petuam
471 4062 864 4150 voluptatem
898 4086 1038 4131 esse
1075 4074 1431 4150 capturum.
