2675 4559
473 304 603 372 212
895 376 912 392 „
1094 314 1171 368 M.
1210 312 1486 370 TULLII
1521 308 1937 367 CICERONIS.
1966 352 1972 357 .

476 440 624 508 ders
656 459 788 506 non
821 449 1007 526 potes
1041 458 1252 522 neque
1288 434 1482 501 ollam
1517 433 1923 500 denariorum
1955 432 2206 519 inplere,
2237 429 2462 497 Romam

476 539 588 600 tihi
626 532 1100 620 remigrandum
1132 541 1260 597 est:
1299 530 1498 596 satius
1535 540 1630 594 est
1666 527 1772 592 hic
1809 528 2116 593 cruditate
2151 547 2326 610 quam
2352 525 2463 589 istic

476 632 664 696 fame.
751 626 937 693 video
973 638 1037 692 te
1073 627 1244 691 bona
1277 623 1662 710 perdidisse3
1712 644 1902 709 spero
1936 621 2110 688 idem
2139 620 2293 685 istuc
2320 618 2467 684 fami-

476 728 644 788 liaris
684 733 847 790 tuos.
935 732 1150 787 actum
1184 720 1383 807 igitur
1418 719 1498 786 de
1534 729 1599 784 te
1635 729 1752 795 est,
1787 717 1911 782 nisi
1944 715 2250 802 provides.
2327 724 2466 800 potes

479 820 652 880 mulo
684 817 840 895 ist0,
886 837 1080 901 quem
1125 815 1245 881 tibi
1279 814 1598 899 reliquum
1635 811 1796 877 dicis
1833 834 2002 887 esse,
2046 810 2330 895 quoniam
2357 829 2470 873 can-

476 912 750 977 therium
803 909 1168 987 comedisti,
1214 909 1491 975 Romam
1543 898 1858 994 pervehi.‘
1925 906 2080 971 sella
2130 903 2240 975 tibi
2286 901 2386 968 erit
2422 901 2470 963 in

476 1008 628 1068 ludo
664 1020 990 1091 tamquam
1025 1001 1528 1090 hypodidascalo
1558 999 1882 1087 proxima;
1920 1022 2064 1066 eam
2097 997 2372 1085 pulvinus
2400 1016 2472 1059 se-

480 1116 625 1184 quet
638 1124 728 1166 ur.

1435 1297 1596 1352 XIX.

942 1400 1059 1456 Ser.
1078 1401 1293 1456 Romae
1310 1417 1502 1456 meuse
1525 1398 1721 1456 Sextili
1741 1416 1791 1455 a.
1810 1417 1865 1453 u.
1886 1415 1935 1454 c.
1958 1399 2078 1454 708.

1104 1501 1382 1560 CICERO
1421 1501 1477 1559 S.
1515 1502 1589 1556 D.
1627 1500 1905 1557 PAETO.

608 1620 854 1687 Tamen
909 1641 949 1684 a
999 1617 1243 1684 malitia
1294 1638 1426 1683 non
1478 1615 1792 1682 discedis?
1844 1616 2172 1682 tenuiculo
2223 1613 2482 1698 adparatu
2593 1622 2596 1703 ζ

480 1716 799 1800 sigifificas
835 1713 1119 1778 Balbum
1152 1712 1357 1779 fuisse
1392 1722 1782 1777 contentum.
1871 1710 2000 1776 hoc
2035 1709 2262 1776 videris
2296 1707 2481 1777 dicere,
2594 1778 2595 1782 η

480 1832 624 1872 eum
660 1831 846 1895 reges
883 1820 1017 1874 tam
1065 1809 1193 1874 sint
1228 1808 1654 1883 continentes,
1701 1806 1906 1871 multo
1943 1807 2153 1893 magis
2189 1798 2483 1871 consularis

480 1928 616 1968 esse
672 1913 983 1988 oportere.
1089 1903 1297 1968 nescis
1363 1925 1467 1968 me
1530 1901 1614 1966 ab
1666 1900 1777 1965 illo
1833 1901 2053 1966 omnia
2115 1899 2482 1986 expiscatum
2594 1904 2595 1910 ’

480 2012 652 2064 reo-ta
688 1999 862 2064 enim
897 2020 939 2062 a
981 2009 1168 2082 porta
1212 1997 1476 2062 domum
1521 2019 1731 2062 meam
1765 1997 1969 2063 venit:
2028 2017 2235 2081 neque
2267 1994 2374 2058 hoo
2403 1989 2485 2055 ad-
2593 2001 2596 2067 j

480 2092 698 2167 miror,
753 2091 928 2175 quod
970 2111 1101 2155 non
1147 2113 1332 2156 suam
1376 2091 1623 2177 potius,
1679 2091 1794 2157 sed
1828 2090 2025 2169 illud,
2079 2084 2248 2175 quod
2288 2109 2398 2152 non
2426 2082 2485 2146 ad
2593 2093 2596 2176 J

480 2208 687 2248 suum.
744 2205 866 2268 ego
904 2194 1121 2248 autem
1156 2184 1362 2250 tribus
1397 2184 1620 2270 primis
1657 2185 1871 2250 verbis
1909 2184 2101 2270 ‘quid
2135 2194 2337 2250 noster
2360 2180 2486 2244 Pae·
2594 2252 2595 2272 ἢ

484 2280 648 2340 tus?
695 2287 762 2341 at
812 2277 921 2342 ille
976 2277 1306 2353 adiurans,
1360 2299 1681 2361 nusquam
1737 2301 1808 2344 se
1860 2300 2171 2364 umquam
2221 2274 2485 2342 libentius.
2594 2282 2595 2287 ’

480 2372 600 2432 hnc.
640 2372 689 2434 si
724 2370 937 2437 verbis
974 2370 1314 2437 adsecutus
1351 2393 1450 2447 es,
1498 2371 1670 2436 auris
1707 2372 1792 2437 ad
1813 2384 1890 2459 ‘te
1928 2373 2220 2438 adferam
2253 2391 2369 2435 non
2402 2364 2489 2430 mi-

480 2488 600 2528 nus
656 2464 996 2550 elegantis3
1052 2465 1154 2530 sin
1206 2476 1425 2531 autem
1470 2465 1737 2552 opsonio
1747 2514 1768 2544 ,
1820 2478 1974 2552 peto
2021 2490 2064 2532 a
2113 2478 2178 2532 te
2219 2488 2297 2530 ne
2334 2459 2489 2549 pluris
2593 2538 2596 2545 ‚

480 2584 620 2624 esse
676 2560 901 2625 balbos
957 2581 1155 2644 quam
1200 2559 1470 2625 disertos
1517 2571 1725 2646 putes.
1814 2584 1919 2648 me
1965 2562 2201 2628 cotidie
2247 2557 2400 2624 aliud
2433 2573 2492 2617 ex

480 2656 604 2716 alis]
640 2654 886 2740 inpedit
896 2679 916 2732 3
953 2653 1098 2731 sed,
1136 2654 1191 2719 si
1226 2677 1330 2720 me
1369 2655 1745 2741 expedierO,
1782 2666 1855 2720 ut
1888 2655 1956 2720 in
1991 2656 2119 2721 ista
2150 2655 2289 2721 loca
2319 2649 2491 2717 venire

484 2752 738 2832 possim,
774 2771 905 2814 non
931 2749 1327 2817 committam
1354 2760 1427 2813 ut
1462 2761 1526 2814 te
1555 2772 1696 2816 sero
1727 2772 1768 2813 a
1794 2772 1898 2814 me
1929 2751 2262 2817 certiorem
2293 2749 2493 2813 factum

480 2860 686 2927 FUlZHffi
1151 2871 1155 2875 ’

1445 3045 1578 3100 ΧΧ.

939 3148 1059 3204 Ser.
1078 3149 1293 3205 Romae
1311 3165 1505 3205 mense
1526 3147 1722 3213 Sextili
1742 3165 1793 3204 a.
1812 3166 1868 3202 u.
1888 3165 1945 3229 c.
1957 3149 2080 3204 708.

1210 3250 1487 3324 CICERO
1521 3249 1800 3306 PAETO.

619 3356 973 3443 Dupliciter
1017 3357 1369 3423 delectatus
1412 3380 1559 3422 sum
1593 3356 1719 3421 tuis
1762 3356 2021 3439 litteris,
2076 3367 2157 3422 et-
2185 3352 2352 3440 quod
2388 3350 2496 3434 ipse

480 3452 588 3516 risi
628 3464 689 3516 et
714 3452 888 3535 quod
925 3462 988 3517 te
1022 3451 1307 3518 intellexi
1338 3453 1470 3516 iam
1503 3472 1693 3537 posse
1727 3451 1936 3518 ridere
1946 3475 1965 3530 3
2001 3474 2107 3517 me
2135 3461 2342 3516 autem
2373 3468 2407 3509 a
2434 3451 2497 3514 te,

484 3564 548 3608 ut
600 3568 879 3612 scurram
925 3546 1210 3624 velitem,
1263 3544 1450 3611 finalis
1494 3558 1831 3612 oneratum
1876 3569 2016 3612 esse
2026 3575 2059 3623 ,⁴
2101 3567 2232 3610 non
2275 3541 2500 3607 moleste

484 3640 628 3704 mii:
664 3640 823 3705 illud
856 3640 1064 3718 dolce,
1099 3642 1168 3707 in
1201 3641 1326 3706 ista
1363 3641 1507 3706 loca
1541 3641 1760 3706 venire
1797 3664 1921 3719 me,
1958 3651 2031 3706 ut
2067 3638 2500 3705 constitueram,

484 3759 608 3796 non
644 3735 929 3820 ‘potuisse
938 3758 958 3812 3
1011 3734 1347 3800 habuisses
1395 3735 1568 3800 enim
1603 3757 1734 3800 non
1769 3735 2124 3821 hospitem,
2168 3731 2281 3798 sed
2315 3735 2504 3794 contu·

484 3828 826 3893 bannalem.
899 3839 967 3894 at
1000 3851 1193 3913 quem
1226 3829 1466 3895 virum!
1503 3851 1634 3894 non
1669 3851 1840 3906 eum,
1877 3851 2076 3914 quem
2105 3838 2180 3892 tu
2213 3847 2281 3891 es
2313 3819 2503 3888 solitus

484 3918 870 4004 promulside
906 3923 1245 3990 conficere:
1292 3924 1613 4009 integram
1654 3923 1895 3989 famem
1938 3924 2022 3988 ad
2056 3942 2252 3986 ovum
2286 3914 2501 3985 adfer03

484 4016 612 4092 itaq
620 4035 699 4078 ue
733 4036 939 4098 usque
971 4017 1058 4080 ad
1092 4039 1309 4083 assum
1343 4017 1686 4082 vitulinum
1722 4039 1921 4104 opera
1953 4014 2336 4103 perducitur.
2410 4003 2502 4068 illa

484 4132 648 4180 mezzi,
684 4127 852 4189 quae
888 4110 1139 4177 solebas
1168 4123 1359 4202 untes.
1391 4112 1676 4191 laudare,
1715 4120 1784 4178 ‘o
1819 4112 2146 4190 hominem
2177 4099 2435 4173 facilem!
2468 4117 2501 4159 0
