2675 4559
697 263 1253 323 EPISTOLARUM
1286 268 1364 321 11.
1400 269 1569 324 4—6.
2071 258 2159 323 29

1098 437 1172 493 V.

787 538 902 595 Ser.
920 540 1135 595 Romae
1156 557 1207 594 a.
1226 558 1279 595 u.
1300 557 1347 595 c.
1370 540 1484 594 701.

595 640 680 697 M.
718 640 992 698 CICERO
1030 641 1086 698 S.
1123 642 1196 696 D.
1236 642 1296 698 C.
1335 642 1671 701 CURIONI.

230 766 422 829 Haec
457 763 718 849 negotia
761 784 889 847 quo
924 764 1116 828 modo
1151 787 1220 829 se
1254 764 1566 843 habeant,
1599 788 1681 833 ne
1716 766 1981 852 epistola
2013 766 2157 849 qui-
2193 792 2219 833 1

114 859 251 923 dem
284 880 551 923 narrare
586 857 810 922 audeo.
899 857 1045 935 tibi,
1083 858 1230 936 etsi,
1265 858 1657 944 ubicumque
1693 884 1792 938 ee,
1825 870 1900 925 ut
1934 860 2160 947 scripsi

117 953 195 1016 ad
227 964 288 1017 te
317 963 490 1028 ante,
526 952 594 1015 in
622 951 845 1016 eadem
874 974 941 1017 es
969 951 1139 1028 navi,
1175 962 1411 1029 tamen,
1446 954 1621 1037 quod
1645 954 1818 1031 abes,
1855 954 2159 1040 gratulor,

117 1046 212 1110 vel
245 1046 565 1128 quianon
600 1044 779 1111 vides
815 1067 920 1121 ea,
957 1065 1123 1128 quae
1157 1067 1295 1121 nos,
1331 1046 1435 1111 vel
1471 1047 1645 1130 quod
1679 1047 1934 1113 excelso
1967 1058 2032 1113 et
2063 1048 2161 1113 in-

117 1140 290 1203 lustri
321 1139 468 1203 loco
505 1138 629 1202 sita
662 1148 758 1202 est
789 1137 931 1202 laus
967 1148 1079 1204 tua
1102 1139 1170 1203 in
1203 1139 1622 1223 plurimorum
1649 1152 1713 1206 et
1747 1142 2062 1206 sociorum
2097 1151 2162 1206 et

120 1234 346 1297 civium
399 1243 777 1317 conspectu3
829 1252 995 1314 quae
1048 1231 1132 1296 ad
1181 1254 1299 1297 nos
1345 1256 1465 1299 nec
1508 1234 1779 1301 obscuro
1822 1257 1942 1301 nec
1984 1234 2160 1299 vario

121 1348 433 1403 sermone,
479 1325 594 1391 sed
638 1336 702 1390 et
745 1324 1093 1390 clarissima
1127 1337 1190 1391 et
1233 1349 1363 1392 una
1398 1330 1681 1394 omnium
1716 1350 1873 1394 voce
1917 1327 2159 1414 perfer-

118 1434 233 1485 tur.
285 1443 491 1484 unum
525 1419 686 1484 illud
721 1419 957 1496 nesci0,
993 1422 1357 1505 gratulerne
1392 1422 1509 1487 tibi
1543 1446 1628 1489 an
1661 1424 1950 1499 timeam,
1986 1420 2160 1506 quod
2194 1448 2222 1487 8

117 1515 418 1579 mirabilis
455 1525 553 1579 est
587 1514 974 1599 exspectatio
1008 1514 1250 1580 reditus
1296 1517 1421 1593 tui,
1473 1538 1603 1582 non
1648 1538 1776 1601 quo
1812 1539 2035 1583 verear
2076 1537 2160 1580 ne

119 1624 222 1672 tua
255 1607 459 1672 virtus
485 1606 770 1695 opinioni
803 1608 1133 1673 hominum
1165 1630 1297 1673 non
1330 1610 1729 1695 respondeat,
1766 1612 1880 1675 sed
1912 1609 2163 1677 meher-

121 1702 251 1766 cule
284 1724 368 1767 ne
379 1748 398 1779 ,
445 1723 592 1766 cum
629 1701 905 1779 veneris,
959 1724 1089 1767 non
1124 1701 1363 1768 habeas
1397 1703 1553 1779 iam,
1599 1704 1774 1785 quod
1808 1726 2017 1769 cures:
2068 1703 2161 1767 ita

123 1808 259 1860 sunt
293 1797 510 1861 omnia
545 1796 871 1861 debilitata
911 1821 982 1861 ac
1025 1797 1156 1861 iam
1199 1820 1401 1883 prope
1436 1799 1765 1864 exstincta.
1853 1798 1966 1863 sed
2001 1797 2161 1861 haec

123 1890 251 1974 ipsa
283 1889 502 1955 nescio
540 1901 796 1955 rectene
830 1890 958 1955 sint
990 1890 1216 1956 litteris
1252 1893 1615 1957 commissa:
1687 1914 1816 1974 qua
1847 1913 1915 1956 re
1952 1900 2162 1955 cetera

125 2005 458 2069 cognosces
492 2006 575 2049 ex
611 1984 770 2048 aliis.
860 1995 933 2049 tu
968 1996 1210 2062 tamen,
1256 1986 1392 2051 sive
1434 1986 1633 2052 habes
1669 1986 1944 2068 aliquam
1980 2006 2163 2070 spem

126 2078 194 2142 de
226 2101 296 2142 re
332 2078 593 2162 publica
628 2079 763 2143 sive
800 2079 1130 2163 desperas,
1185 2102 1262 2144 ea
1302 2102 1489 2164 para,
1541 2079 1875 2156 meditare,
1928 2078 2159 2163 cogita,

125 2192 274 2255 quae
311 2193 450 2237 esse
485 2171 556 2237 in
582 2194 659 2239 eo
686 2172 811 2235 civi
845 2192 922 2236 ac
950 2172 1085 2236 viro
1116 2172 1370 2250 debent,
1407 2173 1518 2257 qui
1554 2174 1635 2238 sit
1668 2194 1805 2238 rem
1836 2171 2161 2256 publicam

128 2266 433 2330 adflictam
486 2277 552 2330 et
605 2286 974 2351 oppressam
1029 2265 1274 2332 miseris
1326 2267 1718 2352 temporibus
1770 2286 1847 2330 ac
1896 2264 2159 2350 perditis

128 2359 393 2424 moribus
419 2360 491 2423 in
516 2370 800 2425 veterem
827 2359 1202 2445 dignitatem
1229 2371 1293 2425 et
1319 2358 1675 2426 liBertatem
1705 2358 2161 2424 vindicaturus.

1089 2593 1186 2649 V1.

797 2694 911 2751 Scr.
931 2695 1147 2751 Romae
1168 2711 1216 2750 a.
1236 2713 1290 2749 u.
1313 2713 1361 2750 c.
1383 2696 1499 2749 701.

613 2797 689 2850 M.
728 2795 1002 2853 CICERO
1040 2796 1094 2852 S.
1130 2797 1203 2851 D.
1242 2796 1302 2852 C.
1342 2793 1678 2853 CURIONI.

246 2919 552 2985 Nondum
587 2929 722 2984 erat
765 2920 1053 2985 auditum
1096 2930 1158 2983 te
1205 2920 1288 2983 ad
1322 2918 1574 2985 Italiam
1611 2917 1981 2992 adventare,
2018 2936 2164 2981 cum
2200 2939 2226 2977 1

143 3009 274 3076 Sex.
308 3014 600 3091 Villium,
637 3012 900 3077 Milonis
937 3012 1065 3077 mei
1099 3011 1495 3089 familiarem,
1533 3034 1680 3077 cum
1714 3010 1814 3075 his
1850 3010 1935 3075 ad
1968 3019 2031 3075 te
2066 3008 2168 3072 lit-

142 3108 270 3172 teris
301 3109 476 3187 misi3
522 3109 637 3175 sed
680 3118 895 3172 tamen
931 3130 1078 3173 cum
1113 3107 1626 3192 adpropinquare
1670 3116 1817 3170 tuus
1855 3106 2168 3169 adventus

143 3212 450 3283 putaretur
501 3212 568 3267 et
617 3213 680 3267 te
729 3202 861 3266 iam
906 3224 986 3266 ex
1020 3201 1184 3266 Asia
1226 3200 1503 3265 Romam
1546 3220 1768 3264 versus
1812 3196 2171 3281 profectum

145 3315 263 3360 esse
296 3307 646 3372 constaret,
680 3296 1056 3381 magnitudo
1090 3296 1182 3361 rei
1217 3293 1390 3371 fecit,
1425 3305 1499 3357 ut
1531 3314 1660 3357 non
1694 3310 2056 3355 vereremur
2088 3310 2170 3352 ne

145 3386 309 3454 nimis
343 3390 468 3455 cito
497 3389 912 3467 mitteremus,
947 3411 1095 3453 cum
1126 3388 1244 3452 has
1279 3408 1476 3471 quam
1510 3386 1787 3492 primum
1812 3382 1897 3447 ad
1932 3393 1995 3447 te
2028 3402 2173 3466 per—

146 3479 277 3545 ferri
314 3482 554 3548 litteras
597 3504 834 3568 magno
880 3504 1072 3567 opere
1107 3482 1436 3547 vellemus.
1527 3501 1681 3565 ege,
1727 3477 1780 3542 si
1821 3499 1966 3544 mea
2008 3474 2077 3540 in
2109 3486 2172 3539 te

149 3586 337 3641 essent
361 3577 577 3642 officia
603 3578 830 3656 solum,
870 3574 1090 3652 Curio,
1127 3586 1324 3653 tanta,
1362 3584 1601 3659 quanta
1634 3570 1841 3659 magis
1867 3594 1907 3637 a
1935 3582 1998 3636 te
2032 3569 2172 3654 ipso

150 3669 475 3748 praedicari
509 3692 704 3755 quam
738 3694 781 3735 a
807 3693 910 3736 me
945 3668 1284 3756 ponderari
1310 3670 1535 3744 solent,
1570 3665 1989 3733 verecundius
2017 3685 2057 3727 a
2089 3673 2173 3736 te,

154 3759 199 3821 εἰ
243 3781 399 3844 quae
447 3786 688 3850 magna
736 3786 840 3829 res
894 3763 1053 3828 mihi
1103 3762 1383 3849 petenda
1435 3773 1631 3836 esset,
1695 3757 2173 3829 contenderem3

158 3873 328 3934 grave
370 3867 466 3923 est
507 3859 680 3923 enim
720 3857 964 3923 homini
1005 3856 1274 3944 pudenti
1316 3866 1534 3942 petere
1580 3852 1820 3935 aliquid
1869 3867 2177 3933 magnum

163 3945 230 4008 ab
261 3970 353 4027 eo,
386 3952 465 4016 de
499 3972 628 4036 quo
665 3974 734 4018 se
767 3952 933 4017 bene
967 3951 1265 4017 meritum
1299 3960 1502 4036 putet,
1536 3970 1619 4013 ne
1650 3947 1739 4022 id,
1776 3943 1948 4028 quod
1981 3951 2177 4029 petat,

169 4059 392 4128 exigere
423 4047 628 4133 magis
675 4068 872 4131 quam
905 4068 1133 4132 rogare
1169 4056 1233 4111 et
1274 4044 1344 4108 in
1378 4040 1688 4109 mercedis
1728 4037 1942 4124 potius
1984 4056 2179 4119 quam
