2675 4559
676 313 1233 372 EPISTOLABUM
1264 315 1366 372 VI.
1405 315 1455 370 6.
1477 316 1528 369 7.
1980 303 2137 372 ’129

154 445 385 518 interest,
426 461 549 524 quo
582 437 792 503 animo
826 437 1172 514 scribatur,
1222 459 1422 520 quam
1455 459 1586 522 quo
1619 438 1995 526 accipiatur,
2047 465 2131 508 ne

154 560 207 602 ea
232 557 317 601 res
352 534 552 619 inepte
592 531 749 596 mihi
787 542 1082 608 noceret,
1137 553 1287 596 cum
1330 533 1705 616 praesertim
1745 534 1958 603 adhuc
2001 535 2131 602 stili

148 651 337 716 poenas
366 627 525 694 dem.
591 647 719 710 qua
752 625 1015 709 quidem
1048 625 1117 692 in
1150 649 1220 692 re
1256 627 1568 711 singulari
1603 650 1748 694 sum
1780 629 1945 706 fatam
1977 653 2132 697 nam

150 745 259 789 cum
298 723 582 788 mendum
631 721 984 808 scripturae
1042 721 1238 786 litura
1290 721 1576 799 tollatur,
1639 724 1908 791 stultitia
1955 723 2132 790 fama

149 819 417 894 multetur,
464 837 647 882 meus
698 837 875 880 error
924 814 1149 880 exsilio
1202 815 1572 901 corrigitur,
1635 817 1816 882 cuius
1877 823 2130 886 summa

149 912 365 977 criminis
397 922 519 989 est,
554 911 735 995 qnod
768 921 1055 974 armatus
1088 910 1454 975 adversario
1487 911 1656 976 male
1701 911 1853 976 dixi.
1939 935 2130 979 nemo

148 1017 373 1070 nostrum
404 1016 527 1083 est,
560 1016 635 1069 ut
668 1004 915 1090 opinor,
948 1004 1107 1088 quin
1140 1015 1295 1070 vota
1327 1004 1654 1070 Victoriae
1689 1027 1844 1070 suae
1877 1005 2130 1083 feeerit3

148 1121 307 1175 nemo,
352 1098 499 1182 quin
540 1099 737 1166 etiam
772 1121 921 1164 cum
964 1099 1045 1164 de
1080 1098 1209 1164 alia
1239 1121 1311 1164 re
1355 1099 1741 1176 immolaret,
1795 1111 2012 1166 tamen
2052 1121 2130 1166 eo

150 1193 347 1277 quidem
376 1194 509 1280 ipso
545 1205 863 1280 tmpore,
916 1204 992 1258 ut
1037 1215 1233 1278 quam
1274 1195 1554 1280 primum
1589 1191 1836 1262 Caesar
1869 1218 2134 1282 supera·

146 1299 296 1363 retur,
334 1288 587 1374 optarit:
642 1287 765 1353 hoc
806 1286 865 1352 si
906 1309 1039 1352 non
1072 1289 1342 1374 cogitat,
1395 1289 1693 1354 omnibus
1736 1290 1928 1356 rebus
1971 1289 2130 1356 felix

146 1395 234 1458 est3
263 1382 309 1446 si
338 1383 447 1448 scit
476 1395 543 1448 et
573 1405 919 1470 persuasus
956 1394 1075 1460 est,
1110 1383 1266 1466 quid
1298 1384 1592 1450 irascitur
1626 1385 1706 1461 ei,
1741 1385 1852 1468 qui
1885 1385 2130 1468 aliquid

146 1476 338 1560 scripsit
378 1488 593 1542 conta-a
640 1499 821 1542 suam
866 1477 1291 1554 voluntatem,
1347 1499 1496 1542 cum
1537 1477 1776 1563 ignorit
1807 1479 2128 1554 omnibus,

144 1570 222 1653 qui
246 1571 425 1636 multa
454 1573 609 1637 deos
645 1573 931 1636 venerati
966 1582 1117 1638 sunt
1151 1582 1372 1637 contra
1399 1573 1536 1637 eius
1571 1573 1884 1638 salutem?
1915 1575 2036 1640 sed
2057 1584 2130 1638 ut
2213 1585 2216 1588 ’

146 1664 313 1729 eodem
354 1677 663 1743 revertar,
716 1687 911 1732 causa
956 1667 1123 1732 haec
1172 1665 1297 1730 fuit
1348 1665 1620 1730 timoris:
1675 1667 1894 1752 scripsi
1939 1668 2021 1733 de
2064 1680 2130 1732 te

144 1779 281 1842 parce
312 1761 545 1826 medius
579 1759 773 1825 fidius
806 1771 872 1825 et
902 1758 1145 1837 timide,
1180 1781 1313 1824 non
1336 1779 1648 1824 revocans
1682 1783 1788 1826 me
1821 1759 1980 1846 ipse,
2015 1761 2131 1828 sed

142 1873 293 1934 paene
320 1855 661 1942 refugiens.
730 1877 937 1941 genus
972 1867 1190 1928 autem
1225 1853 1349 1920 hoc
1385 1854 1738 1939 scripturae
1773 1876 1904 1920 non
1937 1855 2130 1920 modo

75 1965 78 2036 ᾗ
142 1943 349 2012 liberum
362 1997 379 2026 ,
429 1950 542 2016 sed
594 1949 931 2014 incitatum
984 1959 1179 2032 atque
1230 1948 1473 2014 elatum
1525 1971 1664 2014 esse
1709 1949 1942 2016 debere
1985 1949 2129 2032 quis

143 2038 367 2124 ignorat?
410 2046 697 2110 solutum
739 2043 1141 2110 existimatur
1184 2065 1324 2110 esse
1368 2043 1552 2108 alteri
1597 2044 1764 2108 male
1799 2042 2011 2109 dicere
2027 2077 2132 2130 ,ή-

75 2221 77 2224 y
142 2145 299 2201 tamen
336 2140 691 2204 cavendum
736 2151 864 2216 est,
906 2162 989 2204 nc
1032 2138 1099 2203 in
1142 2137 1562 2224 pettflantiam
1593 2138 1839 2204 incidas
1873 2162 1988 2217 -—;
2034 2139 2132 2204 in-

142 2229 381 2311 peditum,
416 2257 483 2300 se
516 2235 734 2321 ipsum
766 2234 1051 2310 laudare,
1084 2257 1169 2299 ne
1202 2233 1432 2298 vitium
1459 2231 1874 2320 adrogantiae
1909 2234 2132 2300 subse-

75 2343 77 2380 ῑ
143 2336 341 2404 quattu-3
387 2329 592 2394 solum
646 2351 801 2396 vero
852 2328 1157 2405 liberum,
1209 2329 1482 2392 alterum
1532 2329 1825 2404 laudare,
1877 2328 1962 2394 de
2001 2349 2132 2411 quo

144 2418 381 2504 quicquid
402 2423 726 2501 detrahas,
759 2445 1023 2489 necesse
1052 2435 1149 2490 est
1184 2433 1299 2488 aut
1328 2422 1681 2488 infirmitati
1707 2433 1820 2487 aut
1851 2422 2130 2488 invidiae

142 2513 458 2602 adsignetur.
513 2542 593 2586 ac
620 2521 839 2586 nescio
868 2543 955 2585 an
980 2519 1098 2586 tibi
1124 2520 1370 2608 gratius
1389 2519 1936 2606 opportuniusque
1963 2519 2131 2584 acci-

144 2605 282 2688 derit3
326 2637 467 2678 nam
500 2613 682 2699 quod
716 2615 1043 2700 praeclare
1076 2614 1291 2680 facere
1324 2635 1456 2678 non
1487 2626 1806 2698 poteram,
1849 2611 2130 2696 primum

142 2716 251 2780 erat,
272 2727 386 2772 non
410 2709 755 2796 attingere3
788 2709 1147 2774 secundm
1170 2705 1637 2794 [beneficium]
1667 2729 1862 2790 quam
1889 2705 2131 2790 parcis·-

142 2794 252 2862 sime
280 2800 492 2868 facere.
569 2801 687 2868 sed
718 2815 936 2868 tamen
972 2825 1095 2888 ego
1133 2801 1396 2886 quidem
1439 2824 1544 2866 me
1579 2798 1882 2877 sustinui3
1927 2797 2132 2864 multa

142 2888 301 2971 minui,
322 2897 519 2962 multa
550 2897 803 2974 sustuli,
833 2897 1143 2982 conpiura
1166 2921 1247 2962 ne
1274 2895 1462 2983 posui
1491 2895 1771 2979 quidem.
1822 2915 2019 2978 quem
2045 2892 2132 2958 ad

140 2985 339 3054 modum
362 2991 581 3078 igitur,
608 2987 923 3056 scalaruni
942 2991 1183 3078 gradus
1202 2991 1256 3055 si
1272 2991 1432 3056 alios
1451 2991 1660 3067 tollae,
1679 2990 1838 3054 alios
1864 2987 2132 3065 incidaS,

141 3097 231 3143 non
268 3085 459 3152 nullos
510 3085 693 3172 male„
726 3085 1045 3152 haerentis
1091 3085 1414 3170 relinquas
1427 3132 1447 3162 ,
1499 3085 1724 3149 ruinae
1775 3083 2131 3168 periculum

140 3183 320 3254 struas,
365 3202 491 3245 non
527 3202 865 3246 ascensum
900 3201 1117 3266 pares,
1172 3179 1265 3244 sic
1308 3191 1402 3244 tot
1443 3177 1628 3242 malis
1663 3188 1802 3240 tum
1846 3177 2132 3240 vinctum

75 3325 77 3328 >
141 3277 239 3332 tum
264 3270 516 3340 fractum
556 3275 839 3340 studium
874 3275 1193 3340 scribendi
1229 3272 1386 3358 quid
1423 3273 1692 3357 dignum
1719 3269 1982 3334 auribus
2019 3281 2132 3332 aut

76 3371 78 3378 '
140 3362 403 3439 probabile
451 3380 663 3454 potest
706 3369 996 3435 adferre?
1047 3391 1197 3434 cum
1248 3387 1404 3432 vero
1447 3365 1530 3430 ad
1583 3361 1785 3450 ipsius
1831 3359 2128 3428 Caesaris

142 3471 317 3524 nomen
346 3465 509 3542 veni,
545 3475 679 3530 toto
706 3486 971 3550 corpore
998 3474 1454 3538 contremescO,
1483 3481 1622 3525 non
1654 3479 1900 3545 poenae
1935 3466 2130 3532 metu,

75 3625 78 3630 ,
144 3549 222 3612 Sed
246 3552 395 3622 illius
426 3559 675 3624 iudiciiz
712 3570 918 3626 totum
954 3557 1125 3625 enim
1162 3553 1514 3624 Caesarem
1547 3576 1678 3620 non
1711 3551 1882 3618 novi.
1937 3573 2131 3635 quem

142 3653 279 3721 Putas
311 3651 579 3718 animum
616 3675 785 3730 esse,
830 3651 945 3718 ubi
981 3674 1199 3718 secum
1244 3649 1566 3734 loquitur?
1620 3647 1770 3714 ‘hoc
1805 3645 2132 3732 probabit:

142 3729 228 3802 hoc
262 3745 511 3811 verbum
554 3747 967 3835 suspitiosum
1014 3747 1151 3812 est.'
1242 3744 1460 3830 ‘quid‚
1510 3744 1570 3808 si
1623 3742 1746 3807 hoc
1785 3739 2016 3806 anuto?
2067 3749 2134 3804 at

143 3845 337 3915 vereor,
379 3863 461 3906 ne
502 3841 683 3928 peius
728 3841 849 3907 sit?
937 3847 1093 3928 ‘age
1138 3861 1289 3906 vero
1303 3887 1321 3916 ,
1374 3837 1570 3904 laudo
1610 3837 1923 3920 aliquem:
1976 3853 2134 3896 num

146 3921 378 3998 offendo?
410 3955 557 4000 cum
588 3957 779 4022 porro
804 3933 1147 4012 offendam,
1185 3933 1362 4018 quid,
1397 3933 1452 3998 si
1483 3952 1612 3996 non
1637 3928 1838 3995 volt?’
1875 3925 2135 3992 ‘armati

148 4016 311 4086 stilum
339 4031 755 4116 persequitur=
792 4031 945 4096 victi
976 4042 1041 4096 et
1066 4029 1353 4094 nondum
1382 4025 1655 4092 restituti
1682 4023 1840 4108 quid
1871 4019 2132 4087 faciet?

148 4126 298 4195 ²¹¹3oe
326 4120 509 4188 etium
542 4136 612 4190 tu
648 4123 805 4192 mihi
848 4124 1175 4202 timorem,
1220 4113 1339 4207 qui'
1377 4123 1442 4187 in
1479 4117 1754 4186 Oratore
1795 4129 1908 4186 tuo
1943 4135 2134 4182 caves
2177 4205 2182 4208 Ι

229 4213 417 4265 &evonis
434 4225 514 4268 vol.
530 4225 599 4270 [x.
1811 4217 1847 4271 9
