2675 4559
542 205 670 273 190
1156 214 1233 268 Μ.
1270 212 1546 272 TULLII
1581 209 1979 269 CICERONIS

540 338 1032 429 properandum.
1122 334 1325 402 Curio
1369 346 1586 401 noster
1631 335 1950 421 sapienter
1991 333 2089 411 id,
2136 334 2304 420 quod
2341 335 2528 401 remisit

542 438 622 502 de
656 434 971 520 stipendio
1006 431 1333 518 Pompeii,
1369 430 1598 497 fecisse
1634 429 2048 495 existimatur.
2138 431 2220 494 ad
2253 452 2526 506 summam,

538 529 812 614 quaeris,
846 527 1006 612 quid
1039 536 1259 612 putem
1286 526 1606 591 futurum:
1644 523 1698 588 si
1734 525 2035 590 alteruter
2069 545 2288 589 eorum
2318 523 2393 589 ad
2412 523 2530 588 Par-

540 623 785 688 thicum
818 622 1059 688 bellum
1094 642 1227 686 non
1260 631 1396 698 eat,
1441 618 1629 684 video
1664 640 1932 704 magnas
1972 618 2314 704 inpendere
2347 618 2530 682 discor·
2597 621 2599 680 ἑ

541 717 701 795 dias,
737 738 899 801 quas
932 715 1175 781 ferrum
1210 725 1277 780 et
1310 714 1408 780 vis
1437 713 1838 790 dtiudicabit3
1877 723 2148 796 uterque
2183 724 2247 778 et
2279 711 2461 777 animo
2487 723 2528 776 et
2597 749 2599 774 ;

541 811 741 899 copiis
776 822 873 876 est
907 821 1187 897 paratus.
1276 808 1329 874 si
1367 808 1505 874 sine
1541 819 1652 874 tuo
1687 805 1970 894 periculo
2006 807 2147 874 fieri
2180 809 2404 892 posset,
2431 828 2528 868 ma·
2597 813 2600 846 2

539 929 743 992 gnum
776 918 843 971 et
875 905 1227 970 iucundum
1260 903 1379 968 tibi
1411 901 1702 968 Fortuna
1737 902 2176 990 spectaculum
2211 901 2463 987 parabat.
2597 905 2600 926 ‘

1046 1109 1091 1150 ⁷¹
1373 1187 1378 1192 .
1506 1137 1635 1194 xv.

928 1241 1044 1299 Ser.
1067 1247 1304 1299 exeunte
1322 1256 1514 1296 mense
1532 1239 1842 1295 Februario
1862 1257 1912 1296 a.
1932 1257 1985 1294 u.
2009 1257 2058 1296 c.
2081 1240 2198 1296 705.

1104 1341 1435 1426 CAELIUS
1473 1341 1836 1399 CICERONI
1871 1340 2037 1404 SAL.

664 1465 1023 1550 Ecquando
1068 1478 1140 1531 tu
1194 1465 1521 1532 hominem
1571 1463 1948 1550 ineptiorem
2001 1487 2201 1549 quam
2245 1475 2410 1530 tuum
2443 1459 2528 1526 Cn.

422 1585 427 1590 ·
535 1560 923 1646 Pompeium
975 1559 1219 1638 vidisti,
1272 1561 1384 1644 qui
1435 1569 1644 1626 tantas
1688 1558 1938 1635 turbas,
1989 1579 2146 1624 cum
2197 1571 2320 1624 tam
2365 1577 2527 1641 nugax
2597 1565 2600 1601 ῑ

536 1665 725 1732 esset,
764 1654 1135 1720 commorit?
1170 1676 1439 1739 ecquem
1473 1666 1690 1720 autem
1721 1649 2000 1718 Caesare
2037 1664 2254 1718 nostro
2287 1650 2528 1717 acriorem
2597 1658 2600 1695 ὲ

538 1750 607 1814 in
640 1749 835 1816 rebus
869 1748 1167 1835 gerendis
1180 1797 1198 1827 ,
1244 1749 1474 1816 eodem
1515 1749 1584 1814 in
1625 1747 1896 1812 victoria
1939 1747 2426 1833 temperatiorem
2443 1753 2528 1806 ‘aut
2597 1753 2600 1814 ς

536 1843 752 1930 legisti
784 1854 898 1909 aut
931 1842 1202 1908 audisti?
1236 1843 1395 1927 quid
1429 1843 1564 1908 est?
1607 1865 1766 1906 num
1799 1839 1918 1906 tibi
1951 1842 2157 1907 nostri
2189 1840 2425 1914 milites,
2451 1834 2527 1918 qui
2597 1848 2600 1884 ⁷

538 1937 891 2004 durissimis
922 1949 988 2004 et
1020 1937 1451 2022 frigidissimis
1477 1937 1653 2014 locis,
1690 1936 2060 2002 taeterrima
2094 1936 2316 2012 hieme,
2351 1931 2525 1998 bellum
2597 1942 2600 1982 1

536 2031 923 2096 ambulando
968 2031 1410 2107 confecerunt,
1465 2031 1648 2096 malis
1691 2029 2064 2096 orbiculatis
2109 2052 2248 2094 esse
2287 2025 2433 2112 pasti
2465 2022 2526 2086 vi-
2598 2037 2599 2072 ῐ

536 2124 806 2188 dentur?
842 2131 863 2160 ⁴
876 2123 1034 2206 quid
1050 2123 1218 2188 iam?
1231 2125 1246 2152 ’
1282 2123 1514 2207 inquis.
1561 2125 1836 2212 gloriose
1855 2123 2092 2190 omnia.
2131 2123 2185 2188 si
2201 2122 2370 2197 scias,
2386 2137 2525 2202 quam
2597 2130 2600 2156 1

537 2217 843 2282 sollicitus
878 2217 1019 2294 sim,
1057 2228 1197 2282 tum
1222 2217 1391 2282 hanc
1417 2239 1628 2283 meam
1661 2218 1951 2304 gloriam,
1987 2237 2158 2301 quae
2185 2217 2267 2282 ad
2296 2235 2388 2279 me
2415 2207 2526 2275 nihil
2597 2224 2600 2261 ²

535 2310 837 2398 pertinet,
890 2310 1210 2388 derideas3
1265 2332 1434 2394 quae
1488 2311 1605 2376 tibi
1657 2333 1978 2398 exponere
2031 2312 2158 2378 nisi
2199 2331 2396 2377 coram
2436 2324 2525 2368 non
2590 2315 2600 2360 ξι

532 2426 825 2490 possum,
868 2404 1063 2488 idque
1100 2405 1389 2471 celeriter
1421 2405 1560 2471 fore
1597 2428 1812 2492 spero:
1853 2428 2004 2470 nam
2042 2429 2177 2483 me,
2213 2425 2350 2470 cum
2379 2417 2526 2483 expu·
2592 2423 2594 2454 1

532 2498 711 2564 lisset
753 2490 837 2564 ex*
868 2498 1059 2564 Italia
1092 2499 1508 2585 Pompeium,
1563 2499 1893 2566 constituit
1945 2499 2031 2564 ad
2077 2498 2296 2564 urbem
2334 2510 2522 2560 vocare,
2592 2503 2600 2584 ᾖ

532 2591 601 2658 id
635 2592 810 2678 quod
843 2593 973 2659 iam
1003 2593 1295 2659 existimo
1330 2591 1717 2671 confectum,
1751 2593 1874 2659 nisi
1903 2593 1959 2658 si
1992 2593 2219 2658 maluit
2241 2582 2526 2672 Pompeius
2592 2587 2600 2636 ²³

533 2688 863 2754 Brundisii
916 2688 1385 2755 circumsederi.
1480 2709 1768 2774 peream,
1823 2687 1880 2752 si
1928 2687 2198 2753 minima
2247 2703 2418 2750 causa
2457 2684 2523 2740 est
2597 2695 2600 2732 f

531 2783 915 2868 properandi
966 2782 1088 2846 isto
1141 2783 1328 2859 mihi,
1384 2782 1558 2866 quod
1610 2780 1672 2846 te
1725 2781 1942 2847 videre
1994 2791 2062 2846 et
2111 2778 2318 2845 omnia
2355 2771 2523 2839 intima
2594 2791 2596 2794 ’

534 2876 823 2941 conferre
858 2877 1147 2961 discupio
1158 2900 1177 2954 ;
1216 2876 1423 2943 habeo
1458 2888 1674 2942 autem
1700 2897 1896 2959 quam
1929 2876 2156 2940 multa.
2207 2872 2313 2938 hui
2337 2882 2520 2934 vereor,

532 2969 708 3051 quod
752 2970 915 3035 solet
956 2969 1123 3047 fieri,
1178 2993 1291 3047 ne,
1345 2992 1494 3036 cum
1547 2980 1610 3035 te
1665 2966 1912 3045 videro,
1965 2969 2182 3034 omnia
2227 2962 2519 3030 obliviscar·

533 3064 649 3129 sed
691 3075 909 3130 tamen
942 3063 1267 3149 quodnam
1302 3066 1388 3130 ob
1421 3065 1631 3132 scelus
1673 3065 1794 3130 iter
1828 3064 1986 3130 mihi
2027 3058 2426 3130 necessarium
2451 3069 2521 3155 ῖς·

533 3170 633 3222 tro
669 3158 755 3223 ad
778 3157 967 3244 Alpis
997 3181 1219 3226 versus
1253 3159 1515 3226 incidit?
1547 3159 1712 3235 ideo,
1748 3158 1924 3244 quod
1957 3155 2257 3222 Intimelii
2287 3153 2349 3216 in
2377 3161 2520 3249 armjfl
2594 3213 2596 3216 ,

534 3263 705 3330 sunt,
737 3275 949 3338 neque
986 3254 1067 3321 de
1100 3277 1339 3342 magna
1373 3275 1597 3320 causa:
1633 3247 1984 3329 Bellienus,
2020 3273 2216 3318 verna
2245 3247 2518 3312 Demetrl12

529 3348 644 3430 qui
676 3347 769 3413 ibi
803 3369 951 3414 cum
986 3349 1303 3435 praesidio
1337 3358 1496 3426 erat,
1530 3347 1894 3414 Domitium
1928 3345 2265 3430 quendam,
2297 3331 2519 3404 nobilem

531 3442 681 3519 illic,
718 3439 1017 3508 Caesaris
1052 3442 1390 3528 hospitem,
1429 3466 1470 3508 a
1501 3442 1818 3508 contraria
1852 3441 2130 3508 factione
2163 3429 2416 3505 nummis
2443 3441 2520 3532 {⁰-

441 3581 443 3584 >
531 3535 761 3622 ceptis,
798 3536 1261 3621 conprehendit
1295 3547 1360 3602 et
1403 3536 1857 3622 strangulavit3
1893 3535 2116 3600 civitas
2151 3533 2230 3598 ad
2265 3545 2420 3594 arma
2445 3523 2518 3587 nt3

532 3651 608 3694 eo
660 3650 835 3694 nunc
878 3652 1012 3693 cum
1047 3630 1083 3666 ¹*
1118 3629 1488 3695 cohortibus
1539 3630 1699 3696 mihi
1748 3651 1865 3715 per
1913 3630 2079 3695 nivis
2131 3623 2390 3693 eundum
2433 3618 2516 3676 est·

531 3746 735 3808 usque
790 3744 1077 3808 quaque,
1128 3724 1371 3808 inquis,
1425 3747 1495 3790 se
1549 3725 1821 3790 Domitii
1872 3725 2042 3790 male
2092 3723 2257 3787 dant.
2315 3707 2517 3809 vellefn

531 3815 789 3899 quidem
838 3817 1096 3884 Venere
1156 3830 1508 3905 prognatus
1569 3830 1820 3884 tantum
1883 3817 2078 3883 animi
2139 3807 2430 3878 habuisset
2464 3815 2516 3902 ,¹¹¹

531 3921 743 4063 &stro
777 3909 1066 3976 Domitio
1081 3961 1101 3990 ,
1146 3925 1456 3996 quantum
1491 3913 1783 3980 Psecade
1827 3923 2018 3991 natus-
2057 3911 2124 3976 in
2167 3908 2280 3972 hoc
2317 3895 2512 3964 habmt·

595 4002 831 4068 iceroni
866 4005 913 4070 f.
950 4029 1001 4070 s.
1039 4007 1099 4071 d.
