2675 4559
696 248 1248 307 EPISTOLARUM
1283 200 1369 306 V}
1392 252 1476 305 14.
1499 252 1582 306 15.
2040 240 2166 308 107

1079 420 1209 477 XV.

563 522 680 580 Ser.
694 524 758 579 in
772 523 992 578 Antiati
1008 540 1200 579 mense
1219 522 1382 579 Iunio
1400 540 1450 579 a.
1469 542 1524 579 u.
1544 543 1591 581 e.
1612 526 1731 582 709.

500 628 576 682 M.
615 624 890 683 CICERO
927 624 984 682 S.
1021 626 1095 681 D.
1131 627 1202 681 L.
1237 626 1571 684 LUCCEIO
1606 628 1675 694 Q.
1712 629 1779 684 F.

261 750 474 819 omnis
508 772 692 816 amor
725 761 876 816 tuus
911 772 992 815 ex
1027 750 1324 815 omnibus
1360 750 1648 837 partibus
1684 775 1753 818 se
1790 754 2067 820 ostendit
2097 756 2165 821 in

165 846 219 913 iis
258 846 492 926 litteris,
546 868 708 931 quas
755 869 793 911 a
835 856 900 911 te
945 844 1234 931 proxime
1279 846 1526 932 accepi,
1580 869 1710 913 non
1754 848 1861 914 ille
1904 849 2161 935 quidem

164 941 282 1007 mihi
309 942 558 1028 ignotus
573 987 593 1018 ,
643 941 756 1006 sed
791 950 1006 1005 tamen
1039 951 1264 1027 gratus
1299 951 1362 1005 et
1397 952 1684 1027 optatus3
1722 942 2001 1009 dicerem
2036 945 2165 1011 ‘iu-

163 1037 399 1115 cundus,’
448 1035 575 1101 nisi
625 1035 694 1101 id
741 1034 1010 1101 verbum
1054 1036 1123 1101 in
1169 1057 1357 1102 omne
1409 1046 1663 1123 tempus
1716 1038 2161 1124 perdidissem;

161 1154 322 1215 neque
362 1132 444 1197 ob
487 1154 638 1197 eam
683 1152 880 1195 unam
924 1151 1214 1207 causam,
1261 1152 1456 1214 quam
1501 1142 1574 1194 tu
1618 1132 1961 1217 suspicaris
1998 1145 2062 1199 et
2096 1136 2162 1198 in

161 1247 256 1309 qua
281 1249 374 1291 me
413 1224 756 1291 lenissimis
792 1235 856 1289 et
891 1225 1338 1289 amantissimis
1374 1225 1588 1291 verbis
1622 1236 1809 1291 utens
1845 1250 1914 1293 re
1947 1228 2163 1313 gravi-

159 1330 231 1385 ter
257 1342 528 1398 accusas,
567 1319 687 1385 sed
720 1318 924 1402 quod,
969 1319 1139 1383 illius
1174 1319 1333 1384 tanti
1370 1319 1645 1385 volneris
1680 1342 1846 1405 quae
1879 1321 2161 1389 remedia

159 1436 264 1480 esse
294 1416 604 1481 debebant
616 1462 636 1493 ,
681 1436 758 1479 ea
799 1414 978 1478 nulla
1014 1424 1180 1479 sunt.
1268 1414 1425 1499 quid
1460 1416 1669 1481 enim?
1710 1416 1794 1481 ad
1840 1417 2159 1484 amicosne

158 1510 512 1597 confugiam?
559 1532 760 1595 quam
793 1508 980 1581 multi
1015 1509 1200 1573 sunt?
1233 1509 1576 1576 habuimus
1614 1512 1782 1577 enim
1817 1512 1953 1579 fere
1988 1536 2161 1579 com-

157 1606 340 1685 munis,
373 1627 650 1691 quorum
687 1603 794 1669 alii
829 1604 1226 1679 occiderunt,
1263 1604 1373 1668 alii
1406 1606 1621 1670 nescio
1656 1627 1785 1689 quo
1820 1619 2009 1691 pacto
2045 1609 2160 1675 ob-

158 1699 474 1765 duruerunt.
566 1712 786 1766 tecum
836 1699 1052 1765 vivere
1104 1719 1361 1784 possem
1416 1700 1713 1783 equidem
1768 1712 1832 1766 et
1881 1702 2159 1767 maxime

158 1794 364 1860 vellem:
406 1806 728 1872 vetustas,
765 1814 971 1869 amor,
1010 1794 1432 1869 consuetudo,
1480 1793 1693 1858 studia
1724 1817 1905 1881 pana
1914 1819 1932 1872 ;
1987 1797 2162 1880 quod

158 1887 404 1967 vinclum,
439 1910 708 1975 quaeso,
745 1887 923 1953 deest
954 1898 1212 1952 nostrae
1239 1886 1706 1953 coniunctioni?
1738 1910 2161 1974 possumusne

155 1982 306 2067 igitur
336 2008 470 2051 esse
503 1984 680 2050 una?
721 2004 842 2049 nec
876 1982 1240 2048 mehercule
1273 1982 1597 2068 intellegO,
1635 1982 1791 2067 quid
1822 1983 2157 2071 impediat3

155 2078 238 2141 sed
267 2089 419 2145 certe
455 2079 674 2144 adhuc
707 2098 838 2142 non
872 2076 1144 2155 fuimus,
1191 2100 1340 2142 cum
1376 2100 1659 2142 essemus
1694 2077 1888 2144 vicini
1921 2080 1989 2144 in
2025 2080 2159 2145 Tu-

156 2173 383 2251 sculan0,
416 2174 483 2238 in
517 2172 914 2237 Puteolano:
951 2195 1102 2236 nam
1137 2170 1292 2255 quid
1328 2170 1537 2237 dicam
1572 2171 1640 2235 in
1674 2172 1872 2239 urbe?
1905 2173 1973 2239 in
2010 2197 2157 2259 qua,

70 2278 72 2341 j
157 2287 267 2330 cum
293 2269 495 2333 forum
541 2289 885 2334 commune
922 2267 1033 2343 sit,
1088 2266 1379 2331 vicinitas
1423 2289 1551 2331 non
1595 2268 1955 2352 requiritur.
2046 2272 2158 2337 sed

70 2354 73 2377 ⁵
157 2382 272 2427 casu
305 2363 512 2429 nescio
559 2383 692 2448 quo
735 2361 806 2425 in
849 2384 928 2425 ea
969 2371 1259 2446 tempora
1301 2372 1521 2426 nostra
1556 2372 1731 2427 aetas
1766 2362 2017 2443 incidit,
2064 2377 2155 2442 ut,

156 2474 264 2519 cum
293 2457 558 2523 maxime
594 2456 821 2521 florere
856 2477 976 2520 nos
1011 2466 1349 2541 oporteret,
1387 2467 1525 2520 tum
1560 2457 1773 2523 vivere
1809 2459 2003 2525 etiam
2038 2482 2158 2544 pu·-

155 2548 312 2616 deret:
355 2553 526 2636 quod
571 2551 746 2617 enim
791 2573 930 2616 esse
975 2560 1228 2635 poterat
1265 2550 1425 2614 mihi
1468 2550 1838 2637 perfugium
1886 2555 2156 2638 spoliato

154 2652 199 2705 et
238 2644 580 2713 domesticis
637 2656 702 2710 et
762 2645 1124 2711 forensibus
1179 2645 1567 2709 ornamentis
1622 2656 1815 2729 atque
1868 2646 2159 2711 solaciis?

153 2734 374 2818 litterae,
423 2742 650 2817 cred0,
714 2739 948 2823 quibus
1003 2750 1148 2803 utor
1199 2737 1496 2805 adsidue·
1549 2739 1706 2823 quid
1758 2739 1927 2805 enim
1981 2741 2156 2805 aliud

153 2827 316 2898 facere
353 2834 659 2920 possum?
703 2833 818 2898 sed
858 2832 1075 2898 nescio
1122 2854 1250 2916 quo
1295 2831 1551 2897 modo
1530 2857 1711 2919 ipsae
1754 2834 1901 2900 illae
1939 2836 2155 2900 exclu-

155 2920 264 2990 dere
293 2950 387 2994 me
414 2953 453 2994 a
486 2938 685 3015 portu
711 2937 776 2993 et
799 2926 1096 3013 perfugio
1123 2926 1421 2993 videntur
1447 2938 1511 2993 et
1540 2929 1724 3013 quasi
1752 2929 2154 3015 exprobrare,

154 3020 338 3098 quod‘
321 3046 384 3086 ιιι
418 3046 498 3088 ea
544 3021 679 3087 vita
723 3044 1017 3086 maneam
1029 3068 1047 3098 ,
1102 3021 1168 3085 in
1215 3044 1345 3107 qua
1378 3022 1537 3087 nihil
1580 3022 1731 3088 insit
1764 3024 1889 3089 nisi
1923 3047 2156 3111 propa-

151 3114 286 3194 gatio
321 3116 658 3184 miserrimi
699 3115 1024 3201 temporis.
1113 3116 1218 3181 hic
1259 3128 1332 3181 tu
1366 3139 1463 3181 me
1506 3118 1585 3180 ab
1622 3140 1701 3182 ea
1734 3118 1959 3184 abesse
1993 3119 2155 3184 urbe

151 3205 369 3289 miraris,
401 3212 468 3276 in
501 3233 638 3296 qua
660 3210 888 3275 domus
923 3210 1080 3275 nihil
1109 3208 1425 3277 delectare
1460 3211 1680 3295 possit,
1718 3234 2040 3276 summum
2076 3213 2158 3276 sit

153 3300 328 3369 odium
356 3323 746 3393 temporum,
781 3304 1142 3383 hominum,
1178 3304 1332 3382 fori,
1370 3304 1623 3369 curiae?
1673 3304 1889 3387 itaque
1927 3306 2019 3370 sic
2052 3305 2157 3371 lit-

153 3395 267 3461 teris
305 3410 471 3480 utor,
511 3400 583 3466 in
619 3400 852 3485 quibus
889 3422 1194 3466 consumo
1231 3422 1420 3465 omne
1464 3410 1747 3484 tempus,
1792 3418 1919 3463 non
1964 3410 2040 3465 ut
2073 3400 2156 3464 ab

153 3487 210 3553 iis
251 3496 615 3562 medicinam
666 3507 1071 3582 perpetuam,
1127 3495 1240 3562 sed
1293 3507 1367 3561 ut
1420 3495 1717 3581 exiguam
1772 3494 2157 3561 oblivionem

156 3580 341 3653 doloris
373 3601 604 3676 petam.
669 3589 844 3674 quod
879 3589 934 3655 si
968 3590 1037 3655 id
1073 3590 1427 3676 egissemus
1464 3612 1587 3677 ego
1622 3601 1815 3674 atque
1848 3598 1941 3666 tu,
1979 3590 2153 3673 quod

154 3697 216 3741 ne
240 3679 298 3746 in
327 3695 598 3750 mentem
633 3674 894 3768 quidem
937 3684 1120 3751 nobis
1157 3684 1456 3751 veniebat
1500 3695 1762 3771 propter
1807 3684 2156 3749 cotidianos

155 3783 339 3853 metus,
362 3780 415 3842 εἰ
439 3800 624 3843 omne
651 3790 904 3866 tempus
933 3802 1062 3844 una
1087 3778 1453 3857 fuissemus,
1488 3800 1699 3863 neque
1726 3801 1833 3844 me
1857 3776 2159 3843 valetudo

154 3870 240 3929 tua
274 3869 610 3939 offenderet
649 3894 860 3958 neque
903 3886 966 3939 te
1018 3895 1270 3941 maeror
1321 3897 1523 3941 meus.
1622 3871 1795 3959 quod
1848 3882 2157 3956 quantum

157 3954 264 4023 fieri
291 3968 509 4051 poterit
543 3989 1036 4052 consequamur.
1075 3969 1232 4053 quid
1265 3970 1436 4034 enim
1464 3980 1561 4034 est
1588 3968 1844 4051 utrique
1870 3975 2155 4032 nostrum

159 4053 361 4135 &ptiust
391 4062 756 4149 propediem
792 4073 856 4129 te
890 4061 1088 4149 igitur
1121 4063 1374 4130 videbo,

2194 3601 2220 3642 ὅ
