2675 4559
492 229 623 298 458
1116 239 1192 297 M.
1231 238 1506 297 TULLII
1542 238 1939 297 CICERONIS

491 370 659 436 ieeta
707 377 874 436 sunt.
964 361 1195 429 Scauri
1229 362 1537 428 iudicium
1574 363 1789 429 statim
1824 363 2255 440 exercebitur,
2291 363 2389 429 cui
2418 385 2517 429 nos

491 487 619 529 non
657 460 993 534 deerimus.
1048 456 1475 535 συνδείπνους
1508 459 1942 544 Σοφοκλέους,
1977 480 2372 544 quamquam
2404 482 2441 524 s.
2468 473 2520 525 te

492 569 700 624 actam
745 554 1050 623 fabella-m
1093 552 1283 620 video
1318 574 1460 619 esse
1495 552 1753 630 festive,
1797 554 1974 618 nullo
2020 554 2218 619 modo
2264 554 2518 638 probavi.

493 651 680 719 venio
714 670 888 716 nunc
922 647 1005 716 ad
1039 646 1128 724 id,
1165 647 1342 731 quod
1374 646 1591 713 nescio
1621 670 1704 712 an
1738 647 2017 733 primum
2054 670 2199 714 esse
2235 647 2520 714 debuerit:

493 771 529 811 c]
585 743 898 813 iucundas
952 740 1109 810 mihi
1161 751 1307 807 tuas
1362 741 1446 807 de
1496 740 1833 806 Britannia
1883 740 2165 808 litteras!
2251 742 2522 807 timebam

494 839 828 907 mesanum
845 886 864 915 ‚
908 836 1215 903 timebam
1258 834 1411 905 litus
1456 835 1719 902 insulse.
1810 837 2057 921 reliqua
2091 858 2226 912 nen
2259 835 2523 921 equidem

493 947 860 1011 coutemnO,
922 931 1038 997 sed
1090 931 1235 1017 plus
1288 930 1530 997 habent
1581 927 1797 997 tamen
1849 932 1985 1017 spei
2038 941 2240 1016 quam
2292 930 2525 1004 timoris,

493 1030 827 1115 magisque
879 1047 1026 1094 sum
1087 1025 1395 1095 sollicitus
1448 1027 1923 1112 exspectatione
1975 1050 2055 1093 ea
2108 1048 2307 1113 quam
2356 1035 2521 1091 metu.

493 1141 549 1191 te
593 1146 742 1196 veto
777 1118 1114 1192 ὑπόθεσιν
1150 1120 1471 1187 scribendi
1508 1120 1833 1209 egregiam
1867 1122 2109 1208 habers
2141 1122 2356 1187 video:
2390 1141 2521 1205 quos

493 1240 557 1283 tu
609 1219 797 1296 sime,
848 1239 1010 1301 quas
1061 1226 1323 1305 naturas
1368 1239 1583 1282 rerum
1628 1227 1693 1282 et
1732 1218 2049 1293 locorum,
2108 1238 2272 1301 quos
2323 1237 2519 1289 morea,

489 1335 646 1395 quas
673 1312 904 1399 gentis,
940 1331 1102 1393 quas
1136 1332 1411 1396 pugnas,
1448 1332 1640 1396 quem
1671 1335 1823 1377 vero
1858 1312 2073 1398 ipsum
2101 1312 2520 1398 imperatorem

489 1407 715 1474 habe-1
805 1427 927 1491 ego
963 1416 1026 1471 te
1059 1404 1363 1492 libenter,
1409 1418 1478 1471 ut
1513 1429 1735 1493 rogas,
1782 1408 2017 1491 quibus
2062 1408 2263 1474 rebus
2306 1408 2395 1476 vis
2427 1404 2518 1470 ad-

485 1501 719 1569 ‚iurabo
746 1511 807 1568 et
835 1499 952 1565 tibi
978 1522 1223 1577 versus,
1259 1521 1422 1585 quos
1449 1523 1660 1587 rogas,
1688 1498 1912 1587 γλαῦκ’
1938 1501 2035 1581 εἷς
2064 1499 2361 1589 Ἀθήνας,
2397 1500 2517 1564 mit·

429 1619 449 1653 s,
489 1611 637 1659 tamt.
727 1593 839 1660 sed
875 1594 1035 1660 heus
1072 1605 1162 1671 tu,
1201 1595 1395 1660 celari
1429 1596 1651 1661 videor
1686 1621 1725 1662 a
1758 1608 1851 1663 te:
1912 1598 2412 1682 quomodonam,
2443 1592 2513 1657 mi

489 1691 711 1767 frater,
758 1690 838 1755 de
874 1688 1105 1755 nostris
1142 1689 1435 1756 versibus
1472 1687 1755 1757 Caesar?
1808 1716 1959 1757 nam
1993 1694 2280 1779 primum
2311 1691 2513 1756 librum

489 1807 553 1847 se
593 1782 821 1869 legisse
857 1784 1110 1871 scripsit
1154 1783 1236 1848 ad
1273 1807 1375 1849 me
1412 1796 1588 1863 ante,
1628 1801 1692 1851 et
1725 1786 1933 1872 prima
1966 1788 2095 1865 sic,
2143 1798 2217 1852 ut
2252 1796 2429 1871 neget
2458 1804 2511 1846 se

485 1903 564 1943 uc
605 1875 820 1944 Graca
869 1878 1132 1962 quidem
1175 1878 1439 1945 meliora
1483 1880 1745 1966 legisse3
1799 1881 2050 1966 reliqua
2096 1882 2181 1947 ad
2226 1879 2507 1965 quendam

485 1975 695 2035 lucum
750 1972 1207 2060 ῥᾳθυμότεραε
1262 1973 1385 2038 hoc
1439 1974 1609 2039 enim
1660 1974 1861 2039 utitur
1912 1977 2137 2041 verbo.
2236 1974 2334 2039 dic
2380 1969 2506 2035 mihi

489 2090 739 2143 verum,
791 2089 946 2134 num
1000 2079 1111 2133 aut
1160 2090 1263 2133 res
1307 2091 1457 2134 eum
1501 2081 1614 2135 aut
1662 2068 1989 2157 χαρακτὴρ
2047 2094 2182 2137 non
2234 2065 2504 2136 delectat?

485 2163 641 2227 nihil
676 2172 801 2238 est,
835 2162 1009 2246 quod
1045 2185 1331 2228 vereare:
1379 2186 1501 2250 ego
1540 2165 1710 2230 enim
1743 2189 1825 2231 ne
1862 2166 1991 2253 pilo
2028 2166 2292 2253 quidem
2323 2164 2501 2229 minus

485 2271 585 2307 me
633 2246 880 2314 amabo,
967 2246 1090 2314 hac
1135 2247 1216 2313 de
1259 2270 1329 2314 re
1377 2251 1773 2337 φιλαληθῶς
1825 2263 1917 2330 et,
1970 2265 2048 2318 ut
2084 2254 2278 2329 soles,
2328 2244 2499 2315 scribe

481 2339 776 2403 fraterne.
