2675 4559
677 288 1233 347 EPISTOLARUM
1265 290 1426 346 VIII.
1464 293 1617 348 6-8.
2056 280 2182 347 179
2230 308 2233 311 ·

433 501 558 559 Scr-
577 501 790 557 Romae
807 503 1037 560 ineunte
1055 409 1246 561 lige
1265 502 1496 559 Octobri
1514 522 1565 561 a.
1586 522 1642 561 u.
1663 522 1711 561 c.
1732 504 1851 561 703.

688 598 1020 657 CAELIUS
1054 594 1417 657 CICERONI
1454 599 1619 656 SAL.

251 697 388 765 Etsi
431 698 516 765 de
560 718 631 765 re
671 698 934 785 publica
979 721 1145 784 quae
1191 698 1309 763 tibi
1354 700 1631 765 scribam
1674 699 1881 767 habeo
1894 746 1912 777 ,
1966 710 2181 767 tamen

145 792 294 869 nihil,
328 793 504 877 quod
539 792 747 880 magis
783 794 1157 879 gavisurum
1185 804 1248 859 te
1283 804 1530 879 putem,
1562 792 1769 860 habeo
1796 815 1993 880 quam
2027 794 2177 859 hoc:

145 886 278 950 scito
313 884 388 953 C.
429 885 888 973 Sempronium
924 886 1200 964 Rufum,
1243 884 1583 974 [Rufum,]
1630 888 1758 953 mel
1801 909 1877 953 ae
1922 887 2180 954 delicias

145 990 282 1057 tuas,
316 980 708 1047 calumniam
741 981 1023 1048 maximo
1057 982 1290 1068 plausu
1325 981 1567 1055 tulisse.
1624 980 1881 1067 quaeris
1917 987 2079 1065 ‘qua
2112 983 2181 1047 in

146 1074 377 1137 causa?
414 1074 517 1139 M.
557 1074 895 1153 Tuccium,
931 1086 1369 1143 accusatorem
1404 1096 1612 1152 suum,
1648 1084 1795 1160 post
1828 1074 2013 1141 ludos
2049 1074 2181 1141 Ro-

143 1187 339 1231 manos
381 1189 572 1233 reum
616 1169 762 1255 lege
797 1168 1012 1234 Plotia
1055 1169 1137 1234 de
1181 1169 1247 1233 vi
1291 1169 1447 1235 fecit
1489 1168 1613 1234 hoc
1658 1169 1953 1247 consilio,
2007 1170 2181 1255 quod

147 1260 396 1339 videbat,
434 1262 489 1327 si
519 1262 1059 1328 extraordinarius
1091 1286 1242 1329 reus
1266 1284 1456 1329 nemo
1485 1261 1873 1343 accessisset,
1911 1260 2033 1328 sibi
2059 1263 2182 1328 hoc

146 1373 287 1418 ‘anno
321 1376 587 1421 causam
624 1379 764 1422 esse
800 1357 1134 1424 dicendam
1145 1382 1162 1436 3
1201 1359 1471 1424 dubium
1504 1380 1695 1443 porro
1730 1358 1823 1423 illi
1858 1381 1988 1425 non
2023 1368 2179 1434 erat,

149 1447 278 1529 quid
324 1449 622 1515 futurum
674 1461 859 1518 esset.
954 1450 1194 1517 nemini
1245 1451 1369 1516 hoc
1423 1452 1671 1517 deferre
1726 1452 2181 1517 munusculum
2220 1508 2223 1511 ,

149 1542 340 1607 maluit
372 1565 574 1628 quam
603 1566 722 1609 suo
752 1544 1123 1610 accusatori.
1176 1545 1397 1628 itaque
1425 1544 1562 1610 sine
1588 1546 1720 1609 ullo
1754 1546 2182 1633 subscriptore

153 1635 446 1703 descendit
492 1650 558 1705 et
595 1638 912 1705 Tuccium
956 1661 1137 1705 reum
1179 1638 1355 1705 fecit.
1446 1648 1511 1703 at
1555 1659 1707 1724 ego,
1756 1639 1943 1704 simul
1989 1651 2181 1722 atque

151 1730 362 1808 audivi,
397 1732 737 1798 invocatus
774 1732 858 1798 ad
892 1731 1196 1799 subsellia
1228 1730 1322 1797 rei
1359 1751 1623 1797 occurro
1635 1752 1655 1807 3
1700 1752 1925 1816 surgo,
1972 1750 2181 1815 neque

155 1824 385 1889 verbum
412 1827 494 1893 de
522 1850 597 1893 re
633 1827 828 1893 facio:
866 1838 1072 1892 totum
1093 1824 1548 1911 Sempronium
1582 1844 1791 1909 usque
1818 1846 1896 1889 eo
1922 1844 2181 1911 perago,

72 1956 74 1965 ·
153 1928 210 1979 ut
237 1916 600 1987 Vestorium
645 1942 904 2005 quoque
947 1920 1351 2005 interponam
1388 1930 1453 1985 et
1496 1918 1671 1985 illam
1714 1917 2003 1986 fabulam
2037 1942 2183 1983 nar-

72 2044 74 2051 ·
155 2032 282 2091 rem,
313 2032 501 2099 quem
537 2016 628 2081 ad
662 2018 925 2082 modum
955 2017 1071 2081 tibi
1105 2038 1223 2103 pro
1253 2016 1563 2083 beneficio
1594 2015 1861 2093 dederit,
1877 2020 1913 2098 †
1930 2014 1983 2080 si
2010 2015 2183 2101 quod

156 2101 361 2173 iniuriis
412 2111 546 2175 suis
606 2120 802 2187 esset,
854 2120 927 2175 ut
970 2110 1306 2177 Vestorius
1362 2120 1625 2177 teneret.
1724 2109 1883 2175 haec
1928 2131 2182 2195 quoque

157 2218 354 2285 magna
391 2226 569 2270 nunc
619 2205 938 2295 contentio
991 2204 1204 2270 forum
1247 2215 1452 2270 tenet:
1505 2204 1604 2269 M.
1654 2202 1963 2271 Servilius
2007 2214 2184 2289 post-

156 2310 339 2373 quam,
373 2310 444 2363 ut
479 2310 818 2385 coeperat,
867 2299 1161 2365 omnibus
1193 2300 1263 2365 in
1297 2300 1492 2365 rebus
1527 2300 1817 2364 turbarat
1850 2322 1972 2365 nec
2007 2298 2179 2383 quod

153 2406 254 2451 non
281 2391 592 2458 venderet
627 2392 972 2477 quicquam
1004 2394 1348 2477 reliquerat
1388 2394 1797 2477 maximaque
1831 2392 2019 2458 nobis
2054 2403 2184 2457 tra-

156 2477 290 2547 ditus
323 2499 453 2552 erat
485 2486 760 2565 invidia,
795 2508 1005 2571 neque
1041 2487 1411 2553 Laterensis
1445 2499 1703 2573 praetor
1738 2485 2182 2572 expostulante

155 2568 465 2658 Pausania,
532 2580 720 2645 nobis
763 2582 1077 2667 patronis,
1131 2603 1252 2654 Qvo
1305 2604 1391 2647 m
1440 2603 1708 2647 mem
1754 2600 2180 2656 Pnnvnmssn'r,

156 2669 394 2754 recipcre
429 2673 673 2750 voluit,
727 2673 814 2755 Q.
850 2674 1056 2741 Pilius
1069 2723 1086 2753 ,
1139 2675 1537 2741 necessarius
1572 2672 1776 2737 Attici
1818 2672 2047 2748 nostri,
2102 2671 2182 2735 de

158 2768 482 2846 repetundis
529 2790 678 2833 eum
712 2769 1089 2854 postulavit:
1136 2791 1395 2855 magna.
1419 2767 1568 2833 ilico
1602 2767 1777 2832 fama
1812 2764 2087 2831 surrexit
2122 2776 2185 2829 et

161 2852 221 2917 de
258 2857 661 2927 damnatione
706 2861 1026 2929 ferventer
1065 2862 1243 2945 loqui
1279 2872 1377 2927 est
1422 2872 1739 2948 coeptum.
1829 2880 1957 2944 quo
1992 2869 2185 2924 vento

161 2949 426 3028 proicitur
457 2954 725 3044 Appius
757 2956 995 3033 minor,
1041 2966 1114 3020 ut
1155 2956 1467 3022 indicaret
1508 2954 1848 3041 pecuniam
1883 2976 1965 3019 ex
1998 2953 2184 3019 bonis

162 3043 322 3121 patris
355 3048 729 3135 pervenisse
765 3050 848 3114 ad
885 3048 1232 3116 Servilium
1255 3048 1956 3135 praevaricationisque
1992 3070 2187 3113 causa

164 3130 361 3206 diceret
395 3143 762 3231 depositum
789 3140 934 3211 HS.
951 3166 1155 3208 nxxxr.
1213 3142 1546 3208 admiraris
1582 3142 1953 3207 amentiam:
1989 3142 2186 3205 immo

165 3226 206 3290 εἰ
233 3236 540 3305 actionem'
570 3237 1102 3322 stultissimasque
1139 3237 1220 3303 de
1257 3258 1355 3315 se,
1390 3233 1667 3301 nefarias
1703 3234 1783 3298 de
1818 3243 1999 3319 patre
2037 3254 2189 3300 eon-

165 3318 435 3397 fessiones
471 3331 800 3398 audisses?
851 3331 1044 3398 mittit
1087 3332 1155 3397 in
1189 3329 1524 3397 consilium
1559 3326 1817 3394 eosdem
1850 3326 2023 3404 illos,
2076 3327 2188 3409 qui

167 3412 268 3483 litis
299 3427 724 3505 aestimarant,
759 3426 1022 3494 iudices.
1095 3448 1244 3493 cum
1279 3444 1488 3509 aequo
1535 3443 1802 3489 numero
1838 3421 2189 3487 sententiae

170 3506 428 3595 fuissent,
481 3521 855 3587 Laterensis
919 3522 1096 3609 leges
1155 3518 1461 3609 ignorans
1512 3514 1977 3606 pronuntiavit,
2031 3514 2188 3599 quid

173 3600 376 3691 singuli
405 3614 658 3681 ordines
701 3614 1122 3694 iudicassent,
1177 3626 1242 3681 et
1277 3614 1361 3679 ad
1406 3624 1793 3689 extremum,
1846 3619 1921 3675 ut
1964 3608 2191 3700 solent,

174 3714 273 3800 ⁸9³¹
300 3724 590 3773 Rumam
676 3720 1018 3795 postquam
1054 3708 1346 3774 discessit
1382 3718 1447 3773 et
1490 3728 1607 3793 pro
1644 3704 1939 3771 absoluto
1975 3698 2191 3767 Servi-

177 3784 277 3855 hus
319 3795 534 3866 haberi
587 3814 851 3891 coeptus
904 3813 1001 3869 est
1061 3802 1351 3887 legisque
1400 3822 1605 3866 unum
1658 3808 1721 3863 et
1774 3794 2193 3862 centesimum

102 3934 104 3943 ·
179 3902 342 3971 caput
379 3894 561 3983 legit,
613 3896 682 3963 in
727 3918 855 3983 quo
897 3898 990 3962 ita
1036 3907 1200 3974 erat,
1253 3918 1421 3969 Qvon
1466 3916 1677 3961 nonvu
1708 3910 1969 3957 marom
2000 3908 2194 3951 mon

104 3982 112 4103 {r
183 3998 306 4051 mss
334 4010 666 4071 rvmonnrr,
717 4016 786 4058 ro
819 4013 915 4059 1vs
949 4013 1278 4064 ammom
1311 4012 1498 4065 πετο,
1548 3989 1617 4052 in
1652 3985 1903 4063 tabulas
1940 3980 2193 4049 absolu-

187 4084 296 4143 tum
327 4106 448 4150 non
477 4089 750 4166 rettulit,
787 4086 1081 4152 ordinum
1115 4084 1352 4151 iudicia
1384 4080 1753 4169 perscripsit
1752 4126 1819 4233 {2
1832 4076 2193 4165 postulante

1829 4183 1857 4213 0
