2675 4559
709 253 1262 314 EPISTOLARUM
1299 257 1430 314 vn.
1465 257 1690 315 23-25.
2100 248 2224 321 163

202 404 310 468 que
350 379 570 447 nostri:
615 352 900 465 'primum
914 426 931 455 ,
988 391 1062 446 ut
1106 403 1248 448 eam
1292 380 1555 446 domum
1601 403 1914 459 sumeres,
1967 394 2044 449 ut
2093 406 2223 451 non

202 475 367 542 modo
396 495 593 561 prope
625 495 758 548 me,
812 473 928 539 sed
959 475 1150 560 plane
1185 496 1439 540 mecum
1479 475 1768 542 habitare
1812 497 2065 561 posses3
2113 477 2225 545 de-

198 569 327 636 inde
356 580 428 634 ut
459 568 733 654 migrare
777 578 955 633 tanto
990 589 1182 655 opere
1216 569 1500 634 festines.
1591 570 1704 636 sed
1739 591 1826 636 ne
1872 570 2114 648 vivam,
2168 573 2223 638 si

197 663 294 728 tibi
325 662 629 739 concedo,
674 673 747 727 ut
782 662 918 728 eius
954 663 1048 728 rei
1082 674 1153 728 tu
1188 663 1477 749 cupidior
1512 663 1620 741 sis,
1657 685 1853 748 quam
1889 687 2012 752 ego
2050 688 2220 732 sum:

196 757 385 842 itaque
425 757 639 823 omnia
682 756 1001 842 experiar3
1056 755 1243 823 video
1292 757 1492 834 enim,
1547 756 1704 842 quid
1758 780 1902 824 mea
1954 759 2220 836 intersit,

196 850 324 935 quid
358 851 686 934 utriusque
718 861 1027 917 nostrum.
1116 851 1172 917 si
1208 850 1367 934 quid
1402 871 1614 937 egero,
1651 849 1885 917 faciam
1919 863 1992 919 ut
2026 854 2219 920 scias:

65 964 67 1020 ι
195 956 253 1008 tu
282 955 340 1010 et
370 944 452 1011 ad
487 944 703 1012 omnia
736 944 1046 1011 rescribes
1083 957 1148 1010 et
1182 945 1440 1029 quando
1475 954 1539 1011 te
1575 955 1974 1031 exspectem,
2023 946 2220 1014 facies

194 1060 295 1114 me,
326 1039 378 1104 si
410 1038 529 1104 tibi
563 1037 903 1116 videbitur,
942 1038 1293 1104 certiorem.

1075 1187 1294 1245 XXIV.

577 1344 582 1353 ,
748 1289 867 1346 Ser.
887 1290 947 1345 in
965 1290 1286 1346 Tusculano
1305 1308 1357 1346 a.
1377 1309 1431 1346 u.
1452 1307 1501 1346 c.
1522 1292 1641 1365 709.

526 1395 608 1448 Μ.
649 1391 925 1449 CICERO
961 1391 1019 1448 S.
1058 1392 1133 1447 D.
1171 1393 1247 1447 M.
1284 1392 1528 1450 FADIO
1565 1392 1850 1450 GALLO.

293 1506 546 1572 Amoris
583 1507 847 1594 quidem
891 1508 1015 1583 tui,
1068 1528 1333 1592 quoquo
1371 1529 1474 1574 me
1509 1509 1702 1584 verti,
1757 1509 2057 1596 vestigia,
2111 1511 2214 1575 vel
2252 1535 2274 1573 1

190 1598 442 1682 proxime
478 1599 561 1666 de
597 1600 874 1686 Tigellio
885 1625 903 1678 3
952 1601 1123 1667 sensi
1169 1601 1340 1667 enim
1375 1624 1458 1667 ex
1503 1601 1728 1667 litteris
1772 1603 1900 1668 tuis
1934 1603 2120 1670 valde
2156 1615 2220 1669 te

67 1745 72 1783 4
189 1691 504 1761 laborasse:
544 1714 694 1758 amo
728 1693 927 1780 igitur
962 1695 1376 1760 voluntatem.
1443 1695 1557 1760 sed
1591 1715 1801 1780 pauca
1835 1695 1917 1762 de
1950 1719 2040 1762 re.
2107 1694 2220 1763 Ci-

69 1789 77 1881 '3
189 1785 333 1869 pius,
382 1788 641 1874 opinor,
695 1787 847 1852 olim
900 1793 1060 1853 ‘non
1094 1786 1392 1853 omnibus
1429 1786 1703 1852 dormio’
1717 1812 1736 1851 ε
1793 1788 1885 1854 sic
1929 1809 2054 1874 ego
2089 1810 2221 1855 non

71 1911 77 1958 ³,
190 1879 478 1959 omnibus,
516 1881 611 1946 mi
649 1878 871 1958 Galle,
907 1881 1135 1947 servio.
1226 1881 1345 1947 etsi
1380 1903 1546 1966 quae
1582 1892 1681 1947 est
1713 1880 1875 1947 haec
1909 1881 2219 1948 servitus?

190 1971 332 2050 olim,
365 1996 812 2060 cumregnare
839 1974 1385 2052 existimabamur,
1417 1997 1548 2040 non
1574 1985 1708 2042 tam
1733 1975 1818 2040 ab
1847 1974 1996 2041 ullis
2023 1996 2220 2060 quam

190 2063 288 2132 hoc
317 2078 599 2155 tempore
638 2069 944 2136 observor
978 2092 1018 2134 a
1050 2069 1556 2135 familiarissimis
1586 2066 1886 2135 Caesaris
1921 2068 2216 2135 omnibus

190 2172 403 2243 praeter
434 2163 668 2231 istum:
712 2162 781 2229 id
816 2183 937 2249 ego
970 2161 1039 2227 in
1071 2163 1265 2229 lucris
1299 2184 1492 2248 ponc,
1525 2184 1657 2228 non
1690 2162 1858 2229 ferre
1893 2163 2218 2229 hominem

190 2255 656 2336 pestilentiorem
706 2257 913 2342 patria
964 2278 1113 2334 sua3
1185 2278 1460 2341 eumque
1515 2257 1844 2322 addictum
1895 2256 2025 2322 iam
2076 2267 2214 2323 tum

190 2358 317 2431 puto
346 2371 481 2418 esse
518 2348 715 2417 Calvi
749 2350 987 2418 Licinii
1020 2351 1472 2437 Hipponacteo
1507 2349 1869 2436 praeconio.
1941 2361 2009 2416 at
2044 2351 2211 2427 vide,
2247 2378 2273 2417 8

190 2441 317 2522 quid
344 2455 745 2511 suscenseat:
779 2444 1107 2511 Phameae
1134 2466 1397 2510 causam
1421 2465 1809 2530 receperam,
1843 2443 2045 2530 ipsius
2075 2445 2219 2529 qui-

191 2533 310 2601 dem
350 2560 571 2620 cansa3
626 2551 767 2606 erat
818 2539 989 2608 enim
1032 2539 1190 2605 mihi
1240 2561 1396 2605 sane
1437 2537 1789 2605 familiaris.
1875 2539 1932 2604 is
1978 2539 2062 2603 ad
2113 2561 2216 2605 me

192 2631 334 2695 venit
365 2633 658 2718 dixitque
700 2633 979 2700 iudicem
1023 2633 1148 2700 sibi
1181 2655 1447 2720 operam
1488 2632 1642 2699 dare
1687 2632 2090 2698 constituisse
2137 2655 2215 2699 eo

191 2720 303 2806 ipso
334 2724 462 2804 die,
505 2748 640 2811 quo
676 2727 757 2792 de
790 2726 871 2793 P.
911 2725 1123 2794 Sestio
1159 2727 1229 2792 in
1262 2726 1598 2792 consilium
1639 2725 1719 2790 iri
1753 2746 2013 2791 necesse
2049 2737 2214 2790 erat:

192 2819 471 2902 respondi,
506 2820 690 2886 nullo
716 2820 907 2886 modo
936 2843 1040 2887 me
1074 2821 1288 2887 facere
1316 2840 1507 2906 posse
1519 2844 1539 2897 3
1575 2842 1769 2905 quem
1795 2819 1988 2885 vellet
2020 2819 2214 2884 alium

195 2903 331 2975 diem
369 2913 423 2979 si
465 2914 876 3000 sumpsisset,
922 2938 1027 2982 me
1070 2915 1129 2982 ei
1172 2936 1302 2980 non
1347 2914 1739 2981 defuturum.
1825 2912 1934 2980 ille
1979 2923 2215 2991 autem,

192 3002 282 3082 qui
309 3006 487 3075 sciret
522 3031 593 3075 se
629 3019 932 3095 nepotem
966 3008 1209 3075 bellum
1243 3009 1568 3076 tibicinem
1603 3008 1840 3075 habere
1869 3020 1934 3074 et
1967 3018 2069 3074 sat
2101 3007 2218 3072 bo—

193 3113 319 3161 num
348 3112 701 3180 unctorem,
736 3102 1025 3180 discessit
1059 3125 1099 3168 a
1123 3125 1247 3180 me,
1282 3113 1360 3168 ut
1392 3102 1550 3168 mihi
1583 3101 1940 3177 videbatur,
1975 3100 2212 3166 iratior.

194 3184 359 3258 habes
406 3192 652 3263 Sardos
704 3196 975 3272 venalis,
1039 3196 1236 3262 alium
1289 3197 1416 3262 alio
1467 3195 1838 3279 nequiorem
1849 3218 1870 3270 3
1923 3193 2215 3278 cognosti

69 3354 71 3362 ι
193 3300 367 3352 meam
400 3310 666 3356 causam
698 3300 763 3356 et
804 3290 985 3356 istius
1029 3290 1344 3357 salaconis
1386 3288 1806 3372 iniquitatem.
1898 3283 2211 3352 Catonem

195 3383 345 3444 tuum
381 3383 539 3449 mihi
581 3384 791 3462 mitt03
838 3384 1027 3470 cupio
1073 3383 1246 3451 enim
1278 3384 1524 3469 legere:
1568 3403 1671 3448 me
1707 3379 1923 3446 adhuc
1953 3401 2086 3444 non
2119 3378 2214 3445 le-

194 3468 333 3552 gisse
364 3486 548 3564 turpe
583 3479 839 3564 utrique
872 3475 1163 3544 nostrum
1199 3489 1314 3544 est.

1090 3629 1277 3684 XXV.
1599 3687 1613 3704 ·

744 3731 861 3787 Ser.
880 3728 940 3785 in
958 3728 1284 3786 Tusculano
1303 3748 1355 3786 a.
1377 3748 1431 3785 u.
1453 3749 1501 3786 c.
1523 3730 1640 3785 709.

528 3835 608 3887 M.
646 3831 923 3916 CICERO
960 3832 1017 3889 S.
1054 3833 1129 3888 D.
1167 3833 1243 3887 M.
1279 3831 1524 3889 FADIO
1562 3829 1847 3888 GALLO.

303 3939 489 4023 Quod
513 3946 845 4031 epistolam
872 3946 1264 4013 conscissam
1288 3947 1488 4024 doles,
1523 3945 1656 4011 noli
1688 3945 2000 4020 laborare,
2037 3943 2216 4008 salva
2251 3967 2276 4006 1

204 4042 307 4098 est:
355 4036 537 4104 domo
582 4051 787 4126 petes,
842 4062 991 4107 cum
1032 4040 1275 4107 libebit.
1365 4040 1539 4126 quod
1585 4050 1801 4106 autem
1834 4061 1940 4107 me
1973 4057 2238 4117 mones,·

1758 4139 1860 4194 11·
