2675 4559
223 4 671 79 “ww'‘
720 4 725 7 ’

609 245 1165 305 EPISTOLARUM
1197 246 1365 304 VIII.
1399 247 1483 303 11.
1505 247 1588 302 12.
2006 236 2130 303 187

143 372 200 437 de
229 369 475 437 Sittiano
511 370 764 458 negotio
799 370 1086 457 gaudem
1121 368 1258 445 sed,
1294 370 1597 457 quoniam
1634 372 1976 459 suspicaris
2009 373 2131 439 mi·

138 489 228 575 nus
257 475 412 532 certa
451 465 576 532 fide
611 486 734 531 esse
768 487 930 552 quos
975 463 1093 529 tibi
1135 463 1311 543 misi,
1364 476 1691 552 tamquam
1736 479 2129 553 procurator,

138 581 202 624 mc
230 581 384 645 agas,
417 580 592 647 roge.

1027 708 1162 765 XII.

475 812 594 871 Ser.
611 814 827 869 Romae
844 830 1036 870 mense
1055 810 1374 884 Septembri
1392 829 1443 868 a.
1461 829 1517 867 u.
1538 829 1587 868 e.
1608 812 1726 869 704.

637 914 967 974 CAELIUS
1005 914 1369 975 CICERONI
1405 914 1569 972 SAL.

226 1029 416 1098 Pudet
456 1052 562 1097 me
607 1030 727 1096 tibi
769 1030 1056 1097 confiteri
1099 1042 1165 1097 et
1207 1031 1391 1117 queri
1446 1030 1527 1097 de
1570 1030 1803 1120 Appii,
1854 1030 2129 1097 hominis
2167 1052 2185 1090 1

78 1198 80 1201 y
134 1123 508 1209 ingratissimi,
561 1124 840 1203 iniuriiS,
891 1126 1004 1210 qui
1054 1148 1162 1192 me
1203 1125 1444 1203 odisse,
1498 1126 1651 1209 quia
1693 1146 1933 1211 magna
1974 1124 2132 1191 mihi

136 1217 350 1287 debebat
395 1220 736 1298 beneficia,
788 1219 1000 1307 coepit
1042 1230 1136 1298 et,
1189 1242 1340 1287 eum
1366 1219 1583 1307 ,homo
1627 1242 1888 1299 avarus,
1940 1231 2013 1285 ut
2057 1242 2134 1287 ea

135 1314 366 1394 solveret,
399 1315 522 1383 sibi
557 1315 875 1401 imperare
902 1337 1032 1381 non
1067 1327 1303 1403 posset,
1338 1316 1663 1383 oecultum
1698 1315 1941 1383 bellum
1972 1315 2131 1381 mihi

78 1440 81 1443 ·
135 1406 330 1489 indixit,
373 1410 462 1478 ita
495 1410 824 1477 occultum
857 1420 1103 1487 tamen,
1146 1421 1220 1476 ut
1261 1411 1448 1477 multi
1490 1410 1650 1477 mihi
1694 1410 2133 1478 renuntiarent

135 1510 178 1564 et
201 1501 314 1587 ipse
344 1504 528 1571 facile
564 1502 1142 1571 animadverterem
1183 1504 1357 1570 male
1389 1524 1539 1569 eum
1572 1504 1654 1570 de
1686 1528 1793 1571 me
1828 1505 2130 1591 cogitare.

78 1684 81 1687 Ι
134 1607 302 1676 postea
345 1619 536 1683 quam
601 1620 756 1664 vero
809 1598 1094 1686 comperi
1154 1620 1306 1663 eum
1358 1596 1701 1683 collegium
1762 1608 2133 1685 temptasse,

135 1686 308 1757 deinde
340 1704 552 1779 aperte
593 1714 744 1759 cum
779 1690 1166 1777 quibusdam
1200 1691 1508 1767 locutum,
1545 1712 1691 1757 cum
1719 1691 1801 1755 L.
1820 1691 2133 1769 Domine,

78 1794 80 1797 ’
133 1794 184 1847 ut
208 1808 350 1853 nunc
381 1800 506 1867 est,
551 1787 716 1853 mihi
749 1786 1187 1853 inimicissimo
1223 1784 1512 1862 homine,
1550 1784 1932 1861 deliberare,
1969 1786 2136 1854 velle

134 1875 222 1943 hoc
243 1884 680 1949 munusculum
701 1881 949 1949 deferre
970 1877 1094 1947 Cn.
1113 1879 1450 1965 Pompeio,
1468 1878 1681 1965 ipsum
1708 1892 1777 1946 ut
1792 1878 2137 1966 reprehen-

135 1969 297 2039 derem
337 1987 396 2043 et
439 1978 523 2043 ab
573 1999 654 2043 eo
701 1976 1080 2063 deprecarer
1120 1975 1452 2052 iniuriam,
1504 1994 1699 2057 quem
1742 1974 1943 2040 vitam
1978 1972 2137 2039 mihi

78 2136 81 2159 Ι
136 2064 312 2134 debere
349 2082 678 2157 putaram,
724 2070 1067 2157 impetrare
1103 2092 1143 2134 a
1176 2092 1281 2135 me
1324 2090 1457 2134 non
1498 2067 1699 2155 potui.
1788 2066 1945 2154 quid
1980 2090 2137 2154 ergo
2172 2086 2198 2124 2

78 2162 81 2191 '
135 2161 229 2224 est?
275 2174 475 2233 tamen
528 2189 685 2233 cum
738 2164 876 2233 eius
935 2164 1182 2249 aliquot
1232 2164 1483 2243 amicis,
1545 2163 1657 2249 qui
1707 2174 1903 2231 testes
1956 2174 2141 2231 erant

136 2274 365 2325 meorum
397 2261 462 2325 in
505 2260 698 2327 illum
731 2260 1132 2337 meritorum,
1175 2259 1429 2325 locutus
1465 2280 1637 2337 sum3
1682 2268 1907 2344 postea
1940 2280 2141 2345 quam

135 2344 266 2415 illum
287 2376 360 2419 ne
385 2356 486 2420 cui
515 2354 676 2421 satis
695 2354 940 2419 faceret
965 2351 1228 2439 quidem
1250 2376 1357 2419 me
1384 2352 1651 2439 dignum
1680 2351 1919 2420 habere
1946 2354 2137 2429 sensi,

136 2444 282 2510 malui
311 2449 594 2537 collegae
639 2448 808 2525 eius,
856 2446 1098 2513 homini
1143 2446 1532 2513 alienissimo
1566 2446 1727 2513 mihi
1770 2458 1834 2512 et
1877 2459 2139 2533 propter

137 2538 414 2609 amicitiam
448 2555 635 2611 tuam
670 2564 800 2608 non
835 2540 1239 2627 aequissimo,
1275 2564 1381 2609 me
1410 2541 1699 2627 obligare
1734 2562 1935 2625 quam
1964 2540 2139 2607 illius

136 2627 301 2701 simiae
331 2639 574 2705 voltum
613 2637 847 2703 subire.
932 2636 1002 2702 id
1035 2647 1379 2723 postquam
1413 2636 1657 2713 resciit,
1694 2634 2040 2701 excanduit
2074 2644 2140 2699 et

135 2742 205 2788 me
233 2748 468 2797 causam
501 2730 982 2797 inimicitiarum
1018 2752 1326 2815 quaerere
1354 2727 1725 2805 clamitavit,
1762 2737 1857 2803 ut,
1892 2725 1947 2791 si
1981 2726 2140 2815 rqihi

134 2816 179 2881 in
204 2828 445 2907 pecunia
477 2827 700 2893 minus
735 2825 889 2891 satis
924 2820 1216 2901 fecisset,
1251 2847 1368 2911 per
1401 2824 1571 2890 hane
1602 2822 1883 2910 speciem
1918 2820 2140 2887 simul-
2258 2882 2265 2887 .

136 2914 240 2981 tatis
269 2942 404 2986 eum
440 2931 868 2989 consectarer.
952 2930 1179 3005 postea
1212 2940 1345 2983 non
1379 2916 1619 2985 destitit
1653 2938 1975 2985 arcessere
2007 2916 2141 2983 Po·

133 3004 227 3073 lam
265 3010 552 3083 Servium
600 3026 1064 3091 accusatorem,
1117 3012 1276 3079 inire
1321 3034 1472 3077 cum
1516 3011 1807 3079 Domitio
1854 3012 2140 3079 consilia.

82 3120 86 3187 ἰ,
134 3104 314 3185 quibus
339 3132 484 3177 cum
510 3134 746 3199 parum
769 3106 1163 3196 procederet,
1191 3117 1264 3172 ut
1291 3108 1425 3171 ulla
1454 3107 1600 3191 lege
1635 3105 1795 3171 mihi
1831 3118 2139 3191 ponerent
2176 3121 2201 3160 3

84 3194 86 3199 ’
134 3214 535 3286 accusatorem,
573 3203 924 3292 conpellari
959 3226 1038 3270 ea
1069 3202 1215 3288 lege
1241 3222 1347 3267 me
1376 3199 1735 3277 voluerunt,
1770 3220 1901 3283 qua
1930 3199 2142 3265 dicere

133 3311 230 3358 non
255 3310 566 3382 poterantt
601 3296 1080 3365 insolentissimi
1114 3294 1406 3360 homines
1441 3293 1707 3359 summis
1728 3290 2143 3358 Circensibus

133 3380 260 3455 ludis
297 3396 450 3461 meis
493 3394 956 3483 postulandum
997 3412 1104 3457 me
1149 3391 1294 3477 lege
1332 3386 1667 3457 Scantinia
1700 3397 1947 3453 curant.
2033 3386 2144 3450 vix

135 3476 223 3547 hoc
251 3501 373 3554 erat
405 3490 574 3557 Pola
617 3490 937 3566 elocutus,
983 3508 1134 3553 cum
1178 3506 1300 3573 ego
1336 3483 1626 3571 Appium
1672 3503 2003 3549 censorem
2038 3504 2146 3547 ea-

137 3571 246 3645 dem
273 3582 408 3671 lege
432 3585 774 3675 postulavi.
830 3582 1008 3669 quod
1035 3581 1265 3650 melius
1294 3580 1573 3658 caderet,
1606 3577 1768 3645 nihil
1797 3576 1961 3655 vidi3
1994 3596 2145 3645 nam

135 3668 202 3734 sic
231 3689 330 3743 est.
345 3702 384 3745 a
424 3681 666 3769 populo
712 3690 778 3747 et
820 3700 952 3745 non
995 3677 1216 3745 infimo
1263 3697 1521 3762 quoque
1566 3672 2021 3760 adprobatum,
2074 3679 2149 3735 ut

135 3766 390 3840 maiorem
423 3776 642 3863 Appio
688 3775 972 3842 dolorem
1016 3772 1192 3839 fama
1226 3793 1423 3858 quam
1467 3769 1811 3857 postulatio
1847 3764 2147 3831 attulerit.

137 3876 416 3938 praeterea
443 3870 627 3959 coepi
661 3868 989 3945 sacellum,
1023 3865 1094 3931 in
1120 3866 1312 3933 domo
1340 3864 1516 3949 quod
1543 3873 1661 3941 est,
1696 3862 1781 3927 ab
1807 3882 1885 3927 eo
1908 3869 2147 3945 petere.

141 3963 428 4032 conturbat
458 3988 562 4033 me
605 3988 789 4031 mora
831 3963 1000 4031 servi
1033 3962 1256 4040 huius,
1303 3959 1415 4045 qui
1460 3958 1579 4024 tibi
1619 3958 1861 4023 litteras
1908 3952 2147 4031 attulit3
2184 3969 2212 4009 4

140 4064 256 4118 flam
296 4060 559 4147 acceptis
602 4060 918 4149 prioribus
963 4056 1190 4125 litteris
1234 4054 1509 4142 amplius
1558 4050 1983 4139 quadraginta
2026 4052 2151 4117 dies
