2675 4559
717 299 1281 358 EPISTOLARUM
1313 301 1416 358 VI.
1451 301 1537 357 21.
1555 301 1640 356 22.
2083 290 2209 356 143

166 431 254 515 qui
291 451 379 494 ex
414 438 479 494 te
522 424 833 512 pendent,
888 425 1213 502 consulas,
1268 445 1437 508 quae
1483 424 1755 490 didicisti
1791 448 2085 510 quaeque
2122 427 2204 492 ab

167 521 587 589 adulescentia
645 518 1070 605 pulcherrime
1125 541 1164 582 a
1216 519 1697 604 sapientissimis
1758 520 1911 585 viris
1974 521 2208 587 tradita

165 615 461 684 memoria
487 624 553 679 et
578 613 845 679 scientia
872 612 1404 698 conprehendisti,
1439 612 1517 677 iis
1543 612 1665 678 hoc
1692 625 1977 700 tempore
2004 625 2204 692 utare,

164 733 310 795 quos
348 708 725 775 coniunctos
762 728 1016 772 summa
1048 705 1504 772 benevolentia.
1525 707 1942 792 plurimisque
1978 708 2087 774 offi
2095 712 2203 776 ciis

164 803 440 880 amisisti,
478 823 701 866 eorum
735 798 1152 876 desiderium,
1188 798 1246 865 si
1276 821 1408 864 non
1444 820 1650 883 aequo
1685 801 1919 879 animo,
1955 814 2022 867 at
2056 804 2203 868 forti

164 899 340 965 feras.
397 918 521 983 ego
548 893 705 989 quid
737 893 977 981 possim
1004 893 1219 958 nescio
1248 894 1354 959 vel
1387 895 1601 979 potius
1628 917 1732 961 me
1764 917 1992 981 parum
2017 920 2203 983 posse
2239 916 2259 955 »⁰1

165 992 353 1059 sentio
365 1016 385 1069 3
399 1071 404 1075 q
419 990 583 1055 illud
615 999 831 1056 tamen
864 988 982 1053 tibi
1015 988 1339 1073 polliceor,
1377 1011 1501 1066 me,
1537 1009 1979 1074 quaecumque
2016 992 2203 1056 saluti

167 1085 579 1173 dignitatique
613 1095 763 1150 tuae
798 1082 1156 1148 conducere
1192 1082 1569 1160 arbitrabor,
1605 1094 1783 1148 tanto
1819 1084 2030 1150 studio
2067 1108 2203 1152 esse

166 1182 503 1255 facturum,
550 1189 790 1262 quanto
834 1199 1086 1264 semper
1126 1189 1199 1242 tu
1235 1187 1298 1242 et
1344 1177 1552 1242 studio
1587 1189 1652 1243 et
1686 1178 1897 1244 officio
1932 1179 2000 1244 in
2045 1184 2199 1244 meis

165 1276 342 1341 rebus
387 1273 589 1340 fuisti.
671 1273 842 1357 *hanc
883 1294 1098 1337 meam
1139 1272 1531 1338 voluntatem
1564 1272 1650 1337 ad
1692 1283 1963 1339 matrem
2003 1286 2203 1352 tuam,

166 1370 457 1456 optimam
493 1367 801 1432 feminam
844 1366 1066 1451 tuique
1100 1366 1631 1444 amantissimam,
1668 1368 1889 1433 detuli.
1960 1369 2015 1432 si
2049 1372 2203 1452 quid

167 1464 236 1529 ad
266 1486 371 1528 me
408 1461 766 1548 scripseris,
814 1461 905 1526 ita
939 1460 1202 1538 faciam,
1248 1472 1320 1526 ut
1355 1472 1420 1526 te
1454 1462 1618 1527 velle
1652 1462 2057 1541 intellexero3
2107 1464 2203 1528 sin

168 1570 365 1623 autem
398 1569 472 1622 tu
507 1556 719 1621 minus
757 1554 1112 1641 scripseris,
1166 1575 1287 1640 ego
1323 1565 1541 1619 tamen
1575 1556 1819 1632 omnia,
1873 1578 2039 1640 quae
2087 1559 2203 1624 tibi

168 1653 329 1718 utilia
355 1674 497 1719 esse
525 1650 901 1728 arbitrabor,
938 1671 1188 1715 summo
1217 1647 1429 1715 studio
1455 1648 1919 1735 diligenterque
1945 1652 2199 1716 curabo.

170 1747 310 1812 vale.
