2675 4559
2176 86 2194 105 .

517 243 645 310 298
1137 254 1214 309 Μ.
1253 251 1528 310 TULLII
1563 249 1960 308 CICERONIS

513 403 640 466 que
692 379 987 464 publicae
1038 387 1357 463 praestem
1371 422 1389 452 ,
1453 375 1916 462 pecuniamque
1969 395 2164 459 quam
2219 373 2514 439 maximam

511 486 735 560 potero
770 483 834 538 et
878 493 1074 556 quam
1120 471 1446 536 celerrime
1484 479 1712 555 cogam
1729 533 1732 536 ,
1747 467 2172 552 omnibusque
2212 467 2516 534 rationibus

512 566 597 632 ad
630 586 745 631 vos
781 566 1051 630 mittam.
1138 565 1194 628 si
1238 584 1610 650 percurrero
1644 562 2039 648 provinciam
2075 572 2140 628 et
2183 583 2515 648 cognovero,

512 661 622 745 qui
668 660 853 725 nobis
896 671 961 725 et
1005 659 1099 724 rei
1142 657 1440 744 publicae
1484 657 1678 724 fidem
1720 657 2152 744 praestiterint
2201 657 2267 722 in
2307 678 2516 722 conser-

509 755 723 820 vanda
764 754 1039 840 pecunia
1084 777 1125 818 a
1166 776 1270 819 me
1315 753 1630 839 deposita,
1675 751 1914 836 quique
1961 751 2199 819 scelere
2241 751 2395 816 ultro
2433 750 2516 814 de-

509 847 787 914 ferentes
822 847 1165 934 pecuniam
1198 846 1525 932 publicam
1558 846 1682 912 hec
1716 867 1980 912 munere
2007 845 2365 912 societatem
2391 843 2516 908 faci-

510 963 739 1008 norum
776 964 925 1008 cum
958 940 1303 1008 Dolabella
1338 941 1623 1018 inierint,
1667 940 1904 1005 faciam
1940 961 2056 1006 vos
2093 940 2396 1007 certiores.
2455 937 2514 1000 de

510 1037 775 1122 quibus,
830 1038 883 1102 si
927 1036 1111 1104 vobis
1156 1036 1505 1113 videbitur,
1559 1035 1632 1112 si,
1687 1047 1762 1100 ut
1801 1035 2010 1101 meriti
2055 1047 2233 1113 sunt,
2284 1033 2516 1120 graviter

510 1130 959 1198 constitueritis
994 1152 1239 1216 nosque
1276 1140 1492 1196 vestra
1524 1128 1904 1196 auctoritate
1937 1127 2363 1203 firmaveritis,
2393 1125 2516 1190 faci-

512 1225 693 1290 cilius
754 1233 819 1291 et
878 1225 1123 1307 reliqua
1185 1224 1443 1310 exigere
1506 1224 1846 1308 vectigalia
1897 1233 1962 1288 et
2023 1234 2252 1290 exacta
2309 1241 2516 1290 servare

507 1321 875 1406 poterimus.
962 1319 1206 1384 interea
1240 1340 1370 1402 quo
1404 1319 1804 1384 commodius
1839 1319 2182 1405 vectigalia
2223 1317 2376 1386 tueri
2404 1336 2516 1402 pro-

508 1413 911 1497 vinciamque
948 1414 1035 1478 ab
1066 1413 1299 1479 iniuria
1333 1413 1681 1480 defendere
1715 1414 1984 1498 possim,
2029 1413 2404 1499 praesidium
2433 1431 2516 1473 vo-

504 1507 852 1572 luntarium
884 1507 1444 1592 necessariumque
1479 1509 1864 1594 comparavi.

446 1627 472 1669 τ
552 1607 560 1613 ’
632 1600 761 1666 His
787 1601 1015 1668 litteris
1044 1603 1295 1688 scriptis
1322 1602 1554 1668 milites
1585 1601 1834 1668 circiter
1859 1625 2006 1680 xxx,
2043 1623 2208 1686 quos
2224 1597 2516 1667 Dolabella

506 1719 587 1762 ex
604 1696 768 1762 Asia
801 1697 1283 1782 conscripserat,
1322 1720 1403 1762 ex
1435 1695 1627 1781 Syria
1659 1697 1980 1782 fugientes
2015 1696 2088 1761 in
2113 1693 2514 1782 Pamphyliam
2611 1765 2613 1770 .

504 1801 844 1856 venerunt:
881 1791 947 1856 hi
983 1791 1440 1857 nuntiaverunt
1474 1790 1886 1856 Dolabellam
1911 1789 2358 1867 Antiocheam,
2387 1805 2515 1871 quae
2611 1793 2613 1802 ⁴

503 1884 571 1950 in
601 1883 793 1971 Syria
828 1897 943 1964 est,
981 1887 1230 1952 venisse
1242 1910 1261 1963 3
1298 1908 1430 1951 non
1463 1895 1794 1971 receptum
1823 1896 2130 1951 conatum
2157 1907 2295 1952 esse
2319 1883 2514 1965 aliquo·
2612 1957 2613 1960 Ἴ

502 1978 669 2046 tiens
703 1979 770 2044 vi
801 1980 1062 2046 introire
1073 2005 1092 2058 3
1138 1980 1467 2067 repulsum
1513 2001 1766 2065 semper
1810 2001 1952 2044 esse
1989 2002 2145 2044 cum
2178 1998 2397 2065 magno
2425 1993 2512 2039 suo

504 2073 882 2142 detrimento
917 2075 1138 2158 itaque
1172 2086 1434 2142 centum
1467 2074 1716 2139 circiter
1750 2073 2022 2151 amissis,
2061 2075 2271 2161 aegris
2303 2069 2510 2142 relictis,
2608 2079 2614 2150 ξ

500 2177 694 2231 noctu
730 2168 1095 2234 Antiochea
1128 2169 1493 2254 profugisse
1527 2168 1923 2234 Laodiceam
1957 2189 2221 2246 versus3
2267 2189 2339 2234 ea
2366 2172 2510 2230 nocte
2611 2169 2614 2250 J

501 2260 707 2324 omnis
742 2261 877 2326 fere
911 2262 1237 2328 Asiaticos
1272 2261 1508 2328 milites
1543 2263 1626 2328 ab
1663 2284 1738 2328 eo
1775 2262 2176 2341 discessisse,
2223 2285 2302 2328 ex
2340 2259 2424 2324 his
2450 2255 2511 2320 ad
2606 2267 2614 2338 ιζ

501 2353 899 2438 octingentos
934 2355 1365 2420 Antiocheam
1398 2357 1638 2422 redisse
1674 2367 1737 2422 et
1773 2379 1841 2420 se
1858 2356 1954 2420 iis
1981 2357 2336 2432 tradidisse,
2367 2351 2458 2438 qui
2483 2371 2512 2411 a
2611 2359 2614 2432 j

502 2442 730 2510 Cassio
764 2446 968 2512 relicti
1001 2449 1146 2513 urbi
1179 2449 1273 2513 illi
1308 2461 1674 2534 praeerant,
1711 2461 1956 2516 ceteros
1991 2473 2112 2536 per
2129 2452 2436 2516 Amanum
2461 2443 2511 2506 in
2603 2451 2614 2536 ξ’

500 2537 792 2605 Ciliciam
846 2539 1278 2624 descendisse,
1340 2564 1471 2627 quo
1524 2566 1606 2609 ex
1657 2566 1924 2612 numero
1983 2567 2052 2610 se
2109 2565 2360 2633 quoque
2402 2558 2510 2604 esse
2611 2551 2614 2624 j

496 2633 825 2712 dicebant,
872 2617 1175 2702 Cassium
1210 2647 1424 2704 autem
1461 2659 1610 2703 cum
1643 2637 1778 2704 suis
1813 2638 2113 2704 omnibus
2161 2636 2352 2724 copiis
2381 2655 2512 2699 nun·

496 2729 726 2794 tiatum
772 2753 913 2796 esse
958 2730 1303 2815 quadridui
1345 2732 1468 2797 iter
1510 2732 1838 2797 Laodicea
1890 2732 2134 2798 afuisse
2188 2742 2349 2807 tum,
2397 2745 2510 2792 cum
2611 2739 2614 2745 ’

494 2819 839 2888 Dolabella
884 2845 959 2888 eo
1004 2824 1311 2890 tenderet.
1403 2846 1597 2909 quam
1631 2826 1715 2890 ob
1761 2849 1897 2891 rem
1941 2827 2244 2912 opimone
2289 2819 2509 2890 celerius
2606 2831 2613 2904 'j

496 2915 745 2980 confido
790 2913 1348 2984 sceleratissimum
1389 2921 1702 2986 latronem
1745 2943 1988 3006 poenas
2035 2920 2349 3022 daturum.
2421 2933 2506 2976 ΗΠ·
2612 2949 2613 2952 “

492 3004 662 3073 Νοιι.
699 3009 843 3075 Ιιιιι.
876 3010 1153 3098 Pergae.
1279 3031 1287 3038 “

1438 3249 1598 3306 XVI.

914 3347 1030 3404 Scr.
1049 3351 1290 3406 Athenis
1308 3351 1468 3408 vm.
1489 3351 1621 3406 Kal.
1643 3352 1768 3406 Iun.
1792 3370 1842 3408 a.
1863 3370 1919 3406 u.
1939 3371 1988 3408 c.
2009 3353 2127 3408 710.

997 3453 1434 3510 TREBONIUS
1470 3452 1832 3510 CICERONI
1869 3453 2031 3510 SAL.

429 3595 455 3634 ι
622 3571 691 3640 S.
730 3598 790 3638 v.
826 3575 891 3639 b.
954 3575 1248 3642 Athenas
1294 3575 1441 3641 veni
1485 3601 1542 3642 a.
1581 3577 1643 3641 d.
1679 3601 1763 3641 ιιι.
1801 3578 1954 3642 Kal.
1997 3578 2145 3642 Iun.
2193 3587 2374 3660 atque
2415 3567 2500 3638 ibi,

488 3667 663 3750 quod
690 3669 967 3735 maxime
994 3671 1319 3756 optabam,
1347 3671 1478 3736 vidi
1503 3671 1709 3736 filium
1739 3683 1944 3748 tuum,
1975 3672 2260 3738 deditum
2286 3660 2498 3753 optimiss
2611 3739 2613 3754 Ε

488 3761 716 3827 studiis
760 3785 1137 3848 summaque
1181 3765 1531 3832 modestiae
1575 3766 1780 3832 fama·
1827 3787 1957 3851 qua
1999 3790 2082 3834 ex
2122 3789 2192 3833 re
2237 3771 2497 3850 quantam

486 3856 879 3941 voluptatem
915 3858 1222 3944 ceperim,
1268 3861 1430 3926 scire
1475 3872 1658 3946 potes
1697 3862 1890 3927 etiam
1932 3885 2038 3929 me
2083 3869 2350 3933 tacente;
2394 3869 2495 3916 non

486 3947 657 4010 enim
690 3950 927 4028 nescis,
975 3953 1197 4035 quanti
1232 3963 1296 4020 te
1327 3953 1566 4020 faciam
1601 3966 1665 4020 et
1701 3976 1898 4039 quam
1915 3977 2050 4067 ‘pro
2083 3961 2293 4023 nostro
2327 3955 2496 4014 veter·
2612 4017 2613 4026 χ

482 4037 645 4102 rimo
698 4043 1155 4129 verissimoque
1209 4068 1424 4114 amore
1479 4048 1776 4116 omnibus
1840 4050 1968 4116 tuis
2021 4049 2208 4118 etiam
2256 4034 2496 4110 minimlss
2612 4125 2613 4138 χ
