2675 4559
450 217 577 285 368
652 289 654 291 ,
1067 229 1144 283 Μ.
1183 195 1462 286 'rt'JLLn
1495 223 1900 284 CICERONIS

1431 399 1507 454 X.

788 504 905 561 Scr.
925 504 1214 558 Brundisii
1231 503 1361 559 VH.
1379 504 1516 558 Idus
1536 501 1812 567 Quintiles
1832 518 1885 556 a.
1905 518 1960 555 u.
1979 519 2031 556 c.
2051 502 2170 557 707.

825 605 1168 666 TULLIUS
1207 605 1263 663 S.
1298 606 1376 661 D.
1413 602 1862 661 TERENTIAE
1899 601 2119 660 SUAE.

572 729 750 814 Quid
802 731 939 795 fieri
1002 730 1311 817 placeret,
1375 728 1600 815 scripsi
1655 726 1740 792 ad
1790 726 2226 813 Pomponium
2279 726 2512 805 serius,

434 846 637 910 quam
690 825 998 913 oportuit.
1054 847 1200 890 cum
1245 845 1323 890 eo
1367 823 1423 888 si
1465 824 1680 888 locuta
1723 821 1875 898 eris,
1927 821 2297 907 intelleges,
2351 823 2512 907 quid

438 920 575 986 fieri
612 920 823 986 velim.
879 919 1159 1006 apertius
1198 917 1410 994 scribi,
1447 914 1750 1002 quoniam
1777 915 1861 981 ad
1895 915 2076 981 illum
2105 915 2512 1025 scripseram,

439 1035 701 1081 necesse
734 1035 865 1080 non
898 1014 1040 1078 fuit.
1104 1012 1184 1078 de
1220 1035 1297 1077 ea
1329 1034 1401 1076 re
1437 1022 1501 1078 et
1535 1011 1616 1076 de
1653 1009 1878 1076 ceteris
1910 1011 2107 1076 rebus
2143 1031 2342 1094 quam
2379 1010 2514 1096 pri-

435 1131 619 1174 mum
652 1109 847 1175 velim
880 1108 1065 1173 nobis
1100 1107 1344 1172 litteras
1377 1106 1614 1171 mittas.
1670 1105 2100 1194 valetudinem
2133 1115 2313 1170 tuam
2353 1125 2514 1170 cura

438 1203 793 1290 diligenter.
850 1203 1011 1267 vale.
1068 1223 1175 1267 vn.
1211 1199 1370 1264 Idus
1407 1195 1772 1281 Quinctilis.

1411 1351 1518 1406 XI.

763 1453 879 1510 Ser.
899 1453 1186 1508 Brundisii
1202 1453 1397 1510 XVII.
1416 1454 1550 1508 Kal.
1574 1453 1805 1519 Quintil.
1827 1471 1878 1508 a.
1895 1471 1952 1510 u.
1973 1471 2020 1508 c.
2041 1454 2164 1508 707.

821 1556 1162 1615 TULLIUS
1199 1555 1257 1612 S.
1292 1556 1370 1612 D.
1408 1557 1858 1614 TERENTIAE
1895 1555 2115 1613 SUAE.

564 1670 635 1740 S.
671 1694 735 1737 v.
771 1672 835 1738 b.
864 1695 920 1740 e.
948 1695 1009 1738 v.
1038 1672 1255 1737 Tullia
1288 1683 1510 1737 nostra
1543 1672 1716 1738 venit
1751 1671 1838 1736 ad
1871 1694 1975 1736 me
2008 1692 2104 1756 pr.
2137 1671 2298 1736 Idus
2322 1671 2508 1750 Iun.;

435 1766 617 1832 cuius
672 1790 924 1832 summa
974 1767 1211 1832 virtute
1264 1777 1329 1832 et
1391 1765 1698 1853 singulari
1748 1764 2146 1832 humanitate
2199 1765 2508 1852 graviore

434 1861 629 1926 etiam
664 1883 808 1927 sum
844 1863 1062 1927 dolore
1106 1861 1398 1926 adfectus
1433 1871 1650 1925 nostra
1691 1860 1938 1924 factum
1973 1882 2112 1926 esse
2148 1861 2506 1946 neglegen-

433 1955 552 2032 tia,
604 1966 679 2021 ut
718 1957 912 2044 longe
958 1957 1083 2021 alia
1116 1957 1183 2021 in
1219 1956 1480 2021 fortuna
1511 1965 1707 2032 esset,
1762 1965 1955 2040 atque
1990 1955 2128 2020 eius
2177 1954 2385 2040 pietas
2423 1976 2502 2020 ac

434 2049 711 2134 dignitas
746 2051 1133 2137 postulabat.
1220 2049 1408 2116 nobis
1447 2061 1585 2116 erat
1629 2050 1696 2114 in
1740 2051 1954 2115 animo
1991 2046 2375 2115 Ciceronem
2419 2049 2505 2113 ad

435 2139 781 2208 Caesarem
816 2145 1067 2210 mittere
1104 2155 1170 2212 et
1202 2167 1353 2210 cum
1389 2166 1465 2210 eo
1494 2143 1616 2210 Cn.
1639 2143 2044 2210 Sallustium:
2083 2143 2137 2209 si
2170 2143 2502 2230 profectus

430 2235 579 2312 erit,
633 2235 870 2301 faciam
913 2249 978 2303 te
1025 2239 1380 2305 certiorem.
1471 2239 1901 2306 valetudinem
1947 2249 2126 2304 tuam
2163 2260 2319 2302 cura
2354 2237 2504 2301 dili-

428 2338 673 2414 genter.
727 2330 889 2394 vale.
943 2355 1092 2398 xvn.
1126 2333 1217 2396 K.
1258 2331 1624 2413 Quinctilis.

1385 2481 1520 2536 XII.

762 2582 878 2641 Ser.
898 2583 1183 2638 Brundisii
1200 2585 1344 2654 prid.
1365 2584 1512 2640 Non.
1533 2585 1805 2640 Novemb.
1827 2601 1877 2638 a.
1895 2600 1950 2637 ιι.
1970 2601 2020 2638 c.
2043 2584 2161 2638 707.

824 2685 1165 2743 TULLIUS
1202 2687 1651 2744 TERENTIAE
1689 2686 1888 2744 SUAE
1925 2685 1982 2743 S.
2017 2685 2092 2741 D.

556 2800 756 2882 Quod
787 2823 907 2866 nos
940 2800 1011 2866 in
1043 2800 1297 2868 Italiam
1333 2803 1546 2867 salvos
1581 2801 1832 2868 venisse
1865 2801 2136 2887 gaudes,
2173 2813 2500 2912 perpetuo

420 2894 709 2979 gaudeas
754 2895 977 2973 velim3
1030 2895 1145 2962 sed
1190 2896 1545 2980 perturbati
1589 2890 1808 2962 dolore
1864 2896 2064 2962 animi
2105 2897 2498 2983 magnisque

418 2987 666 3052 iniuriis
702 3000 918 3054 metuo
964 3012 1048 3054 ne
1089 2989 1157 3054 id
1191 2990 1440 3056 consilii
1474 2991 1859 3077 ceperimus,
1903 2991 2079 3076 quod
2122 3012 2254 3056 non
2299 2991 2496 3058 facile

420 3082 738 3168 explicare
772 3083 1112 3170 possimus.
1166 3106 1297 3169 qua
1322 3108 1415 3163 re,
1441 3096 1756 3170 quantum
1783 3094 1989 3172 potes,
2025 3085 2294 3151 adiuva:
2332 3087 2494 3172 quid

421 3189 637 3245 autem
670 3178 905 3264 possis,
940 3179 1099 3244 mihi
1132 3179 1202 3244 in
1235 3190 1516 3246 mentem
1551 3203 1681 3247 non
1715 3181 1911 3246 venit.
1999 3181 2067 3246 in
2102 3181 2278 3246 viam
2314 3182 2496 3266 quod

419 3281 483 3337 te
520 3272 633 3338 des
667 3273 791 3338 hoc
825 3285 1143 3359 tempore,
1190 3273 1349 3338 nihil
1384 3285 1510 3340 est:
1557 3286 1621 3340 et
1653 3275 1922 3362 longum
1957 3284 2057 3342 est
2099 3274 2222 3341 iter
2258 3285 2326 3341 et
2358 3298 2494 3340 non

418 3375 659 3443 tutum,
714 3377 778 3432 et
820 3388 951 3434 non
994 3367 1212 3446 video,
1268 3369 1426 3454 quid
1467 3369 1771 3454 prodesse
1813 3368 2052 3456 possis,
2106 3367 2161 3434 si
2213 3370 2495 3438 veneris.

416 3460 577 3524 vale.
634 3459 695 3524 d.
732 3483 828 3546 pr.
866 3462 1033 3527 Non.
1071 3463 1239 3528 Nov.
1276 3463 1644 3528 Brundisio.

696 3665 703 3672 .
1363 3613 1532 3668 XIII.

770 3713 887 3771 Sor.
906 3713 1191 3770 Brundisii
1209 3715 1309 3771 VI.
1330 3716 1467 3770 Idus
1487 3715 1768 3780 Quintiles
1786 3733 1838 3772 a.
1858 3733 1913 3772 u.
1935 3733 1984 3771 c.
2005 3717 2126 3771 707.

801 3817 1143 3877 TULLIUS
1182 3817 1239 3874 S.
1272 3817 1349 3872 D.
1385 3817 1836 3876 TERENTIAE
1873 3817 2094 3876 SUAE.

543 3929 739 4010 Quod
776 3933 1011 4042 scripsi
1042 3932 1127 3996 ad
1169 3942 1233 3998 te
1266 3933 1576 4022 proximis
1620 3934 1850 3999 litteris
1885 3933 1967 4000 de
2000 3933 2230 3999 nuntio
2265 3936 2493 4000 remit-

416 4019 638 4096 tendo,
676 4043 840 4104 quae
876 4027 959 4090 sit
991 4025 1179 4090 istius
1212 4027 1311 4091 vis
1347 4027 1472 4093 hoc
1506 4039 1797 4114 tempore
1832 4038 1898 4095 et
1931 4049 2100 4114 quae
2137 4028 2490 4096 concitatio
