2675 4559
509 259 637 326 236
1122 268 1198 321 Μ.
1236 266 1511 324 TULLII
1544 263 1957 333 CICERONIS,

509 396 903 464 rettulerunt.
961 388 1270 456 Servilius
1305 400 1567 476 rogatus
1601 411 1737 454 rem
1772 387 2045 464 distulit3
2082 409 2205 473 ego
2240 409 2377 452 eam
2410 410 2527 452 sen-

509 489 772 556 tentiam
798 485 951 562 dixi,
989 484 1093 550 cui
1119 495 1267 550 sunt
1293 483 1547 550 adsensi
1566 483 1648 547 ad
1672 505 1899 548 unum:
1936 505 2017 548 ea
2040 503 2213 565 quae
2240 481 2437 558 fuerit,
2463 505 2525 546 ex

511 595 766 652 senatus
803 581 1090 648 consulto
1127 601 1492 666 cognosces.
1580 589 1671 655 tu,
1706 599 2101 662 quamquam
2138 577 2393 643 consilio
2422 597 2530 640 non

511 698 662 765 eges
697 678 802 743 vel
846 674 1134 740 abundas
1180 673 1421 760 potius,
1474 685 1687 738 tamen
1733 672 1853 737 hoc
1896 669 2115 736 animo
2162 693 2303 736 esse
2342 670 2525 745 debes,

508 784 582 838 ut
633 771 791 836 nihil
842 769 968 835 huc
1019 768 1241 834 reicias
1285 791 1447 834 neve
1490 767 1559 831 in
1602 768 1793 832 rebus
1842 775 1976 832 tam
2024 765 2257 831 subitis
2307 775 2529 848 tamque

510 865 796 952 angustis
832 889 872 930 a
905 873 1132 930 senatu
1159 862 1492 928 consilium
1524 861 1871 946 petendum
1906 871 2120 946 putes,
2157 860 2294 946 ipse
2328 858 2433 924 tibi
2462 858 2527 923 sis

509 971 787 1038 senatus,
822 978 1226 1044 quocumque
1259 968 1323 1022 te
1360 955 1519 1024 ratio
1554 955 1648 1020 rei
1681 955 1977 1041 publicae
2012 955 2243 1030 ducet,
2280 974 2527 1036 sequare,

510 1077 696 1120 cures
740 1064 814 1118 ut
857 1063 1002 1117 ante
1044 1051 1286 1117 factum
1331 1049 1592 1133 aliquod
1636 1072 1685 1120 a
1719 1059 1783 1114 te
1828 1049 2167 1134 egregium
2212 1046 2525 1119 audiamna

511 1170 708 1233 quam
741 1146 1031 1212 futurum
1063 1143 1439 1230 putarimus.
1526 1141 1686 1207 illud
1720 1142 1836 1207 tibi
1880 1140 2217 1228 promitte,
2264 1137 2527 1224 quicquid

513 1242 634 1308 erit
668 1263 707 1304 a
728 1249 812 1305 .te
855 1238 1122 1314 factum,
1179 1236 1245 1301 id
1289 1246 1583 1302 senatum
1616 1257 1747 1300 non
1778 1236 1971 1301 modo
2020 1247 2095 1301 ut
2139 1234 2401 1300 fideliter
2435 1229 2525 1295 sed
2613 1253 2616 1258 ·

513 1335 704 1400 etiam
738 1342 808 1397 ut
845 1331 1164 1416 sapienter
1195 1327 1441 1394 factum
1473 1327 2038 1414 conprobaturum.

1438 1563 1630 1618 XVII.

864 1665 981 1722 Ser.
1001 1666 1061 1721 in
1078 1665 1479 1738 Allobrogibus
1497 1683 1687 1724 mense
1704 1663 1854 1719 Maio
1875 1683 1924 1720 a.
1944 1683 2001 1719 u.
2022 1683 2073 1721 c.
2096 1667 2213 1720 711.

1141 1767 1500 1826 PLANOUS
1537 1766 1914 1824 CICERONI.

640 1891 964 1958 Antonius
991 1890 1090 1956 Id.
1117 1890 1314 1956 Maiis
1352 1890 1435 1955 ad
1460 1889 1702 1956 Forum
1734 1889 1885 1954 Iulii
1921 1910 2071 1955 cum
2108 1889 2325 1978 primis
2358 1883 2517 1971 copiis

513 1987 715 2064 venit3
768 1985 1110 2052 Ventidius
1153 1984 1332 2049 bidui
1376 1984 1581 2070 spatio
1624 1983 1806 2049 abest
1850 1983 1935 2048 ab
1978 2005 2089 2063 eo;
2146 1981 2417 2070 Lepidus
2453 1974 2515 2040 ad

510 2082 754 2148 Forum
769 2079 1042 2147 Voconii
1078 2089 1286 2144 castra
1319 2078 1533 2155 habet,
1569 2077 1682 2163 qui
1714 2079 1893 2144 loeus
1926 2101 1965 2143 a
1990 2079 2167 2145 Foro
2196 2076 2347 2143 Iulii·
2370 2082 2515 2158 quat-

510 2189 656 2241 tuor
691 2185 754 2238 et
781 2173 1008 2259 viginti
1039 2173 1214 2237 milia
1242 2195 1549 2258 passuum
1578 2172 1779 2250 abest,
1813 2173 2032 2256 ibique
2059 2197 2167 2240 me
2194 2177 2513 2258 exspectare

511 2267 861 2343 constituit,
907 2287 1100 2350 quem
1145 2266 1228 2330 ad
1272 2265 1536 2330 modum
1570 2266 1709 2352 ipse
1743 2265 1900 2332 mihi
1934 2267 2209 2356 scripsit.
2294 2259 2445 2349 quod
2472 2256 2513 2320 si

511 2360 724 2426 omnia
763 2359 921 2424 mihi
965 2359 1214 2445 integra
1257 2368 1321 2424 et
1345 2359 1503 2444 -ipse
1548 2371 1613 2424 et
1656 2359 1915 2426 fortuna
1966 2361 2266 2436 servarit,
2320 2350 2510 2438 recipio

508 2455 692 2522 vobis
741 2454 1027 2520 celeriter
1076 2476 1182 2518 me
1231 2453 1566 2538 negotium
1610 2475 1692 2518 ex
1736 2455 2052 2521 sententia
2098 2453 2507 2522 confecturum·

507 2550 770 2618 fratrem
829 2570 1044 2614 meum
1105 2547 1387 2613 adsiduis
1454 2547 1781 2614 laboribus
1844 2545 2509 2624 concursationibusque

509 2644 870 2710 confectum
919 2642 1198 2729 graviter
1249 2665 1317 2708 se
1372 2643 1675 2708 habuisse
1730 2657 1918 2709 antea
1970 2645 2089 2711 tibi
2140 2639 2377 2728 scripsi3
2423 2627 2509 2698 sed

507 2751 722 2805 tamen
757 2760 906 2803 cum
939 2735 1212 2823 primum
1250 2757 1441 2823 posse
1477 2737 1727 2824 ingredi
1764 2737 1993 2823 coepit,
2030 2761 2161 2804 non
2194 2732 2386 2820 magis
2416 2722 2509 2792 sibi

507 2854 702 2916 quam
744 2831 837 2898 rei
880 2830 1176 2916 publicae
1221 2853 1292 2896 se
1335 2829 1735 2898 convaluisse
1779 2831 2179 2909 existimans,
2226 2829 2303 2894 ad
2335 2818 2504 2890 omnia

504 2925 786 3010 pericula
820 2925 1114 3009 princeps
1152 2945 1290 2991 esse
1324 2946 1457 2989 non
1490 2924 1847 2990 recusabat.
1936 2926 2052 2991 sed
2087 2947 2208 3012 ego
2242 2942 2379 2989 eum
2406 2931 2505 2979 non
2610 2985 2612 2992 Ι

503 3020 714 3084 solum
754 3017 1042 3094 hortatus
1088 3041 1260 3095 sum,
1313 3041 1539 3086 verum
1588 3019 1778 3085 etiam
1824 3020 2006 3106 coegi
2056 3022 2179 3086 isto
2221 3004 2501 3104 proficisci,

505 3111 677 3197 quod
711 3122 778 3176 et
817 3111 928 3176 illa
971 3112 1336 3179 valetudine
1380 3114 1589 3200 magis
1634 3113 1945 3180 conficere
1980 3137 2050 3180 se
2086 3135 2275 3200 quam
2314 3127 2405 3173 me
2431 3102 2502 3164 iu-

506 3229 658 3271 vare
693 3216 909 3292 posset
941 3206 1008 3272 in
1043 3207 1265 3272 castris
1277 3255 1296 3286 ‚
1343 3218 1408 3274 et
1451 3207 1622 3292 quod
1658 3208 2066 3276 acerbissimo
2096 3205 2356 3274 interitu
2386 3215 2499 3262 0011·

507 3304 721 3368 sulum
755 3323 891 3367 rem
923 3302 1250 3388 publicam
1275 3302 1580 3369 nudatam
1616 3304 1731 3368 tali
1765 3304 1903 3370 cive
1936 3314 2224 3389 praetore
2256 3301 2319 3364 in
2349 3290 2501 3358 urba-

504 3398 602 3462 nis
649 3396 874 3463 officiis
926 3397 1214 3484 indigere
1257 3398 1731 3464 existimabamt
1788 3399 1961 3484 quod
2013 3398 2069 3465 si
2112 3397 2221 3483 qui
2265 3398 2498 3457 vestrum

415 3529 440 3558 s
504 3513 633 3558 non
666 3491 992 3577 probabit,
1029 3491 1186 3556 mihi
1218 3493 1625 3578 prudentiam
1658 3494 1727 3558 in
1762 3493 2025 3562 consilio
2061 3492 2327 3560 defuisse
2356 3478 2495 3548 sciat,

503 3608 632 3651 non
667 3585 761 3651 illi
795 3608 950 3672 erga
983 3587 1257 3671 patriam
1289 3587 1682 3654 fidelitatem.
1770 3587 2057 3675 Lepidus
2093 3600 2319 3658 tamen,
2360 3565 2494 3659 qu⁰d

505 3700 627 3764 ego
663 3677 1133 3758 desiderabam,
1169 3680 1350 3759 fecit,
1386 3693 1459 3747 ut
1492 3683 1793 3768 Apellam
1830 3684 1913 3748 ad
1948 3707 2049 3750 me
2086 3683 2365 3749 mitteret,
2396 3680 2493 3749 <111⁰

504 3773 726 3838 obside
761 3774 888 3839 fide
921 3774 1091 3840 illius
1128 3785 1192 3840 et
1218 3775 1539 3843 societatis
1574 3777 1642 3843 in
1665 3799 1735 3842 re
1770 3779 2027 3863 publica
2054 3755 2490 3860 administranti?

503 3875 736 3934 uterer.
799 3867 1080 3934 studium
1113 3869 1272 3936 mihi
1307 3893 1497 3936 suum
1530 3870 1612 3935 L.
1652 3869 1902 3938 Gellius
1930 3876 1965 3954 †
1991 3873 2070 3938 de
2107 3871 2294 3937 tribus
2324 3859 2490 3924 fratu-

501 3958 624 4021 bus
645 3959 1008 4046 Segaviano
1041 3963 1357 4049 probavit,
1393 3988 1523 4051 quo
1558 3987 1681 4054 ego
1714 3966 2056 4054 interprete
2091 3958 2397 4034 novissime
2424 3937 2487 4006 δᾶ

501 4047 826 4135 Lepidum
859 4079 1004 4123 sum
1036 4080 1212 4128 usus.
1285 4061 1564 4128 amicum
1600 4083 1747 4130 eum
1781 4062 1875 4128 rei
1909 4061 2199 4150 publicae
2234 4054 2485 4136 003¹²⁰⁸⁸⁰
2597 4132 2605 4143 .
