2675 4559
676 261 1220 317 EmeruLfflUM
1256 261 1353 317 lv.
1393 261 1597 317 μη.
2077 249 2161 317 33

157 388 382 473 diligere
415 385 617 449 minus
651 384 887 461 debes,
938 384 1113 466 quod
1158 381 1502 449 deformior
1548 395 1673 461 est,
1728 385 1842 451 sed
1875 386 2158 453 misereri

157 480 332 566 potius
364 500 480 544 nec
513 500 651 544 eam
685 477 902 542 multis
937 478 1124 542 claris
1142 478 1311 542 -viris
1348 479 1639 544 orbatam
1672 480 1923 566 privare
1962 481 2154 546 etiam

155 584 378 659 aspectu
409 584 538 637 tuo.
600 572 895 655 denique,
932 572 987 636 si
1019 570 1142 635 fuit
1179 573 1399 658 magni
1434 574 1629 638 animi
1662 596 1791 639 non
1828 597 1967 640 esse
2004 597 2155 660 sup-
2187 596 2215 636 ι

153 669 351 752 plicem,
394 667 643 744 victori,
708 667 854 732 vide
908 689 988 732 ne
1043 667 1306 759 superbi
1359 669 1441 733 sit
1492 670 1817 756 aspernari
1868 670 2153 736 eiusdem

153 762 575 839 liberalitatem,
623 772 717 838 et,
754 763 813 827 si
844 759 1146 847 sapientis
1181 772 1280 827 est
1315 784 1532 827 carere
1567 764 1802 850 patria,
1848 764 1991 828 duri
2025 787 2155 829 non

154 855 487 935 desiderare,
523 867 608 935 et,
643 855 794 921 sire
827 854 1087 940 publica
1110 877 1240 920 non
1267 856 1473 941 possis
1508 856 1657 934 frui,
1694 858 1958 922 stultum
1985 858 2153 924 nolle

154 949 374 1035 privata.
460 961 655 1036 eaput
687 949 848 1014 illud
880 960 1007 1027 est,
1052 961 1154 1027 ut,
1200 950 1254 1014 si
1287 951 1414 1015 ista
1446 950 1580 1016 vita
1612 951 1729 1015 tibi
1763 952 2154 1018 commodior

155 1067 262 1108 esse
290 1046 601 1122 videatur,
646 1044 1058 1131 cogitandum
1092 1055 1306 1110 tamen
1342 1045 1454 1122 sit,
1501 1068 1583 1111 ne
1627 1045 1825 1112 tutior
1864 1067 1994 1111 non
2039 1047 2151 1110 sit:

155 1160 344 1225 magna
372 1140 730 1225 gladiorum
764 1150 862 1203 est
893 1138 1168 1216 licentia,
1204 1140 1318 1204 sed
1352 1139 1421 1203 in
1447 1139 1724 1205 externis
1757 1139 1913 1204 locis
1949 1139 2154 1205 minor

155 1231 303 1296 etiam
334 1234 412 1297 ad
444 1233 698 1299 facinus
723 1233 1125 1299 verecundia.
1179 1234 1335 1297 mihi
1372 1234 1543 1298 salus
1571 1245 1684 1298 tua
1718 1243 1933 1299 tantae
1961 1255 2151 1298 curae

154 1335 248 1402 est,
287 1337 352 1391 nt
381 1328 724 1405 Marcelle,
769 1328 952 1392 fratri
987 1338 1126 1404 tuo,
1172 1338 1284 1399 aut
1318 1351 1435 1413 par
1472 1337 1584 1392 aut
1619 1339 1787 1393 certe
1823 1328 2149 1413 proximus
2185 1398 2199 1409 ,

153 1418 259 1482 sim.
341 1432 518 1487 tuum
564 1432 663 1487 est
705 1422 1036 1487 consulere
1080 1423 1474 1507 temporibus
1519 1432 1595 1488 et‘
1625 1422 2044 1489 incolumitati
2088 1432 2152 1487 et

152 1511 281 1577 vitae
311 1526 368 1580 et
398 1515 672 1581 fortunis
710 1516 855 1580 tuis.

1084 1666 1159 1719 X.

524 1768 647 1824 Ser.
666 1769 878 1822 Romae
899 1786 1088 1823 mense
1104 1768 1369 1822 Ianuario
1387 1785 1438 1822 a.
1458 1785 1514 1821 u.
1533 1784 1582 1822 c.
1605 1767 1724 1821 709.

708 1869 982 1926 CICERO
1018 1869 1438 1926 MARCELLO
1478 1869 1534 1925 S.

245 1973 371 2041 Etsi
401 1976 559 2041 nihil
600 1987 736 2042 erat
770 1976 951 2053 novi,
987 1976 1159 2060 quod
1194 1976 1278 2040 ad
1311 1987 1376 2041 te
1412 1975 1776 2052 scriberem,
1812 1974 2149 2059 magisque
2187 1993 2205 2030 1

151 2065 340 2133 litteras
398 2081 541 2135 tuas
610 2071 739 2134 iam
791 2063 1159 2155 exspectare
1220 2071 1606 2156 incipiebam
1659 2070 1764 2135 vel
1820 2080 1882 2134 te
1936 2069 2148 2153 potius

150 2158 332 2242 ipsum,
364 2176 601 2243 tamen,
638 2185 785 2229 cum
811 2164 1208 2250 Theophilus
1240 2165 1768 2251 proficisceretur,
1802 2184 1934 2228 non
1968 2161 2170 2247 potui·

151 2252 270 2319 nihil
313 2258 368 2322 ei
408 2251 764 2325 litterarum
808 2258 990 2325 dare:
1044 2281 1199 2324 cura
1240 2260 1464 2345 igitur,
1516 2271 1589 2324 ut
1634 2281 1829 2343 quam
1870 2257 2149 2344 primum

62 2437 65 2438 γ
152 2348 348 2427 venias3
379 2352 601 2418 venies
641 2352 838 2428 enim,
875 2352 1031 2431 mihi
1066 2354 1284 2431 crede,
1320 2363 1756 2438 exspectatus,
1797 2372 2011 2435 neque
2049 2372 2151 2415 so-

151 2438 251 2503 lum
277 2445 465 2522 nobis,
499 2446 572 2511 id
611 2457 726 2524 est,
763 2447 909 2523 tuis,
948 2447 1060 2512 sed
1094 2470 1355 2533 prorsus
1391 2447 1708 2513 omnibus.
1764 2447 1939 2512 venit
1978 2446 2147 2510 enim

151 2533 268 2598 mihi
296 2535 356 2601 in
387 2553 668 2605 mentem
704 2541 1029 2606 subvereri
1063 2540 1412 2619 interdum,
1448 2564 1529 2606 ne
1565 2553 1627 2606 te
1665 2541 1934 2605 delectet
1967 2540 2149 2603 tarda

151 2624 398 2696 decessio.
457 2634 639 2717 quod
672 2634 724 2698 si
760 2635 1009 2699 nullum
1043 2634 1312 2702 haberes
1351 2659 1609 2701 sensum
1641 2635 1766 2700 nisi
1801 2634 2146 2709 oculorum,
2182 2648 2209 2687 2

151 2739 354 2801 prorsus
387 2727 499 2792 tibi
532 2730 967 2814 ignoscerem,
1020 2730 1075 2795 si
1111 2730 1434 2815 quosdam
1478 2730 1678 2794 nolles
1715 2728 1961 2805 videre,
2015 2727 2148 2803 sed,

155 2832 263 2879 cum
297 2819 525 2887 leviora
568 2843 702 2887 non
746 2824 948 2889 multo
992 2836 1232 2903 essent,
1286 2846 1454 2908 quae
1499 2824 1900 2900 audirentur,
1954 2842 2150 2905 quam

153 2925 276 2986 quae
305 2913 694 2994 viderentur,
740 2918 1101 3002 suspicarer
1143 2930 1359 2984 autem
1401 2919 1675 2984 multum
1718 2917 2023 2983 interesse
2058 2916 2150 2980 rei

153 2997 421 3072 familiaris
455 3021 609 3075 tuae
653 3021 716 3075 te
761 3032 958 3094 quam
999 3013 1275 3098 primum
1310 3014 1559 3091 venire,
1612 3014 1807 3096 idque
1840 3013 1909 3076 in
1941 3010 2148 3101 omnis

62 3176 63 3183 ἵ
151 3096 302 3174 partis
334 3102 586 3181 valeret,
623 3106 846 3190 putavi
881 3128 958 3171 ea
994 3107 1074 3171 de
1109 3130 1178 3171 re
1213 3118 1276 3172 te
1313 3129 1453 3172 esse
1488 3107 1981 3172 admonendum.
2035 3105 2149 3170 sed

153 3193 419 3274 quoniam,
455 3199 613 3282 quid
649 3198 804 3264 mihi
839 3201 1146 3286 placeret,
1185 3202 1462 3278 ostendi,
1498 3201 1745 3288 reliqua
1780 3212 1851 3264 tu
1885 3223 2000 3286 pro
2036 3211 2148 3265 tua

152 3285 433 3362 prudentia
457 3294 888 3360 considerabis
899 3320 917 3373 3
956 3319 1056 3361 me
1084 3308 1299 3362 tamen
1327 3296 1539 3372 velim,
1576 3295 1752 3379 quod
1778 3294 1860 3358 ad
1895 3304 2146 3378 tempus

154 3384 198 3437 te
225 3396 656 3468 exspectemus,
694 3389 1025 3455 certiorem
1059 3391 1278 3457 facias.

1066 3542 1170 3595 X1.

514 3611 520 3616 ’
559 3639 675 3695 Ser.
697 3640 984 3713 Mytilenis
1003 3650 1239 3699 exeunte
1261 3661 1409 3697 anno
1426 3661 1481 3698 u.
1502 3662 1549 3699 c.
1573 3644 1690 3699 708.

643 3744 1107 3802 MARCELLUS
1145 3746 1505 3803 CICERONI
1543 3746 1599 3802 S.

251 3838 588 3912 Plurimum
621 3850 897 3917 valuisse
934 3852 1107 3937 apud
1151 3875 1254 3917 me
1299 3863 1479 3917 tuam
1522 3873 1773 3937 semper
1810 3841 2148 3915 auctorita·
2185 3868 2208 3907 1

159 3937 257 3996 t‘³111
292 3958 428 4004 oum
475 3942 543 4005 in
585 3944 756 4009 omni
799 3968 868 4011 re
915 3956 1053 4010 tum
1094 3947 1162 4011 in
1198 3947 1320 4012 hoc
1355 3947 1633 4012 maxime
1667 3944 1924 4030 negotio
1967 3954 2148 4029 potes

163 4025 482 4100 existimare.
551 4060 697 4104 cum
731 4040 885 4105 mihi
925 4037 1003 4104 C.
1041 4040 1411 4119 Marcellus,
1448 4041 1645 4105 frater
1679 4038 2148 4105 amantissimus

1722 4138 1793 4196 5·
