<?xml version="1.0" encoding="UTF-8"?>
<!DOCTYPE html PUBLIC "-//W3C//DTD XHTML 1.0 Transitional//EN"
    "http://www.w3.org/TR/xhtml1/DTD/xhtml1-transitional.dtd">
<html xmlns="http://www.w3.org/1999/xhtml" xml:lang="en" lang="en">
 <head>
  <title>
</title>
<meta http-equiv="Content-Type" content="text/html;charset=utf-8" />
  <meta name='ocr-system' content='tesseract 3.04.00' />
  <meta name='ocr-capabilities' content='ocr_page ocr_carea ocr_par ocr_line ocrx_word'/>
</head>
<body>
  <div class='ocr_page' id='page_1' title='image "./mtulliiciceroni12unkngoog/mtulliiciceroni12unkngoog_0571.png"; bbox 0 0 2675 4559; ppageno 0'>
   <div class='ocr_carea' id='block_1_1' title="bbox 210 197 2218 296">
    <p class='ocr_par' dir='ltr' id='par_1_1' title="bbox 210 197 2218 296">
     <span class='ocr_line' id='line_1_1' title="bbox 210 197 2218 296; baseline -0.002 -1"><span class='ocrx_word' id='word_1_1' title='bbox 210 239 330 295; x_wconf 82' lang='lat' dir='ltr'><strong>DE</strong></span> <span class='ocrx_word' id='word_1_2' title='bbox 356 238 636 294; x_wconf 83' lang='lat' dir='ltr'><strong>PETIT.</strong></span> <span class='ocrx_word' id='word_1_3' title='bbox 663 236 873 295; x_wconf 84' lang='lat' dir='ltr'>CONS.</span> <span class='ocrx_word' id='word_1_4' title='bbox 897 237 1009 292; x_wconf 84' lang='lat' dir='ltr'><strong>AD</strong></span> <span class='ocrx_word' id='word_1_5' title='bbox 1034 236 1111 291; x_wconf 88' lang='grc' dir='ltr'><strong>Μ.</strong></span> <span class='ocrx_word' id='word_1_6' title='bbox 1138 237 1369 296; x_wconf 83' lang='lat' dir='ltr'><strong>TULL.</strong></span> <span class='ocrx_word' id='word_1_7' title='bbox 1391 237 1766 292; x_wconf 79' lang='lat' dir='ltr'><strong>FRATREM</strong></span> <span class='ocrx_word' id='word_1_8' title='bbox 1788 197 2010 294; x_wconf 65' lang='lat'><strong>36—45.</strong></span> <span class='ocrx_word' id='word_1_9' title='bbox 2091 221 2218 290; x_wconf 75' lang='grc'><strong>487</strong></span> 
     </span>
    </p>
   </div>
   <div class='ocr_carea' id='block_1_2' title="bbox 105 354 2338 4098">
    <p class='ocr_par' dir='ltr' id='par_1_2' title="bbox 126 354 2225 478">
     <span class='ocr_line' id='line_1_2' title="bbox 126 354 2225 478; baseline -0.001 -50"><span class='ocrx_word' id='word_1_10' title='bbox 126 362 183 428; x_wconf 88' lang='lat' dir='ltr'><strong>si</strong></span> <span class='ocrx_word' id='word_1_11' title='bbox 218 362 523 449; x_wconf 88' lang='lat' dir='ltr'><strong>probare</strong></span> <span class='ocrx_word' id='word_1_12' title='bbox 562 354 821 446; x_wconf 86' lang='lat' dir='ltr'><strong>poteris,</strong></span> <span class='ocrx_word' id='word_1_13' title='bbox 856 369 921 424; x_wconf 91' lang='lat' dir='ltr'><strong>te</strong></span> <span class='ocrx_word' id='word_1_14' title='bbox 946 359 1016 424; x_wconf 87' lang='lat' dir='ltr'><strong>in</strong></span> <span class='ocrx_word' id='word_1_15' title='bbox 1044 381 1153 425; x_wconf 91' lang='lat' dir='ltr'><strong>eos</strong></span> <span class='ocrx_word' id='word_1_16' title='bbox 1188 360 1364 446; x_wconf 89' lang='lat' dir='ltr'><strong>ipsos</strong></span> <span class='ocrx_word' id='word_1_17' title='bbox 1391 359 1814 478; x_wconf 71' lang='lat' dir='ltr'><strong>conpetitor-es</strong></span> <span class='ocrx_word' id='word_1_18' title='bbox 1849 368 1994 424; x_wconf 93' lang='lat' dir='ltr'><strong>tuos</strong></span> <span class='ocrx_word' id='word_1_19' title='bbox 2027 357 2225 426; x_wconf 88' lang='lat' dir='ltr'><strong>bene-</strong></span> 
     </span>
    </p>

    <p class='ocr_par' dir='ltr' id='par_1_3' title="bbox 124 453 1110 522">
     <span class='ocr_line' id='line_1_3' title="bbox 124 453 1110 522; baseline -0.005 0"><span class='ocrx_word' id='word_1_20' title='bbox 124 457 281 522; x_wconf 86' lang='lat' dir='ltr'><strong>volo</strong></span> <span class='ocrx_word' id='word_1_21' title='bbox 322 478 481 522; x_wconf 89' lang='lat' dir='ltr'><strong>esse</strong></span> <span class='ocrx_word' id='word_1_22' title='bbox 522 455 738 522; x_wconf 87' lang='lat' dir='ltr'><strong>animo</strong></span> <span class='ocrx_word' id='word_1_23' title='bbox 774 453 1110 519; x_wconf 82' lang='lat' dir='ltr'><strong>ostendito.</strong></span> 
     </span>
    </p>

    <p class='ocr_par' dir='ltr' id='par_1_4' title="bbox 126 515 2322 914">
     <span class='ocr_line' id='line_1_4' title="bbox 265 515 2322 633; baseline -0.002 -18"><span class='ocrx_word' id='word_1_24' title='bbox 265 549 625 633; x_wconf 77' lang='lat' dir='ltr'><strong>Quoniam</strong></span> <span class='ocrx_word' id='word_1_25' title='bbox 672 549 753 614; x_wconf 89' lang='lat' dir='ltr'><strong>de</strong></span> <span class='ocrx_word' id='word_1_26' title='bbox 797 547 1089 614; x_wconf 86' lang='lat' dir='ltr'><strong>amicitiis</strong></span> <span class='ocrx_word' id='word_1_27' title='bbox 1134 545 1590 614; x_wconf 77' lang='lat' dir='ltr'><strong>constituendis</strong></span> <span class='ocrx_word' id='word_1_28' title='bbox 1627 547 1790 612; x_wconf 88' lang='lat' dir='ltr'><strong>satis</strong></span> <span class='ocrx_word' id='word_1_29' title='bbox 1825 531 2067 612; x_wconf 81' lang='lat' dir='ltr'><strong>dictuni</strong></span> <span class='ocrx_word' id='word_1_30' title='bbox 2102 515 2218 624; x_wconf 85' lang='lat' dir='ltr'><strong>est,</strong></span> <span class='ocrx_word' id='word_1_31' title='bbox 2255 551 2322 606; x_wconf 85' lang='grc'><strong>11</strong></span> 
     </span>
     <span class='ocr_line' id='line_1_5' title="bbox 126 623 2314 729; baseline -0.003 -19"><span class='ocrx_word' id='word_1_32' title='bbox 126 645 507 712; x_wconf 88' lang='lat' dir='ltr'><strong>dicendum</strong></span> <span class='ocrx_word' id='word_1_33' title='bbox 571 653 667 708; x_wconf 90' lang='lat' dir='ltr'><strong>est</strong></span> <span class='ocrx_word' id='word_1_34' title='bbox 719 641 799 707; x_wconf 90' lang='lat' dir='ltr'><strong>de</strong></span> <span class='ocrx_word' id='word_1_35' title='bbox 858 641 968 706; x_wconf 86' lang='lat' dir='ltr'><strong>illa</strong></span> <span class='ocrx_word' id='word_1_36' title='bbox 1021 642 1219 706; x_wconf 83' lang='lat' dir='ltr'><strong>altera</strong></span> <span class='ocrx_word' id='word_1_37' title='bbox 1268 651 1452 729; x_wconf 87' lang='lat' dir='ltr'><strong>parte</strong></span> <span class='ocrx_word' id='word_1_38' title='bbox 1513 639 1866 726; x_wconf 87' lang='lat' dir='ltr'><strong>petitionis,</strong></span> <span class='ocrx_word' id='word_1_39' title='bbox 1911 655 2096 725; x_wconf 90' lang='lat' dir='ltr'><strong>quae</strong></span> <span class='ocrx_word' id='word_1_40' title='bbox 2153 639 2222 704; x_wconf 86' lang='grc' dir='ltr'><strong>1ιι</strong></span> <span class='ocrx_word' id='word_1_41' title='bbox 2263 623 2314 663; x_wconf 75' lang='lat'><strong>⁴¹</strong></span> 
     </span>
     <span class='ocr_line' id='line_1_6' title="bbox 127 730 2220 826; baseline -0.004 -22"><span class='ocrx_word' id='word_1_42' title='bbox 127 739 453 826; x_wconf 82' lang='lat' dir='ltr'><strong>populari</strong></span> <span class='ocrx_word' id='word_1_43' title='bbox 500 737 748 802; x_wconf 84' lang='lat' dir='ltr'><strong>ratione</strong></span> <span class='ocrx_word' id='word_1_44' title='bbox 782 744 1098 801; x_wconf 86' lang='lat' dir='ltr'><strong>versatur·</strong></span> <span class='ocrx_word' id='word_1_45' title='bbox 1147 757 1223 799; x_wconf 94' lang='lat' dir='ltr'><strong>ea</strong></span> <span class='ocrx_word' id='word_1_46' title='bbox 1268 733 1588 800; x_wconf 79' lang='lat' dir='ltr'><strong>desiderat</strong></span> <span class='ocrx_word' id='word_1_47' title='bbox 1627 730 2220 809; x_wconf 86' lang='lat' dir='ltr'><strong>nomenclationem,</strong></span> 
     </span>
     <span class='ocr_line' id='line_1_7' title="bbox 128 827 2221 941; baseline -0.002 -45"><span class='ocrx_word' id='word_1_48' title='bbox 128 831 571 941; x_wconf 81' lang='lat' dir='ltr'><strong>blanditiam,</strong></span> <span class='ocrx_word' id='word_1_49' title='bbox 608 828 1085 905; x_wconf 88' lang='lat' dir='ltr'><strong>adsiduitatem,</strong></span> <span class='ocrx_word' id='word_1_50' title='bbox 1122 827 1613 914; x_wconf 86' lang='lat' dir='ltr'><strong>benignitatem,</strong></span> <span class='ocrx_word' id='word_1_51' title='bbox 1647 849 1996 903; x_wconf 88' lang='lat' dir='ltr'><strong>rumorem,</strong></span> <span class='ocrx_word' id='word_1_52' title='bbox 2041 849 2221 914; x_wconf 86' lang='lat' dir='ltr'><strong>spem</strong></span> 
     </span>
    </p>

    <p class='ocr_par' dir='ltr' id='par_1_5' title="bbox 127 909 2338 3627">
     <span class='ocr_line' id='line_1_8' title="bbox 127 909 2316 1012; baseline -0.002 -22"><span class='ocrx_word' id='word_1_53' title='bbox 127 926 201 990; x_wconf 88' lang='lat' dir='ltr'><strong>in</strong></span> <span class='ocrx_word' id='word_1_54' title='bbox 266 949 357 992; x_wconf 88' lang='lat' dir='ltr'><strong>re</strong></span> <span class='ocrx_word' id='word_1_55' title='bbox 412 909 706 1012; x_wconf 89' lang='lat' dir='ltr'><strong>publica.</strong></span> <span class='ocrx_word' id='word_1_56' title='bbox 810 923 1091 1010; x_wconf 89' lang='lat' dir='ltr'><strong>primum</strong></span> <span class='ocrx_word' id='word_1_57' title='bbox 1142 922 1241 1001; x_wconf 89' lang='lat' dir='ltr'><strong>id,</strong></span> <span class='ocrx_word' id='word_1_58' title='bbox 1309 923 1485 1007; x_wconf 90' lang='lat' dir='ltr'><strong>quod</strong></span> <span class='ocrx_word' id='word_1_59' title='bbox 1544 921 1704 988; x_wconf 83' lang='lat' dir='ltr'><strong>facis</strong></span> <span class='ocrx_word' id='word_1_60' title='bbox 1715 969 1736 999; x_wconf 99' lang='lat'><strong>,</strong></span> <span class='ocrx_word' id='word_1_61' title='bbox 1807 932 1880 986; x_wconf 98' lang='lat' dir='ltr'><strong>ut</strong></span> <span class='ocrx_word' id='word_1_62' title='bbox 1929 921 2220 986; x_wconf 86' lang='lat' dir='ltr'><strong>homines</strong></span> <span class='ocrx_word' id='word_1_63' title='bbox 2261 955 2316 996; x_wconf 73' lang='lat'><strong>42</strong></span> 
     </span>
     <span class='ocr_line' id='line_1_9' title="bbox 130 1015 2218 1105; baseline -0.003 -21"><span class='ocrx_word' id='word_1_64' title='bbox 130 1019 350 1099; x_wconf 88' lang='lat' dir='ltr'><strong>noris,</strong></span> <span class='ocrx_word' id='word_1_65' title='bbox 400 1017 731 1105; x_wconf 89' lang='lat' dir='ltr'><strong>significa,</strong></span> <span class='ocrx_word' id='word_1_66' title='bbox 778 1027 851 1082; x_wconf 90' lang='lat' dir='ltr'><strong>ut</strong></span> <span class='ocrx_word' id='word_1_67' title='bbox 886 1016 1221 1102; x_wconf 79' lang='lat' dir='ltr'><strong>adpareat,</strong></span> <span class='ocrx_word' id='word_1_68' title='bbox 1275 1027 1340 1082; x_wconf 93' lang='lat' dir='ltr'><strong>et</strong></span> <span class='ocrx_word' id='word_1_69' title='bbox 1375 1039 1572 1102; x_wconf 83' lang='lat' dir='ltr'><strong>auge,</strong></span> <span class='ocrx_word' id='word_1_70' title='bbox 1618 1027 1692 1081; x_wconf 93' lang='lat' dir='ltr'><strong>ut</strong></span> <span class='ocrx_word' id='word_1_71' title='bbox 1727 1015 1957 1080; x_wconf 78' lang='lat' dir='ltr'><strong>cotidie</strong></span> <span class='ocrx_word' id='word_1_72' title='bbox 1991 1015 2218 1080; x_wconf 90' lang='lat' dir='ltr'><strong>melius</strong></span> 
     </span>
     <span class='ocr_line' id='line_1_10' title="bbox 132 1107 2260 1196; baseline -0.003 -18"><span class='ocrx_word' id='word_1_73' title='bbox 132 1115 282 1178; x_wconf 83' lang='lat' dir='ltr'><strong>flat:-</strong></span> <span class='ocrx_word' id='word_1_74' title='bbox 338 1111 517 1178; x_wconf 87' lang='lat' dir='ltr'><strong>nihil</strong></span> <span class='ocrx_word' id='word_1_75' title='bbox 568 1111 727 1176; x_wconf 91' lang='lat' dir='ltr'><strong>mihi</strong></span> <span class='ocrx_word' id='word_1_76' title='bbox 771 1121 903 1175; x_wconf 91' lang='lat' dir='ltr'><strong>tam</strong></span> <span class='ocrx_word' id='word_1_77' title='bbox 948 1110 1255 1196; x_wconf 80' lang='lat' dir='ltr'><strong>populare</strong></span> <span class='ocrx_word' id='word_1_78' title='bbox 1298 1107 1509 1193; x_wconf 85' lang='lat' dir='ltr'><strong>neque</strong></span> <span class='ocrx_word' id='word_1_79' title='bbox 1552 1121 1684 1174; x_wconf 89' lang='lat' dir='ltr'><strong>tam</strong></span> <span class='ocrx_word' id='word_1_80' title='bbox 1735 1118 1992 1195; x_wconf 85' lang='lat' dir='ltr'><strong>gratum</strong></span> <span class='ocrx_word' id='word_1_81' title='bbox 2042 1107 2260 1195; x_wconf 27' lang='lat' dir='ltr'><strong>vide—,⁹</strong></span> 
     </span>
     <span class='ocr_line' id='line_1_11' title="bbox 133 1201 2220 1288; baseline -0.004 -14"><span class='ocrx_word' id='word_1_82' title='bbox 133 1221 265 1275; x_wconf 85' lang='lat' dir='ltr'><strong>tur.</strong></span> <span class='ocrx_word' id='word_1_83' title='bbox 358 1207 609 1272; x_wconf 81' lang='lat' dir='ltr'><strong>¹deinde</strong></span> <span class='ocrx_word' id='word_1_84' title='bbox 653 1204 753 1282; x_wconf 88' lang='lat' dir='ltr'><strong>id,</strong></span> <span class='ocrx_word' id='word_1_85' title='bbox 804 1204 979 1288; x_wconf 91' lang='lat' dir='ltr'><strong>quod</strong></span> <span class='ocrx_word' id='word_1_86' title='bbox 1023 1215 1253 1270; x_wconf 84' lang='lat' dir='ltr'><strong>natura</strong></span> <span class='ocrx_word' id='word_1_87' title='bbox 1294 1225 1424 1269; x_wconf 89' lang='lat' dir='ltr'><strong>non</strong></span> <span class='ocrx_word' id='word_1_88' title='bbox 1460 1203 1660 1269; x_wconf 89' lang='lat' dir='ltr'><strong>habes</strong></span> <span class='ocrx_word' id='word_1_89' title='bbox 1671 1250 1690 1281; x_wconf 90' lang='lat'><strong>,</strong></span> <span class='ocrx_word' id='word_1_90' title='bbox 1743 1201 1939 1268; x_wconf 90' lang='lat' dir='ltr'><strong>induc</strong></span> <span class='ocrx_word' id='word_1_91' title='bbox 1982 1202 2049 1266; x_wconf 89' lang='lat' dir='ltr'><strong>in</strong></span> <span class='ocrx_word' id='word_1_92' title='bbox 2085 1201 2220 1266; x_wconf 85' lang='lat' dir='ltr'><strong>ani-</strong></span> 
     </span>
     <span class='ocr_line' id='line_1_12' title="bbox 132 1295 2218 1376; baseline -0.003 -10"><span class='ocrx_word' id='word_1_93' title='bbox 132 1323 325 1366; x_wconf 91' lang='lat' dir='ltr'><strong>mum</strong></span> <span class='ocrx_word' id='word_1_94' title='bbox 390 1295 507 1365; x_wconf 66' lang='lat' dir='ltr'><strong>ita&#39;</strong></span> <span class='ocrx_word' id='word_1_95' title='bbox 544 1299 975 1364; x_wconf 85' lang='lat' dir='ltr'><strong>simulandum</strong></span> <span class='ocrx_word' id='word_1_96' title='bbox 1036 1321 1208 1376; x_wconf 87' lang='lat' dir='ltr'><strong>esse,</strong></span> <span class='ocrx_word' id='word_1_97' title='bbox 1270 1309 1345 1363; x_wconf 90' lang='lat' dir='ltr'><strong>ut</strong></span> <span class='ocrx_word' id='word_1_98' title='bbox 1394 1309 1625 1364; x_wconf 80' lang='lat' dir='ltr'><strong>natura</strong></span> <span class='ocrx_word' id='word_1_99' title='bbox 1677 1297 1890 1364; x_wconf 87' lang='lat' dir='ltr'><strong>facere</strong></span> <span class='ocrx_word' id='word_1_100' title='bbox 1913 1339 1920 1348; x_wconf 71' lang='lat'><em>›</em></span> <span class='ocrx_word' id='word_1_101' title='bbox 1940 1296 2218 1362; x_wconf 76' lang='lat' dir='ltr'><strong>videare.</strong></span> 
     </span>
     <span class='ocr_line' id='line_1_13' title="bbox 136 1389 2220 1476; baseline -0.003 -17"><span class='ocrx_word' id='word_1_102' title='bbox 136 1417 297 1460; x_wconf 88' lang='lat' dir='ltr'><strong>nam</strong></span> <span class='ocrx_word' id='word_1_103' title='bbox 346 1393 624 1460; x_wconf 87' lang='lat' dir='ltr'><strong>comitas</strong></span> <span class='ocrx_word' id='word_1_104' title='bbox 668 1393 787 1457; x_wconf 89' lang='lat' dir='ltr'><strong>tibi</strong></span> <span class='ocrx_word' id='word_1_105' title='bbox 828 1414 958 1457; x_wconf 89' lang='lat' dir='ltr'><strong>non</strong></span> <span class='ocrx_word' id='word_1_106' title='bbox 1004 1393 1183 1459; x_wconf 87' lang='lat' dir='ltr'><strong>deest</strong></span> <span class='ocrx_word' id='word_1_107' title='bbox 1215 1414 1323 1470; x_wconf 88' lang='lat' dir='ltr'><strong>ea,</strong></span> <span class='ocrx_word' id='word_1_108' title='bbox 1370 1414 1536 1476; x_wconf 88' lang='lat' dir='ltr'><strong>quae</strong></span> <span class='ocrx_word' id='word_1_109' title='bbox 1571 1393 1742 1457; x_wconf 88' lang='lat' dir='ltr'><strong>bono</strong></span> <span class='ocrx_word' id='word_1_110' title='bbox 1777 1413 1854 1457; x_wconf 89' lang='lat' dir='ltr'><strong>ac</strong></span> <span class='ocrx_word' id='word_1_111' title='bbox 1887 1391 2071 1457; x_wconf 84' lang='lat' dir='ltr'><strong>suavi</strong></span> <span class='ocrx_word' id='word_1_112' title='bbox 2104 1389 2220 1475; x_wconf 59' lang='lat' dir='ltr'><strong>hof-</strong></span> 
     </span>
     <span class='ocr_line' id='line_1_14' title="bbox 134 1481 2219 1576; baseline -0.003 -22"><span class='ocrx_word' id='word_1_113' title='bbox 134 1490 320 1556; x_wconf 90' lang='lat' dir='ltr'><strong>mine</strong></span> <span class='ocrx_word' id='word_1_114' title='bbox 380 1490 588 1576; x_wconf 89' lang='lat' dir='ltr'><strong>digna</strong></span> <span class='ocrx_word' id='word_1_115' title='bbox 640 1499 764 1566; x_wconf 90' lang='lat' dir='ltr'><strong>est;</strong></span> <span class='ocrx_word' id='word_1_116' title='bbox 828 1487 943 1554; x_wconf 90' lang='lat' dir='ltr'><strong>sed</strong></span> <span class='ocrx_word' id='word_1_117' title='bbox 996 1509 1155 1574; x_wconf 89' lang='lat' dir='ltr'><strong>opus</strong></span> <span class='ocrx_word' id='word_1_118' title='bbox 1210 1481 1306 1552; x_wconf 89' lang='lat' dir='ltr'><strong>est</strong></span> <span class='ocrx_word' id='word_1_119' title='bbox 1357 1507 1594 1572; x_wconf 88' lang='lat' dir='ltr'><strong>magno</strong></span> <span class='ocrx_word' id='word_1_120' title='bbox 1645 1509 1839 1572; x_wconf 89' lang='lat' dir='ltr'><strong>opere</strong></span> <span class='ocrx_word' id='word_1_121' title='bbox 1891 1485 2219 1560; x_wconf 82' lang='lat' dir='ltr'><strong>blanditia,</strong></span> 
     </span>
     <span class='ocr_line' id='line_1_15' title="bbox 137 1577 2220 1693; baseline -0.004 -43"><span class='ocrx_word' id='word_1_122' title='bbox 137 1605 336 1693; x_wconf 60' lang='lat' dir='ltr'><strong>quae,</strong></span> <span class='ocrx_word' id='word_1_123' title='bbox 378 1582 639 1650; x_wconf 89' lang='lat' dir='ltr'><strong>etiamsi</strong></span> <span class='ocrx_word' id='word_1_124' title='bbox 665 1581 892 1647; x_wconf 87' lang='lat' dir='ltr'><strong>vitiosa</strong></span> <span class='ocrx_word' id='word_1_125' title='bbox 922 1593 1018 1647; x_wconf 88' lang='lat' dir='ltr'><strong>est</strong></span> <span class='ocrx_word' id='word_1_126' title='bbox 1054 1593 1120 1648; x_wconf 91' lang='lat' dir='ltr'><strong>et</strong></span> <span class='ocrx_word' id='word_1_127' title='bbox 1153 1581 1357 1668; x_wconf 90' lang='lat' dir='ltr'><strong>turpis</strong></span> <span class='ocrx_word' id='word_1_128' title='bbox 1384 1581 1452 1644; x_wconf 89' lang='lat' dir='ltr'><strong>in</strong></span> <span class='ocrx_word' id='word_1_129' title='bbox 1481 1591 1692 1646; x_wconf 89' lang='lat' dir='ltr'><strong>cetera</strong></span> <span class='ocrx_word' id='word_1_130' title='bbox 1725 1580 1876 1656; x_wconf 84' lang='lat' dir='ltr'><strong>vita,</strong></span> <span class='ocrx_word' id='word_1_131' title='bbox 1912 1590 2126 1644; x_wconf 88' lang='lat' dir='ltr'><strong>tamen</strong></span> <span class='ocrx_word' id='word_1_132' title='bbox 2149 1577 2220 1642; x_wconf 91' lang='lat' dir='ltr'><strong>in</strong></span> 
     </span>
     <span class='ocr_line' id='line_1_16' title="bbox 128 1671 2219 1762; baseline -0.004 -20"><span class='ocrx_word' id='word_1_133' title='bbox 128 1676 471 1762; x_wconf 79' lang='lat' dir='ltr'><strong>petitione</strong></span> <span class='ocrx_word' id='word_1_134' title='bbox 500 1685 595 1740; x_wconf 90' lang='lat' dir='ltr'><strong>est</strong></span> <span class='ocrx_word' id='word_1_135' title='bbox 622 1675 999 1741; x_wconf 86' lang='lat' dir='ltr'><strong>necessaria.</strong></span> <span class='ocrx_word' id='word_1_136' title='bbox 1065 1674 1320 1751; x_wconf 89' lang='lat' dir='ltr'><strong>etenim,</strong></span> <span class='ocrx_word' id='word_1_137' title='bbox 1359 1695 1506 1739; x_wconf 90' lang='lat' dir='ltr'><strong>cum</strong></span> <span class='ocrx_word' id='word_1_138' title='bbox 1535 1671 1914 1738; x_wconf 87' lang='lat' dir='ltr'><strong>deteriorem</strong></span> <span class='ocrx_word' id='word_1_139' title='bbox 1939 1671 2219 1754; x_wconf 83' lang='lat' dir='ltr'><strong>aliquem</strong></span> 
     </span>
     <span class='ocr_line' id='line_1_17' title="bbox 133 1761 2220 1877; baseline -0.005 -41"><span class='ocrx_word' id='word_1_140' title='bbox 133 1768 559 1836; x_wconf 80' lang='lat' dir='ltr'><strong>adsentando</strong></span> <span class='ocrx_word' id='word_1_141' title='bbox 596 1767 782 1847; x_wconf 88' lang='lat' dir='ltr'><strong>facit,</strong></span> <span class='ocrx_word' id='word_1_142' title='bbox 817 1779 953 1833; x_wconf 92' lang='lat' dir='ltr'><strong>tum</strong></span> <span class='ocrx_word' id='word_1_143' title='bbox 989 1766 1261 1877; x_wconf 88' lang='lat' dir='ltr'><strong>inproba</strong></span> <span class='ocrx_word' id='word_1_144' title='bbox 1295 1777 1421 1844; x_wconf 88' lang='lat' dir='ltr'><strong>est,</strong></span> <span class='ocrx_word' id='word_1_145' title='bbox 1469 1788 1616 1831; x_wconf 90' lang='lat' dir='ltr'><strong>cum</strong></span> <span class='ocrx_word' id='word_1_146' title='bbox 1653 1761 2044 1873; x_wconf 66' lang='lat' dir='ltr'><strong>amiciorem,</strong></span> <span class='ocrx_word' id='word_1_147' title='bbox 2088 1785 2220 1827; x_wconf 88' lang='lat' dir='ltr'><strong>non</strong></span> 
     </span>
     <span class='ocr_line' id='line_1_18' title="bbox 134 1856 2218 1950; baseline -0.006 -18"><span class='ocrx_word' id='word_1_148' title='bbox 134 1875 275 1932; x_wconf 84' lang='lat' dir='ltr'><strong>tam</strong></span> <span class='ocrx_word' id='word_1_149' title='bbox 320 1862 789 1950; x_wconf 83' lang='lat' dir='ltr'><strong>vituperanda,</strong></span> <span class='ocrx_word' id='word_1_150' title='bbox 844 1861 1100 1950; x_wconf 88' lang='lat' dir='ltr'><strong>petitori</strong></span> <span class='ocrx_word' id='word_1_151' title='bbox 1143 1883 1297 1927; x_wconf 87' lang='lat' dir='ltr'><strong>vero</strong></span> <span class='ocrx_word' id='word_1_152' title='bbox 1340 1860 1700 1926; x_wconf 88' lang='lat' dir='ltr'><strong>necessaria</strong></span> <span class='ocrx_word' id='word_1_153' title='bbox 1748 1869 1872 1935; x_wconf 91' lang='lat' dir='ltr'><strong>est,</strong></span> <span class='ocrx_word' id='word_1_154' title='bbox 1926 1856 2109 1924; x_wconf 89' lang='lat' dir='ltr'><strong>cuius</strong></span> <span class='ocrx_word' id='word_1_155' title='bbox 2153 1865 2218 1920; x_wconf 92' lang='lat' dir='ltr'><strong>et</strong></span> 
     </span>
     <span class='ocr_line' id='line_1_19' title="bbox 138 1954 2218 2036; baseline -0.004 -14"><span class='ocrx_word' id='word_1_156' title='bbox 138 1957 325 2022; x_wconf 82' lang='lat' dir='ltr'><strong>frons</strong></span> <span class='ocrx_word' id='word_1_157' title='bbox 382 1967 459 2022; x_wconf 87' lang='lat' dir='ltr'><strong>et</strong></span> <span class='ocrx_word' id='word_1_158' title='bbox 508 1957 721 2021; x_wconf 83' lang='lat' dir='ltr'><strong>voltus</strong></span> <span class='ocrx_word' id='word_1_159' title='bbox 770 1965 835 2021; x_wconf 92' lang='lat' dir='ltr'><strong>et</strong></span> <span class='ocrx_word' id='word_1_160' title='bbox 887 1976 1095 2021; x_wconf 87' lang='lat' dir='ltr'><strong>sermo</strong></span> <span class='ocrx_word' id='word_1_161' title='bbox 1142 1954 1226 2020; x_wconf 90' lang='lat' dir='ltr'><strong>ad</strong></span> <span class='ocrx_word' id='word_1_162' title='bbox 1278 1975 1530 2029; x_wconf 87' lang='lat' dir='ltr'><strong>eorum,</strong></span> <span class='ocrx_word' id='word_1_163' title='bbox 1585 1971 2025 2036; x_wconf 90' lang='lat' dir='ltr'><strong>quoscumque</strong></span> <span class='ocrx_word' id='word_1_164' title='bbox 2068 1972 2218 2014; x_wconf 87' lang='lat' dir='ltr'><strong>con-</strong></span> 
     </span>
     <span class='ocr_line' id='line_1_20' title="bbox 141 2045 2218 2128; baseline -0.005 -10"><span class='ocrx_word' id='word_1_165' title='bbox 141 2052 439 2128; x_wconf 79' lang='lat' dir='ltr'><strong>venerit,</strong></span> <span class='ocrx_word' id='word_1_166' title='bbox 491 2071 749 2114; x_wconf 88' lang='lat' dir='ltr'><strong>sensum</strong></span> <span class='ocrx_word' id='word_1_167' title='bbox 796 2060 861 2116; x_wconf 91' lang='lat' dir='ltr'><strong>et</strong></span> <span class='ocrx_word' id='word_1_168' title='bbox 904 2049 1301 2115; x_wconf 87' lang='lat' dir='ltr'><strong>voluntatem</strong></span> <span class='ocrx_word' id='word_1_169' title='bbox 1334 2045 1824 2113; x_wconf 89' lang='lat' dir='ltr'><strong>commutandus</strong></span> <span class='ocrx_word' id='word_1_170' title='bbox 1858 2056 1925 2110; x_wconf 90' lang='lat' dir='ltr'><strong>et</strong></span> <span class='ocrx_word' id='word_1_171' title='bbox 1968 2065 2218 2109; x_wconf 90' lang='lat' dir='ltr'><strong>accom-</strong></span> 
     </span>
     <span class='ocr_line' id='line_1_21' title="bbox 144 2131 2314 2224; baseline -0.005 -13"><span class='ocrx_word' id='word_1_172' title='bbox 144 2131 523 2211; x_wconf 84' lang='lat' dir='ltr'><strong>modandus</strong></span> <span class='ocrx_word' id='word_1_173' title='bbox 560 2152 673 2208; x_wconf 87' lang='lat' dir='ltr'><strong>est.</strong></span> <span class='ocrx_word' id='word_1_174' title='bbox 760 2142 911 2207; x_wconf 88' lang='lat' dir='ltr'><strong>iam·</strong></span> <span class='ocrx_word' id='word_1_175' title='bbox 926 2141 1325 2208; x_wconf 83' lang='lat' dir='ltr'><strong>adsiduitatis</strong></span> <span class='ocrx_word' id='word_1_176' title='bbox 1361 2141 1608 2207; x_wconf 88' lang='lat' dir='ltr'><strong>nullum</strong></span> <span class='ocrx_word' id='word_1_177' title='bbox 1647 2150 1743 2205; x_wconf 87' lang='lat' dir='ltr'><strong>est</strong></span> <span class='ocrx_word' id='word_1_178' title='bbox 1776 2149 2214 2224; x_wconf 83' lang='lat' dir='ltr'><strong>praeceptum3</strong></span> <span class='ocrx_word' id='word_1_179' title='bbox 2259 2168 2314 2208; x_wconf 74' lang='lat'><strong>43</strong></span> 
     </span>
     <span class='ocr_line' id='line_1_22' title="bbox 146 2233 2217 2322; baseline -0.003 -20"><span class='ocrx_word' id='word_1_180' title='bbox 146 2238 485 2304; x_wconf 82' lang='lat' dir='ltr'><strong>verbum</strong></span> <span class='ocrx_word' id='word_1_181' title='bbox 466 2259 678 2322; x_wconf 89' lang='lat' dir='ltr'><strong>1psum</strong></span> <span class='ocrx_word' id='word_1_182' title='bbox 716 2236 901 2302; x_wconf 86' lang='lat' dir='ltr'><strong>docet</strong></span> <span class='ocrx_word' id='word_1_183' title='bbox 914 2283 933 2314; x_wconf 90' lang='lat'><strong>,</strong></span> <span class='ocrx_word' id='word_1_184' title='bbox 990 2257 1155 2320; x_wconf 89' lang='lat' dir='ltr'><strong>quae</strong></span> <span class='ocrx_word' id='word_1_185' title='bbox 1190 2257 1293 2300; x_wconf 92' lang='lat' dir='ltr'><strong>res</strong></span> <span class='ocrx_word' id='word_1_186' title='bbox 1326 2235 1428 2300; x_wconf 90' lang='lat' dir='ltr'><strong>sit.</strong></span> <span class='ocrx_word' id='word_1_187' title='bbox 1517 2234 1778 2320; x_wconf 88' lang='lat' dir='ltr'><strong>prodest</strong></span> <span class='ocrx_word' id='word_1_188' title='bbox 1813 2233 2074 2318; x_wconf 90' lang='lat' dir='ltr'><strong>quidem</strong></span> <span class='ocrx_word' id='word_1_189' title='bbox 2109 2253 2217 2322; x_wconf 85' lang='lat' dir='ltr'><strong>ve-</strong></span> 
     </span>
     <span class='ocr_line' id='line_1_23' title="bbox 150 2316 2218 2414; baseline -0.002 -19"><span class='ocrx_word' id='word_1_190' title='bbox 150 2331 497 2396; x_wconf 85' lang='lat' dir='ltr'><strong>hementer</strong></span> <span class='ocrx_word' id='word_1_191' title='bbox 539 2351 857 2414; x_wconf 86' lang='lat' dir='ltr'><strong>nusquam</strong></span> <span class='ocrx_word' id='word_1_192' title='bbox 894 2331 1251 2407; x_wconf 90' lang='lat' dir='ltr'><strong>discedere,</strong></span> <span class='ocrx_word' id='word_1_193' title='bbox 1299 2330 1409 2395; x_wconf 89' lang='lat' dir='ltr'><strong>sed</strong></span> <span class='ocrx_word' id='word_1_194' title='bbox 1447 2340 1664 2395; x_wconf 86' lang='lat' dir='ltr'><strong>tamen</strong></span> <span class='ocrx_word' id='word_1_195' title='bbox 1699 2327 1804 2393; x_wconf 89' lang='lat' dir='ltr'><strong>hic</strong></span> <span class='ocrx_word' id='word_1_196' title='bbox 1837 2325 2086 2394; x_wconf 79' lang='lat' dir='ltr'><strong>fructus</strong></span> <span class='ocrx_word' id='word_1_197' title='bbox 2122 2316 2218 2390; x_wconf 83' lang='lat' dir='ltr'><strong>est</strong></span> 
     </span>
     <span class='ocr_line' id='line_1_24' title="bbox 154 2419 2338 2508; baseline -0.002 -20"><span class='ocrx_word' id='word_1_198' title='bbox 154 2423 598 2502; x_wconf 82' lang='lat' dir='ltr'><strong>adsiduitatis,</strong></span> <span class='ocrx_word' id='word_1_199' title='bbox 650 2447 781 2489; x_wconf 91' lang='lat' dir='ltr'><strong>non</strong></span> <span class='ocrx_word' id='word_1_200' title='bbox 827 2425 1036 2490; x_wconf 88' lang='lat' dir='ltr'><strong>solum</strong></span> <span class='ocrx_word' id='word_1_201' title='bbox 1080 2445 1219 2489; x_wconf 90' lang='lat' dir='ltr'><strong>esse</strong></span> <span class='ocrx_word' id='word_1_202' title='bbox 1256 2423 1503 2489; x_wconf 84' lang='lat' dir='ltr'><strong>Romae</strong></span> <span class='ocrx_word' id='word_1_203' title='bbox 1541 2435 1734 2508; x_wconf 89' lang='lat' dir='ltr'><strong>atque</strong></span> <span class='ocrx_word' id='word_1_204' title='bbox 1777 2421 1846 2486; x_wconf 90' lang='lat' dir='ltr'><strong>in</strong></span> <span class='ocrx_word' id='word_1_205' title='bbox 1889 2421 2056 2498; x_wconf 84' lang='lat' dir='ltr'><strong>foro,</strong></span> <span class='ocrx_word' id='word_1_206' title='bbox 2104 2419 2220 2498; x_wconf 88' lang='lat' dir='ltr'><strong>sed</strong></span> <span class='ocrx_word' id='word_1_207' title='bbox 2335 2496 2338 2498; x_wconf 11' lang='lat' dir='ltr'>v</span> 
     </span>
     <span class='ocr_line' id='line_1_25' title="bbox 151 2513 2219 2602; baseline -0.002 -22"><span class='ocrx_word' id='word_1_208' title='bbox 151 2517 431 2580; x_wconf 81' lang='lat' dir='ltr'><strong>adsidue</strong></span> <span class='ocrx_word' id='word_1_209' title='bbox 482 2527 728 2600; x_wconf 88' lang='lat' dir='ltr'><strong>petere,</strong></span> <span class='ocrx_word' id='word_1_210' title='bbox 784 2539 975 2602; x_wconf 90' lang='lat' dir='ltr'><strong>saepe</strong></span> <span class='ocrx_word' id='word_1_211' title='bbox 1029 2519 1288 2583; x_wconf 92' lang='lat' dir='ltr'><strong>eosdem</strong></span> <span class='ocrx_word' id='word_1_212' title='bbox 1343 2518 1694 2602; x_wconf 88' lang='lat' dir='ltr'><strong>appellare,</strong></span> <span class='ocrx_word' id='word_1_213' title='bbox 1747 2536 1876 2579; x_wconf 91' lang='lat' dir='ltr'><strong>non</strong></span> <span class='ocrx_word' id='word_1_214' title='bbox 1929 2513 2219 2577; x_wconf 89' lang='lat' dir='ltr'><strong>commit-</strong></span> 
     </span>
     <span class='ocr_line' id='line_1_26' title="bbox 150 2604 2218 2694; baseline -0.003 -22"><span class='ocrx_word' id='word_1_215' title='bbox 150 2618 324 2683; x_wconf 87' lang='lat' dir='ltr'><strong>tere,</strong></span> <span class='ocrx_word' id='word_1_216' title='bbox 382 2616 455 2668; x_wconf 88' lang='lat' dir='ltr'><strong>ut</strong></span> <span class='ocrx_word' id='word_1_217' title='bbox 497 2607 835 2688; x_wconf 88' lang='lat' dir='ltr'><strong>quisquam</strong></span> <span class='ocrx_word' id='word_1_218' title='bbox 886 2611 1085 2694; x_wconf 87' lang='lat' dir='ltr'><strong>possit</strong></span> <span class='ocrx_word' id='word_1_219' title='bbox 1123 2611 1362 2675; x_wconf 87' lang='lat' dir='ltr'><strong>dicere:</strong></span> <span class='ocrx_word' id='word_1_220' title='bbox 1419 2607 1634 2694; x_wconf 84' lang='lat' dir='ltr'><strong>quoa-d</strong></span> <span class='ocrx_word' id='word_1_221' title='bbox 1671 2607 1808 2673; x_wconf 91' lang='lat' dir='ltr'><strong>eius</strong></span> <span class='ocrx_word' id='word_1_222' title='bbox 1842 2609 1878 2686; x_wconf 88' lang='lat'>†</span> <span class='ocrx_word' id='word_1_223' title='bbox 1913 2604 2218 2686; x_wconf 92' lang='lat' dir='ltr'><strong>consequi</strong></span> 
     </span>
     <span class='ocr_line' id='line_1_27' title="bbox 150 2697 2218 2786; baseline -0.002 -21"><span class='ocrx_word' id='word_1_224' title='bbox 150 2699 402 2786; x_wconf 89' lang='lat' dir='ltr'><strong>possis,</strong></span> <span class='ocrx_word' id='word_1_225' title='bbox 458 2697 512 2763; x_wconf 91' lang='lat' dir='ltr'><strong>si</strong></span> <span class='ocrx_word' id='word_1_226' title='bbox 557 2697 671 2762; x_wconf 90' lang='lat' dir='ltr'><strong>abs</strong></span> <span class='ocrx_word' id='word_1_227' title='bbox 718 2709 782 2764; x_wconf 91' lang='lat' dir='ltr'><strong>te</strong></span> <span class='ocrx_word' id='word_1_228' title='bbox 818 2708 947 2764; x_wconf 84' lang='lat' dir='ltr'><strong>non</strong></span> <span class='ocrx_word' id='word_1_229' title='bbox 984 2700 1067 2767; x_wconf 88' lang='lat' dir='ltr'><strong>sit</strong></span> <span class='ocrx_word' id='word_1_230' title='bbox 1110 2713 1408 2786; x_wconf 89' lang='lat' dir='ltr'><strong>rogatum</strong></span> <span class='ocrx_word' id='word_1_231' title='bbox 1445 2711 1512 2766; x_wconf 87' lang='lat' dir='ltr'><strong>et</strong></span> <span class='ocrx_word' id='word_1_232' title='bbox 1543 2699 1731 2764; x_wconf 87' lang='lat' dir='ltr'><strong>valde</strong></span> <span class='ocrx_word' id='word_1_233' title='bbox 1767 2720 1844 2762; x_wconf 87' lang='lat' dir='ltr'><strong>ac</strong></span> <span class='ocrx_word' id='word_1_234' title='bbox 1879 2697 2218 2782; x_wconf 82' lang='lat' dir='ltr'><strong>diligenter</strong></span> 
     </span>
     <span class='ocr_line' id='line_1_28' title="bbox 153 2789 2314 2880; baseline 0 -23"><span class='ocrx_word' id='word_1_235' title='bbox 153 2803 480 2880; x_wconf 90' lang='lat' dir='ltr'><strong>rogatum.</strong></span> <span class='ocrx_word' id='word_1_236' title='bbox 568 2791 933 2878; x_wconf 87' lang='lat' dir='ltr'><strong>benignitas</strong></span> <span class='ocrx_word' id='word_1_237' title='bbox 978 2801 1193 2857; x_wconf 87' lang='lat' dir='ltr'><strong>autem</strong></span> <span class='ocrx_word' id='word_1_238' title='bbox 1236 2794 1365 2856; x_wconf 90' lang='lat' dir='ltr'><strong>late</strong></span> <span class='ocrx_word' id='word_1_239' title='bbox 1407 2802 1610 2878; x_wconf 85' lang='lat' dir='ltr'><strong>patet:</strong></span> <span class='ocrx_word' id='word_1_240' title='bbox 1666 2802 1763 2857; x_wconf 94' lang='lat' dir='ltr'><strong>est</strong></span> <span class='ocrx_word' id='word_1_241' title='bbox 1805 2792 1874 2856; x_wconf 88' lang='lat' dir='ltr'><strong>in</strong></span> <span class='ocrx_word' id='word_1_242' title='bbox 1891 2809 1987 2856; x_wconf 86' lang='lat' dir='ltr'><strong>--re</strong></span> <span class='ocrx_word' id='word_1_243' title='bbox 2030 2789 2217 2854; x_wconf 88' lang='lat' dir='ltr'><strong>fami·</strong></span> <span class='ocrx_word' id='word_1_244' title='bbox 2259 2818 2314 2858; x_wconf 72' lang='lat'><strong>44</strong></span> 
     </span>
     <span class='ocr_line' id='line_1_29' title="bbox 154 2885 2238 2972; baseline -0.001 -21"><span class='ocrx_word' id='word_1_245' title='bbox 154 2885 301 2951; x_wconf 87' lang='lat' dir='ltr'><strong>liari</strong></span> <span class='ocrx_word' id='word_1_246' title='bbox 311 2931 333 2962; x_wconf 96' lang='lat'><strong>,</strong></span> <span class='ocrx_word' id='word_1_247' title='bbox 388 2907 554 2971; x_wconf 85' lang='lat' dir='ltr'><strong>quae</strong></span> <span class='ocrx_word' id='word_1_248' title='bbox 605 2907 994 2972; x_wconf 88' lang='lat' dir='ltr'><strong>quamquam</strong></span> <span class='ocrx_word' id='word_1_249' title='bbox 1050 2886 1134 2952; x_wconf 89' lang='lat' dir='ltr'><strong>ad</strong></span> <span class='ocrx_word' id='word_1_250' title='bbox 1186 2885 1659 2968; x_wconf 84' lang='lat' dir='ltr'><strong>multitudinem</strong></span> <span class='ocrx_word' id='word_1_251' title='bbox 1708 2885 2038 2972; x_wconf 88' lang='lat' dir='ltr'><strong>pervenire</strong></span> <span class='ocrx_word' id='word_1_252' title='bbox 2090 2903 2238 2948; x_wconf 87' lang='lat' dir='ltr'><strong>non·</strong></span> 
     </span>
     <span class='ocr_line' id='line_1_30' title="bbox 160 2979 2217 3067; baseline -0 -23"><span class='ocrx_word' id='word_1_253' title='bbox 160 2990 411 3067; x_wconf 89' lang='lat' dir='ltr'><strong>potest,</strong></span> <span class='ocrx_word' id='word_1_254' title='bbox 457 2991 672 3046; x_wconf 84' lang='lat' dir='ltr'><strong>tamen</strong></span> <span class='ocrx_word' id='word_1_255' title='bbox 708 2981 792 3046; x_wconf 88' lang='lat' dir='ltr'><strong>ab</strong></span> <span class='ocrx_word' id='word_1_256' title='bbox 828 2979 1046 3045; x_wconf 88' lang='lat' dir='ltr'><strong>amicis</strong></span> <span class='ocrx_word' id='word_1_257' title='bbox 1081 2979 1406 3058; x_wconf 87' lang='lat' dir='ltr'><strong>laudatur,</strong></span> <span class='ocrx_word' id='word_1_258' title='bbox 1450 2979 1839 3046; x_wconf 89' lang='lat' dir='ltr'><strong>multitudini</strong></span> <span class='ocrx_word' id='word_1_259' title='bbox 1873 2991 2058 3067; x_wconf 88' lang='lat' dir='ltr'><strong>grata</strong></span> <span class='ocrx_word' id='word_1_260' title='bbox 2093 2991 2217 3055; x_wconf 85' lang='lat' dir='ltr'><strong>est3</strong></span> 
     </span>
     <span class='ocr_line' id='line_1_31' title="bbox 160 3072 2218 3158; baseline -0.001 -20"><span class='ocrx_word' id='word_1_261' title='bbox 160 3083 262 3138; x_wconf 89' lang='lat' dir='ltr'><strong>est</strong></span> <span class='ocrx_word' id='word_1_262' title='bbox 312 3073 383 3138; x_wconf 91' lang='lat' dir='ltr'><strong>in</strong></span> <span class='ocrx_word' id='word_1_263' title='bbox 434 3073 769 3150; x_wconf 83' lang='lat' dir='ltr'><strong>conviviis,</strong></span> <span class='ocrx_word' id='word_1_264' title='bbox 823 3096 989 3158; x_wconf 87' lang='lat' dir='ltr'><strong>quae</strong></span> <span class='ocrx_word' id='word_1_265' title='bbox 1041 3074 1147 3139; x_wconf 82' lang='lat' dir='ltr'><strong>fac</strong></span> <span class='ocrx_word' id='word_1_266' title='bbox 1193 3084 1257 3139; x_wconf 94' lang='lat' dir='ltr'><strong>et</strong></span> <span class='ocrx_word' id='word_1_267' title='bbox 1298 3074 1416 3140; x_wconf 88' lang='lat' dir='ltr'><strong>abs</strong></span> <span class='ocrx_word' id='word_1_268' title='bbox 1468 3085 1532 3139; x_wconf 92' lang='lat' dir='ltr'><strong>te</strong></span> <span class='ocrx_word' id='word_1_269' title='bbox 1577 3085 1642 3140; x_wconf 90' lang='lat' dir='ltr'><strong>et</strong></span> <span class='ocrx_word' id='word_1_270' title='bbox 1694 3074 1777 3139; x_wconf 89' lang='lat' dir='ltr'><strong>ab</strong></span> <span class='ocrx_word' id='word_1_271' title='bbox 1821 3075 2042 3139; x_wconf 88' lang='lat' dir='ltr'><strong>amicis</strong></span> <span class='ocrx_word' id='word_1_272' title='bbox 2093 3072 2218 3137; x_wconf 90' lang='lat' dir='ltr'><strong>tuis</strong></span> 
     </span>
     <span class='ocr_line' id='line_1_32' title="bbox 164 3167 2216 3254; baseline -0.001 -24"><span class='ocrx_word' id='word_1_273' title='bbox 164 3167 694 3232; x_wconf 88' lang='lat' dir='ltr'><strong>concelebrentur</strong></span> <span class='ocrx_word' id='word_1_274' title='bbox 728 3178 791 3233; x_wconf 86' lang='lat' dir='ltr'><strong>et</strong></span> <span class='ocrx_word' id='word_1_275' title='bbox 824 3167 1063 3254; x_wconf 85' lang='lat' dir='ltr'><strong>passim</strong></span> <span class='ocrx_word' id='word_1_276' title='bbox 1098 3178 1173 3233; x_wconf 92' lang='lat' dir='ltr'><strong>et·</strong></span> <span class='ocrx_word' id='word_1_277' title='bbox 1196 3167 1516 3244; x_wconf 81' lang='lat' dir='ltr'><strong>tributim3</strong></span> <span class='ocrx_word' id='word_1_278' title='bbox 1554 3179 1652 3234; x_wconf 92' lang='lat' dir='ltr'><strong>est</strong></span> <span class='ocrx_word' id='word_1_279' title='bbox 1678 3168 1870 3233; x_wconf 88' lang='lat' dir='ltr'><strong>etiam</strong></span> <span class='ocrx_word' id='word_1_280' title='bbox 1904 3168 1972 3231; x_wconf 88' lang='lat' dir='ltr'><strong>in</strong></span> <span class='ocrx_word' id='word_1_281' title='bbox 2002 3188 2216 3251; x_wconf 85' lang='lat' dir='ltr'><strong>opera,</strong></span> 
     </span>
     <span class='ocr_line' id='line_1_33' title="bbox 160 3260 2218 3345; baseline -0 -22"><span class='ocrx_word' id='word_1_282' title='bbox 160 3280 363 3342; x_wconf 89' lang='lat' dir='ltr'><strong>quam</strong></span> <span class='ocrx_word' id='word_1_283' title='bbox 406 3260 716 3345; x_wconf 81' lang='lat' dir='ltr'><strong>pervolga</strong></span> <span class='ocrx_word' id='word_1_284' title='bbox 751 3270 815 3326; x_wconf 92' lang='lat' dir='ltr'><strong>et</strong></span> <span class='ocrx_word' id='word_1_285' title='bbox 860 3262 1288 3339; x_wconf 88' lang='lat' dir='ltr'><strong>communica,</strong></span> <span class='ocrx_word' id='word_1_286' title='bbox 1345 3282 1624 3344; x_wconf 86' lang='lat' dir='ltr'><strong>curaque</strong></span> <span class='ocrx_word' id='word_1_287' title='bbox 1670 3271 1743 3326; x_wconf 90' lang='lat' dir='ltr'><strong>ut</strong></span> <span class='ocrx_word' id='word_1_288' title='bbox 1777 3261 1989 3327; x_wconf 88' lang='lat' dir='ltr'><strong>aditus</strong></span> <span class='ocrx_word' id='word_1_289' title='bbox 2025 3260 2108 3324; x_wconf 85' lang='lat' dir='ltr'><strong>ad</strong></span> <span class='ocrx_word' id='word_1_290' title='bbox 2153 3269 2218 3322; x_wconf 87' lang='lat' dir='ltr'><strong>te</strong></span> 
     </span>
     <span class='ocr_line' id='line_1_34' title="bbox 164 3351 2220 3441; baseline 0 -25"><span class='ocrx_word' id='word_1_291' title='bbox 164 3351 380 3416; x_wconf 88' lang='lat' dir='ltr'><strong>diurni</strong></span> <span class='ocrx_word' id='word_1_292' title='bbox 414 3355 834 3440; x_wconf 87' lang='lat' dir='ltr'><strong>nocturnique</strong></span> <span class='ocrx_word' id='word_1_293' title='bbox 870 3365 1158 3440; x_wconf 87' lang='lat' dir='ltr'><strong>pateant,</strong></span> <span class='ocrx_word' id='word_1_294' title='bbox 1196 3376 1404 3441; x_wconf 89' lang='lat' dir='ltr'><strong>neque</strong></span> <span class='ocrx_word' id='word_1_295' title='bbox 1441 3357 1646 3420; x_wconf 89' lang='lat' dir='ltr'><strong>solum</strong></span> <span class='ocrx_word' id='word_1_296' title='bbox 1680 3355 1927 3422; x_wconf 83' lang='lat' dir='ltr'><strong>foribus</strong></span> <span class='ocrx_word' id='word_1_297' title='bbox 1965 3354 2220 3420; x_wconf 87' lang='lat' dir='ltr'><strong>aedium</strong></span> 
     </span>
     <span class='ocr_line' id='line_1_35' title="bbox 162 3447 2218 3533; baseline 0 -24"><span class='ocrx_word' id='word_1_298' title='bbox 162 3457 443 3524; x_wconf 88' lang='lat' dir='ltr'><strong>tuarum,</strong></span> <span class='ocrx_word' id='word_1_299' title='bbox 481 3447 595 3511; x_wconf 90' lang='lat' dir='ltr'><strong>sed</strong></span> <span class='ocrx_word' id='word_1_300' title='bbox 630 3448 821 3512; x_wconf 89' lang='lat' dir='ltr'><strong>etiam</strong></span> <span class='ocrx_word' id='word_1_301' title='bbox 850 3450 1028 3514; x_wconf 86' lang='lat' dir='ltr'><strong>voltu</strong></span> <span class='ocrx_word' id='word_1_302' title='bbox 1057 3472 1133 3516; x_wconf 92' lang='lat' dir='ltr'><strong>ac</strong></span> <span class='ocrx_word' id='word_1_303' title='bbox 1166 3449 1397 3527; x_wconf 83' lang='lat' dir='ltr'><strong>fronte,</strong></span> <span class='ocrx_word' id='word_1_304' title='bbox 1435 3471 1601 3533; x_wconf 90' lang='lat' dir='ltr'><strong>quae</strong></span> <span class='ocrx_word' id='word_1_305' title='bbox 1637 3461 1734 3516; x_wconf 89' lang='lat' dir='ltr'><strong>est</strong></span> <span class='ocrx_word' id='word_1_306' title='bbox 1768 3449 1962 3514; x_wconf 88' lang='lat' dir='ltr'><strong>animi</strong></span> <span class='ocrx_word' id='word_1_307' title='bbox 1995 3449 2218 3524; x_wconf 83' lang='lat' dir='ltr'><strong>ianua3</strong></span> 
     </span>
     <span class='ocr_line' id='line_1_36' title="bbox 167 3540 2237 3627; baseline 0.001 -25"><span class='ocrx_word' id='word_1_308' title='bbox 167 3559 335 3621; x_wconf 88' lang='lat' dir='ltr'><strong>quae</strong></span> <span class='ocrx_word' id='word_1_309' title='bbox 372 3540 426 3606; x_wconf 90' lang='lat' dir='ltr'><strong>si</strong></span> <span class='ocrx_word' id='word_1_310' title='bbox 461 3541 779 3627; x_wconf 88' lang='lat' dir='ltr'><strong>significat</strong></span> <span class='ocrx_word' id='word_1_311' title='bbox 821 3543 1215 3610; x_wconf 83' lang='lat' dir='ltr'><strong>voluntatem</strong></span> <span class='ocrx_word' id='word_1_312' title='bbox 1260 3541 1542 3608; x_wconf 88' lang='lat' dir='ltr'><strong>abditam</strong></span> <span class='ocrx_word' id='word_1_313' title='bbox 1579 3566 1719 3609; x_wconf 89' lang='lat' dir='ltr'><strong>esse</strong></span> <span class='ocrx_word' id='word_1_314' title='bbox 1765 3565 1842 3609; x_wconf 89' lang='lat' dir='ltr'><strong>ac</strong></span> <span class='ocrx_word' id='word_1_315' title='bbox 1883 3545 2237 3616; x_wconf 66' lang='lat' dir='ltr'><strong>retrusam,“</strong></span> 
     </span>
    </p>

    <p class='ocr_par' dir='ltr' id='par_1_6' title="bbox 105 3633 2316 4094">
     <span class='ocr_line' id='line_1_37' title="bbox 105 3633 2218 3721; baseline 0 -25"><span class='ocrx_word' id='word_1_316' title='bbox 105 3635 114 3642; x_wconf 81' lang='grc'><strong>“</strong></span> <span class='ocrx_word' id='word_1_317' title='bbox 165 3633 351 3716; x_wconf 85' lang='lat' dir='ltr'><strong>parvi</strong></span> <span class='ocrx_word' id='word_1_318' title='bbox 401 3635 598 3702; x_wconf 88' lang='lat' dir='ltr'><strong>refert</strong></span> <span class='ocrx_word' id='word_1_319' title='bbox 648 3647 869 3721; x_wconf 86' lang='lat' dir='ltr'><strong>patere</strong></span> <span class='ocrx_word' id='word_1_320' title='bbox 923 3637 1175 3702; x_wconf 90' lang='lat' dir='ltr'><strong>ostium.</strong></span> <span class='ocrx_word' id='word_1_321' title='bbox 1280 3635 1571 3702; x_wconf 88' lang='lat' dir='ltr'><strong>homines</strong></span> <span class='ocrx_word' id='word_1_322' title='bbox 1625 3637 1795 3702; x_wconf 90' lang='lat' dir='ltr'><strong>enim</strong></span> <span class='ocrx_word' id='word_1_323' title='bbox 1846 3658 1974 3700; x_wconf 90' lang='lat' dir='ltr'><strong>non</strong></span> <span class='ocrx_word' id='word_1_324' title='bbox 2027 3634 2218 3698; x_wconf 90' lang='lat' dir='ltr'><strong>modo</strong></span> 
     </span>
     <span class='ocr_line' id='line_1_38' title="bbox 165 3727 2222 3817; baseline 0 -27"><span class='ocrx_word' id='word_1_325' title='bbox 165 3727 453 3810; x_wconf 87' lang='lat' dir='ltr'><strong>promitti</strong></span> <span class='ocrx_word' id='word_1_326' title='bbox 496 3727 647 3807; x_wconf 89' lang='lat' dir='ltr'><strong>sibi,</strong></span> <span class='ocrx_word' id='word_1_327' title='bbox 700 3731 1075 3815; x_wconf 89' lang='lat' dir='ltr'><strong>praesertim</strong></span> <span class='ocrx_word' id='word_1_328' title='bbox 1118 3731 1292 3814; x_wconf 87' lang='lat' dir='ltr'><strong>quod</strong></span> <span class='ocrx_word' id='word_1_329' title='bbox 1336 3754 1378 3796; x_wconf 91' lang='lat' dir='ltr'><strong>a</strong></span> <span class='ocrx_word' id='word_1_330' title='bbox 1423 3731 1761 3796; x_wconf 85' lang='lat' dir='ltr'><strong>candidato</strong></span> <span class='ocrx_word' id='word_1_331' title='bbox 1803 3738 2054 3817; x_wconf 83' lang='lat' dir='ltr'><strong>petant,</strong></span> <span class='ocrx_word' id='word_1_332' title='bbox 2109 3727 2222 3792; x_wconf 86' lang='lat' dir='ltr'><strong>sed</strong></span> 
     </span>
     <span class='ocr_line' id='line_1_39' title="bbox 168 3819 2316 3910; baseline 0 -26"><span class='ocrx_word' id='word_1_333' title='bbox 168 3819 361 3884; x_wconf 80' lang='lat' dir='ltr'><strong>etiam</strong></span> <span class='ocrx_word' id='word_1_334' title='bbox 412 3819 592 3906; x_wconf 83' lang='lat' dir='ltr'><strong>large</strong></span> <span class='ocrx_word' id='word_1_335' title='bbox 644 3835 838 3907; x_wconf 87' lang='lat' dir='ltr'><strong>atque</strong></span> <span class='ocrx_word' id='word_1_336' title='bbox 890 3823 1237 3891; x_wconf 87' lang='lat' dir='ltr'><strong>honorifice</strong></span> <span class='ocrx_word' id='word_1_337' title='bbox 1290 3824 1576 3910; x_wconf 89' lang='lat' dir='ltr'><strong>promitti</strong></span> <span class='ocrx_word' id='word_1_338' title='bbox 1625 3826 1867 3890; x_wconf 84' lang='lat' dir='ltr'><strong>volunt.</strong></span> <span class='ocrx_word' id='word_1_339' title='bbox 1967 3844 2096 3907; x_wconf 89' lang='lat' dir='ltr'><strong>qua</strong></span> <span class='ocrx_word' id='word_1_340' title='bbox 2148 3843 2218 3886; x_wconf 90' lang='lat' dir='ltr'><strong>re</strong></span> <span class='ocrx_word' id='word_1_341' title='bbox 2261 3841 2316 3883; x_wconf 71' lang='lat'><strong>45</strong></span> 
     </span>
     <span class='ocr_line' id='line_1_40' title="bbox 170 3910 2222 4004; baseline 0.002 -29"><span class='ocrx_word' id='word_1_342' title='bbox 170 3910 291 3978; x_wconf 89' lang='lat' dir='ltr'><strong>hoc</strong></span> <span class='ocrx_word' id='word_1_343' title='bbox 344 3913 605 3998; x_wconf 88' lang='lat' dir='ltr'><strong>quidem</strong></span> <span class='ocrx_word' id='word_1_344' title='bbox 659 3915 849 3987; x_wconf 87' lang='lat' dir='ltr'><strong>facile</strong></span> <span class='ocrx_word' id='word_1_345' title='bbox 900 3930 1311 4004; x_wconf 85' lang='lat' dir='ltr'><strong>praeceptum</strong></span> <span class='ocrx_word' id='word_1_346' title='bbox 1365 3929 1493 3996; x_wconf 90' lang='lat' dir='ltr'><strong>est,</strong></span> <span class='ocrx_word' id='word_1_347' title='bbox 1546 3929 1647 3995; x_wconf 92' lang='lat' dir='ltr'><strong>ut,</strong></span> <span class='ocrx_word' id='word_1_348' title='bbox 1709 3915 1884 4002; x_wconf 87' lang='lat' dir='ltr'><strong>quod</strong></span> <span class='ocrx_word' id='word_1_349' title='bbox 1933 3917 2222 3982; x_wconf 89' lang='lat' dir='ltr'><strong>facturus</strong></span> 
     </span>
     <span class='ocr_line' id='line_1_41' title="bbox 173 3999 2223 4098; baseline 0.005 -34"><span class='ocrx_word' id='word_1_350' title='bbox 173 4003 285 4082; x_wconf 88' lang='lat' dir='ltr'><strong>sis,</strong></span> <span class='ocrx_word' id='word_1_351' title='bbox 336 4007 405 4074; x_wconf 90' lang='lat' dir='ltr'><strong>id</strong></span> <span class='ocrx_word' id='word_1_352' title='bbox 458 4009 776 4094; x_wconf 83' lang='lat' dir='ltr'><strong>significes</strong></span> <span class='ocrx_word' id='word_1_353' title='bbox 820 4024 885 4078; x_wconf 87' lang='lat' dir='ltr'><strong>te</strong></span> <span class='ocrx_word' id='word_1_354' title='bbox 928 4014 1211 4080; x_wconf 90' lang='lat' dir='ltr'><strong>studiose</strong></span> <span class='ocrx_word' id='word_1_355' title='bbox 1256 4033 1346 4080; x_wconf 60' lang='lat' dir='ltr'><strong>ac*</strong></span> <span class='ocrx_word' id='word_1_356' title='bbox 1375 3999 1644 4080; x_wconf 75' lang='lat' dir='ltr'><strong>libenter</strong></span> <span class='ocrx_word' id='word_1_357' title='bbox 1689 4037 1828 4081; x_wconf 88' lang='lat' dir='ltr'><strong>esse</strong></span> <span class='ocrx_word' id='word_1_358' title='bbox 1871 4013 2223 4098; x_wconf 77' lang='lat' dir='ltr'><strong>facturum,</strong></span> 
     </span>
    </p>
   </div>
  </div>
 </body>
</html>
