2675 4559
420 1949 444 1987 1

465 281 600 351 258
685 278 687 280 ’
1091 288 1168 343 Μ.
1203 285 1479 344 TULLII
1514 280 1914 342 CICERONIS

981 841 1078 908 M.
1133 839 1464 906 TULLII
1519 831 2025 902 CICERONIS

1442 946 1554 1001 ET

731 1053 872 1120 AD
927 1053 1026 1116 Μ.
1079 1045 1578 1115 TULLIUM
1631 1039 2268 1110 CICERONEM

1059 1215 1067 1222 .
1107 1145 1886 1216 EPISTOLARUM

962 1248 1300 1343 LIBER
1353 1229 2121 1367 UNDECIMUSJ

1099 1389 1241 1455 AD
1289 1390 1388 1457 Μ.
1435 1386 1908 1456 BRUTUM.

1482 1577 1515 1629 Ι

1071 1680 1188 1737 Ser.
1206 1696 1399 1736 mense
1415 1677 1601 1750 Aprili
1620 1695 1671 1733 a.
1688 1695 1745 1732 u.
1764 1694 1814 1732 c.
1834 1677 1951 1732 710.

734 1787 808 1842 D.
845 1783 1155 1842 BRUTUS
1193 1779 1455 1840 BRUTO
1494 1778 1640 1838 SUO
1674 1780 1781 1835 ET
1818 1777 2084 1836 CASSIO
2122 1777 2290 1835 SAL.

611 1927 762 2011 Quo
789 1927 856 1992 in
891 1937 1060 1992 statu
1089 1924 1309 2002 simus,
1346 1920 1737 2009 cognoscite:
1772 1919 1913 1986 heri
1948 1921 2201 2006 vesperi
2228 1922 2401 2009 apud
2430 1945 2521 1987 me

479 2024 732 2090 Hirtius
783 2021 935 2098 suit3
989 2041 1118 2105 qua
1169 2029 1384 2084 mente
1436 2026 1605 2082 esset
1647 2015 2001 2091 Antonius,
2057 2013 2521 2094 demonstravit,
2630 2053 2633 2102 ἶ

479 2116 757 2204 pessima
793 2113 1030 2180 scilicet
1059 2125 1122 2178 et
1155 2111 1615 2180 infidelissima.
1666 2133 1819 2177 nam
1854 2133 1923 2175 se
1956 2131 2167 2196 neque
2200 2111 2361 2176 mihi
2392 2133 2523 2198 pro-

480 2210 756 2276 vinciam
799 2208 951 2273 dare
997 2207 1190 2292 posse
1235 2207 1452 2273 aiebat
1492 2227 1703 2290 neque
1746 2204 2042 2270 arbitrari
2084 2215 2224 2272 tuto
2267 2206 2337 2271 in
2380 2207 2522 2272 urbe

479 2327 620 2369 esse
665 2320 1054 2387 quemquam
1098 2312 1417 2376 nostrum3
1473 2299 1637 2366 adeo
1683 2301 1825 2366 es'se
1868 2298 2145 2364 militum
2190 2300 2524 2366 concitatos

478 2397 726 2464 animos
763 2391 836 2461 'et
881 2394 1116 2480 plebis:
1160 2393 1336 2479 quod
1381 2403 1727 2478 utrumque
1770 2415 1911 2460 esse
1946 2391 2183 2458 falsum
2227 2406 2389 2479 puto
2423 2416 2524 2460 vos

478 2489 985 2556 animadvertere
1021 2499 1214 2572 atque
1259 2487 1421 2552 illud
1456 2509 1600 2553 esse
1632 2509 1885 2564 verum,
1928 2488 2104 2572 quod
2138 2487 2397 2555 Hirtius
2431 2489 2527 2554 de·

477 2583 904 2662 monstrabat,
949 2583 1172 2650 timere
1209 2602 1361 2648 eum
1392 2604 1473 2648 ne
1484 2627 1503 2658 ,
1540 2581 1597 2647 si
1630 2580 1951 2648 mediocre
1984 2581 2297 2648 auxilium
2336 2583 2529 2671 digni·

477 2680 626 2746 tatis
660 2689 914 2746 nostrae
946 2675 1415 2754 habuissemus,
1450 2676 1666 2742 nullae
1700 2685 1915 2762 partes
1948 2675 2049 2741 his
2081 2675 2151 2740 in
2177 2699 2249 2744 re
2282 2679 2529 2763 publica

479 2765 1003 2858 relinquerentur.
1091 2793 1242 2838 cum
1273 2771 1345 2837 in
1384 2769 1485 2836 his
1520 2769 1832 2856 angustiis
1868 2791 2186 2848 versarer,
2231 2772 2529 2857 placitum

479 2880 578 2934 est
611 2866 768 2932 mihi
801 2877 876 2932 ut
908 2867 1300 2952 postularem
1332 2865 1719 2952 legationem
1752 2863 2021 2930 liberam
2054 2863 2215 2930 mihi
2246 2867 2530 2953 reliquis—

388 2987 416 2994 ··
477 2983 606 3044 que
641 2959 872 3025 nostris
885 3007 904 3036 ,
951 2971 1024 3024 ut
1069 2958 1286 3043 aliqua
1321 2982 1517 3026 causa
1563 2958 2007 3047 proficiscendi
2040 2959 2313 3026 honesta
2347 2983 2529 3048 quae-

419 3131 424 3134 ,
479 3064 742 3121 reretur.
830 3053 998 3118 hanc
1034 3076 1102 3120 se
1137 3053 1627 3139 impetraturum
1659 3052 1979 3140 pollicitus
2016 3064 2133 3132 est,
2168 3077 2292 3121 nec
2326 3068 2528 3122 tamen

475 3148 967 3236 impetraturum
1012 3147 1290 3214 confido:
1347 3158 1526 3214 tanta
1572 3159 1671 3213 est
1714 3145 2048 3213 hominum
2096 3149 2439 3218 insolentia
2476 3163 2528 3216 et

477 3242 681 3309 nostri
731 3242 1064 3308 insectatio
1075 3267 1094 3320 3
1149 3263 1224 3308 ac
1279 3242 1334 3306 si
1389 3241 1684 3308 dederint
1736 3242 1909 3327 quod
1966 3242 2273 3330 petimus,
2328 3256 2528 3311 tamen

478 3337 672 3424 paulo
714 3347 862 3423 post
903 3335 1194 3402 futurum
1237 3347 1397 3423 puto
1442 3347 1514 3402 ut
1560 3337 1776 3402 hostes
1819 3336 2179 3402 iudicemur
2224 3351 2341 3406 aut
2374 3362 2527 3425 aqua

478 3441 544 3497 et
576 3431 714 3518 igni
747 3430 932 3496 nobis
967 3430 1401 3497 interdicatur.
1456 3429 1614 3515 quid
1650 3453 1803 3518 ergo
1834 3443 1950 3509 est,
1986 3432 2222 3516 inquis,
2260 3434 2358 3498 tui
2392 3456 2530 3500 con-

481 3525 640 3590 silii?
675 3524 925 3590 dandus
961 3535 1058 3590 est
1089 3525 1269 3590 locus
1305 3526 1633 3604 fortunae3
1672 3525 2028 3592 cedendum
2064 3551 2143 3592 ex
2176 3527 2392 3608 Italia,
2424 3529 2529 3594 mi·

478 3617 798 3704 grandnm
816 3615 1119 3684 Rhodum
1147 3629 1259 3684 aut
1292 3618 1509 3702 aliquo
1542 3631 1854 3686 terrarum
1889 3620 2188 3687 arbitror:
2227 3623 2282 3687 si
2318 3623 2530 3690 melior
2627 3615 2629 3618 ’

479 3734 664 3778 casus
699 3711 923 3789 fuerit,
957 3723 1351 3778 revertemur
1386 3713 1693 3791 Romam3
1730 3714 1785 3779 si
1816 3713 2177 3791 mediocris,
2211 3715 2282 3781 in
2318 3717 2527 3783 exsilio

479 3805 797 3882 vivemus3
835 3805 889 3869 si
921 3803 1258 3890 pessimus,
1297 3806 1383 3871 ad
1410 3807 1758 3873 novissima
1786 3808 2026 3873 auxilia
2052 3809 2524 3877 descendemus·
2627 3835 2629 3852 1

481 3909 809 3964 succurret
852 3897 1122 3965 fortasse
1169 3899 1290 3965 hoc
1323 3902 1477 3968 'loco
1514 3900 1705 3967 alicui
1750 3913 2062 3979 vestrum,
2120 3925 2235 3968 cur
2268 3904 2528 3971 novissi-

477 4011 656 4056 mum
707 4002 960 4079 tempus
1014 4007 1459 4081 exspectemus
1512 3997 1755 4084 potius,
1814 4018 2009 4081 quam
2068 4019 2243 4064 nunc
2294 3995 2529 4084 aliquid

477 4083 850 4151 moliamur?
901 4088 1056 4171 quia
1107 4090 1220 4156 ubi
1273 4091 1696 4160 consistamus
1749 4114 1879 4159 non
1922 4093 2235 4160 habemus
2280 4104 2526 4182 praeter
