2675 4559
396 238 533 304 434
1020 241 1099 296 M.
1136 241 1412 300 TULLII
1447 239 1850 298 CICERONIS

324 376 570 444 uidem
605 379 679 438 ut
712 369 933 446 facias,
966 387 1096 432 non
1133 363 1438 432 desistam
1470 385 1722 450 rogare.
1807 363 2074 430 'Attalus'
2109 365 2481 451 Hypaepe-

400 493 524 538 nus
557 489 811 534 mecum
846 462 999 548 egit,
1036 471 1109 526 ut
1144 483 1213 526 se
1240 481 1322 524 ne
1358 457 1696 545 inpedires,
1731 479 1861 542 quo
1897 459 2132 536 minus,
2169 460 2358 544 quod
2391 461 2481 526 ad

402 564 487 648 Q.
522 559 805 630 Publicii
850 565 1128 622 statuam
1164 555 1492 620 decretum
1506 563 1654 630 est,
1693 565 2093 640 erogaretnrz
2133 555 2313 639 quod
2351 577 2476 641 ego

398 673 465 725 te
500 670 563 724 et
597 677 755 742 rogo
790 665 855 719 et
890 651 1225 727 admoneo,
1258 671 1344 717 ne
1377 649 1520 714 talis
1557 649 1678 714 viri
1711 660 1974 733 tamque
2008 650 2214 716 nostri
2250 672 2479 716 neces-

396 752 552 820 sarii
584 751 893 816 honorem
938 745 1143 811 minui
1175 766 1291 830 per
1322 755 1390 810 te
1425 753 1538 810 aut
1569 743 1845 828 inpediri
1881 743 2062 814 velis.
2134 756 2478 830 praeterea

400 846 648 932 Aesopi
684 837 1061 932 [tragoedi],
1096 838 1299 904 nostri
1330 837 1692 915 familiaris,
1728 838 2026 906 Licinius
2059 861 2318 917 servus,
2358 839 2480 905 tibi

400 953 625 1018 notus,
676 937 961 1024 aufugitz
1013 934 1070 1000 is
1112 933 1392 998 Athenis
1442 933 1620 1019 ,apud
1669 932 2028 1002 Patronem
2069 933 2480 1020 Epicureum

400 1058 519 1122 pro
561 1035 765 1102 libero
798 1031 951 1108 fuit3
996 1029 1147 1096 inde
1182 1029 1249 1093 in
1284 1026 1516 1092 Asiam
1560 1026 1754 1102 yenit.
1841 1039 2065 1113 postea
2099 1027 2296 1094 Plato
2333 1030 2478 1113 qui-

404 1119 555 1196 dam
590 1127 943 1196 Sardianus
956 1173 977 1204 ,
1022 1123 1386 1210 Epicureus
1399 1167 1420 1199 ‚
1462 1122 1578 1207 >qui
1611 1122 1890 1190 Athenis
1927 1123 2090 1190 solet
2125 1147 2272 1191 esse
2308 1125 2477 1189 mul-

402 1236 543 1290 tum
568 1234 633 1289 et
658 1222 771 1307 qui
806 1232 947 1286 tum
962 1217 1239 1284 Athenis
1276 1216 1509 1294 fuerat,
1545 1239 1696 1282 cum
1721 1217 2016 1283 Licinius
2052 1240 2132 1283 eo
2168 1220 2472 1295 venisset,

402 1341 552 1384 cum
578 1339 727 1382 eum
760 1313 1108 1402 fugitivum
1136 1334 1277 1378 esse
1312 1323 1538 1397 postea
1563 1334 1645 1376 ex
1661 1311 1912 1398 Aesopi
1943 1312 2172 1378 litteris
2199 1335 2475 1400 cognos-

402 1424 522 1490 set,
557 1410 881 1476 hominem
910 1405 1372 1495 conprehendit
1395 1417 1462 1474 et
1494 1407 1564 1472 in
1597 1407 1955 1472 custodiam
1991 1407 2239 1494 Ephesi
2275 1409 2474 1474 tradi-

402 1506 527 1583 dit,
564 1505 681 1572 sed
712 1504 780 1570 in
814 1501 1142 1592 publicam
1176 1525 1261 1571 an
1295 1500 1364 1566 in
1397 1501 1740 1588 pistrinum
1765 1523 1896 1567 non
1931 1503 2087 1568 satis
2121 1526 2206 1569 ex
2241 1501 2473 1568 litteris

402 1599 541 1676 eius
576 1597 948 1686 intellegere
975 1595 1331 1684 potuimus:
1368 1607 1460 1672 tu,
1497 1617 1760 1680 quoquo
1785 1597 1978 1662 modo
2007 1608 2126 1675 est,
2162 1599 2474 1682 quoniam

402 1693 651 1782 Ephesi
702 1703 828 1771 est,
882 1691 1207 1758 hominem
1254 1690 1602 1778 investiges
1647 1690 1842 1758 velim
1895 1712 2276 1775 summaque
2329 1693 2472 1757 dili-

402 1789 622 1876 gentia
664 1787 769 1854 vel
812 1799 1025 1854 tecum
1069 1784 1371 1853 deducas.
1457 1785 1594 1852 noli
1636 1795 1952 1871 spectare,
2005 1787 2233 1870 quanti
2279 1787 2472 1854 homo

402 1885 485 1950 sit
495 1908 514 1962 ;
568 1883 753 1970 parvi
786 1882 958 1948 enim
990 1880 1180 1966 pretii
1224 1891 1351 1956 est,
1403 1879 1518 1964 qui
1560 1879 1692 1944 iam
1733 1879 1916 1944 nihili
1951 1890 2076 1958 est3
2132 1881 2248 1946 sed
2291 1891 2472 1948 tanto

402 1977 621 2044 dolore
656 1977 959 2064 Aesopus
1004 1986 1102 2040 est
1144 1973 1438 2040 adfectus
1482 1984 1743 2059 propter
1787 1974 1956 2040 servi
2001 1975 2208 2041 scelus
2245 1986 2314 2042 et
2354 1999 2474 2041 au-

403 2073 685 2150 daciam,
738 2082 813 2138 ut
844 2071 1003 2137 nihil
1038 2070 1099 2136 ei
1132 2069 1380 2156 gratius
1413 2068 1626 2134 facere
1661 2068 1898 2154 pessis,
1953 2089 2151 2152 quam
2185 2069 2242 2136 si
2285 2071 2470 2136 illum

400 2189 519 2252 per
550 2177 617 2232 te
648 2154 1059 2252 recuperarit.

332 2259 369 2313 5
530 2259 597 2326 N
596 2281 725 2326 unc
760 2283 838 2325 ea
872 2278 1210 2343 cognosce,
1246 2279 1416 2341 quae
1438 2257 1720 2340 maxime
1752 2268 2048 2344 exoptas:
2081 2281 2220 2324 rem
2254 2259 2471 2345 publi-

326 2330 547 2419 15(ιιιιιι
578 2351 869 2418 funditus
904 2350 1253 2427 amisimus,
1277 2351 1453 2461 ‘adeo
1489 2363 1563 2417 ut
1591 2348 1778 2429 Cato,
1817 2351 2192 2418 adulescens
2229 2354 2470 2420 nullius

402 2447 679 2531 consilii,
732 2445 849 2512 sed
901 2456 1115 2511 tamen
1172 2444 1331 2510 civis
1378 2445 1712 2512 Romanus
1759 2457 1822 2511 et
1869 2443 2068 2523 Cato,
2119 2446 2234 2512 vix
2279 2448 2468 2514 vivus

401 2527 747 2630 effugeret,
798 2539 1002 2625 quod,
1040 2545 1189 2604 cum
1226 2537 1583 2606 Gabinium
1619 2541 1702 2606 de
1735 2539 1982 2606 ambitu
2018 2542 2215 2607 vellet
2247 2554 2471 2628 postu-

400 2637 566 2715 late,
616 2637 843 2721 neque
880 2644 1205 2721 praetores
1262 2634 1491 2702 diebus
1536 2635 1783 2720 aliquot
1835 2635 1996 2700 adiri
2047 2649 2316 2722 possent
2367 2638 2472 2703 vel

400 2739 785 2820 potestatem
819 2731 915 2796 sui
953 2729 1270 2808 facerent,
1320 2731 1403 2794 in
1427 2730 1791 2796 contionem
1837 2725 2122 2797 escendit
2163 2741 2234 2797 et
2263 2732 2470 2798 Pom·-

320 2864 326 2868 -
400 2827 617 2910 peium
662 2825 987 2910 privatum
1022 2824 1398 2890 dictatorem
1443 2823 1821 2910 appellavit3
1865 2825 2130 2911 propius
2173 2825 2340 2892 nihil
2373 2840 2472 2893 est

400 2918 674 2994 factum,
728 2939 927 3002 quam
976 2930 1051 2985 ut
1104 2919 1519 2985 occideretur.
1619 2942 1702 2985 ex
1751 2919 1905 2996 hoc,
1960 2919 2074 3004 qui
2125 2919 2210 2985 sit
2263 2931 2469 2988 status

326 3028 378 3068 16
402 3013 599 3079 totius
633 3012 729 3080 rei
761 3013 1087 3100 publicae,
1132 3013 1352 3080 videre
1395 3026 1600 3100 potes.
1687 3026 1943 3082 nostrae
1979 3026 2194 3083 tamen
2233 3039 2471 3085 causae

398 3130 531 3174 nen
587 3107 883 3174 videntur
934 3107 1225 3176 homines
1286 3109 1598 3188 defuturi.
1662 3099 2024 3175 mirandum
2076 3110 2146 3176 in
2199 3113 2470 3179 modum

401 3202 809 3312 profitentur,
855 3201 1135 3268 offerunt
1177 3225 1276 3279 se,
1320 3203 1720 3288 pollicentur.
1809 3203 2108 3288 equidem
2153 3227 2307 3272 cum
2355 3231 2470 3295 spe

402 3319 546 3360 sum
580 3295 892 3373 maxima,
937 3307 1075 3361 tum
1111 3296 1354 3362 maiore
1390 3297 1585 3362 etiam
1619 3297 1834 3363 animo
1847 3346 1866 3375 ,
1914 3321 2056 3384 spe,
2099 3302 2466 3385 superiores

399 3388 541 3454 fore
574 3411 723 3468 nos,
772 3389 1014 3467 animo,
1060 3400 1133 3459 ut
1164 3389 1233 3454 in
1266 3390 1390 3457 hac
1425 3411 1496 3457 re
1529 3391 1788 3478 publica
1822 3415 1904 3458 ne
1941 3415 2164 3459 casum
2201 3395 2468 3478 quidem

398 3483 603 3548 ullum
636 3483 1103 3570 pertimescam.
1164 3484 1281 3551 sed
1314 3495 1530 3551 tamen
1565 3509 1642 3552 se·
1669 3509 1774 3551 res
1811 3487 1906 3552 sic
1939 3487 2163 3554 habet:
2202 3489 2261 3553 si
2297 3490 2470 3558 diem

396 3576 584 3642 nobis
621 3577 873 3655 dixerit,
908 3589 1044 3644 tota
1076 3579 1281 3644 Italia.
1304 3591 1657 3658 concurret,
1695 3592 1769 3646 ut
1802 3581 2226 3669 multiplicata
2260 3585 2469 3670 gloria

399 3670 802 3737 discedamus
813 3697 831 3751 3
886 3672 989 3738 sin
1032 3685 1249 3740 autem
1304 3675 1372 3740 vi
1415 3698 1609 3762 agere
1660 3677 2026 3754 conabitur,
2081 3699 2274 3764 spero
2329 3681 2470 3746 fore

302 3791 305 3798 ·
396 3764 627 3830 studiis
660 3787 792 3832 non
825 3766 1037 3833 solum
1068 3769 1457 3848 amicorum,
1513 3771 1629 3837 sed
1673 3771 1868 3838 etiam
1900 3771 2258 3839 alienorum
2294 3787 2372 3840 ut
2407 3775 2469 3840 vi

394 3855 781 3924 resistamus.
842 3882 1064 3928 omnes
1094 3875 1158 3929 et
1192 3887 1261 3930 se
1288 3875 1354 3930 et
1389 3887 1536 3931 suos
1573 3865 1834 3944 amicos,
1869 3865 2142 3944 clientis,
2174 3867 2468 3945 libertoS,

396 3947 633 4027 servos,
668 3955 973 4036 pecunias
1002 3956 1279 4043 denique
1306 3983 1456 4026 suas
1491 3959 1904 4046 pollicentur3
1941 3973 2160 4028 nostra
2195 3964 2468 4047 antiqua

305 4137 309 4142 Δ
393 4059 622 4105 manus
666 4044 979 4115 bonorum
1022 4051 1205 4117 ardet
1250 4053 1462 4120 studio
1494 4054 1722 4122 nostri·
1709 4066 1926 4142 -atque
1962 4077 2209 4135 amore3
2253 4055 2313 4122 si
2351 4058 2470 4143 qui
