2675 4559
492 268 612 332 :aas
1102 272 1178 325 M.
1217 270 1489 328 TULLn
1525 269 1923 327 CICERONIS

488 419 720 488 guntur
736 452 752 476 ,
795 409 867 464 ιιι
901 398 984 462 ab
1030 396 1107 461 iis
1142 417 1246 461 me
1282 394 1484 460 amari
1519 405 1759 481 putem.
1846 417 1994 459 nam
2031 395 2149 460 etsi
2181 416 2300 460 non
2329 394 2480 462 facile

488 500 867 560 tliiffllisatur
902 513 1081 558 amor
1115 512 1305 556 verus
1333 502 1400 555 et
1431 489 1640 566 fietus,
1675 488 1798 554 nisi
1834 490 2092 574 aliquod
2125 490 2346 558 incidat
2374 491 2482 555 eius

487 596 652 656 mmli
708 608 989 675 tempus,
1052 597 1155 664 ut,
1209 585 1395 673 quasi
1450 607 1677 650 aurum
1728 585 1894 672 igni,
1947 585 2040 652 sie
2091 585 2485 652 benevolentia

492 688 688 752 [izlslis
732 682 1013 768 periculo
1059 681 1275 766 aliquo
1319 681 1596 767 perspioi
1638 681 1868 766 possit,
1913 692 2125 747 cetera
2159 691 2300 745 sunt
2318 672 2485 765 'signa

488 779 874 856 mmnnunia,
921 776 1034 843 sed
1081 796 1203 862 ego
1238 796 1368 840 uno
1402 787 1565 850 utor,
1591 785 1997 861 argumento,
2054 797 2246 860 quam
2278 773 2354 839 ob
2381 796 2486 839 rem

488 900 586 940 me
628 900 703 940 (τι
744 873 953 938 animo
988 891 1263 955 vereque
1299 870 1569 936 arbitrer
1603 870 1812 956 diligi,
1857 870 2013 954 quia
2044 881 2110 937 et
2153 880 2355 935 nostra
2389 869 2488 932 for-
2592 941 2601 960 q

427 996 448 1024 s
492 988 640 1032 tuna
680 992 756 1032 ea
802 977 900 1033 est
936 977 1000 1031 et
1031 966 1314 1040 illorum,
1368 976 1444 1029 ut
1478 963 1820 1029 simulandi
1862 985 2060 1029 causa
2100 984 2227 1029 non
2268 963 2358 1028 sit.
2429 962 2488 1025 de

488 1068 592 1128 ills
632 1076 876 1138 autem,
923 1081 1115 1144 quem
1161 1081 1359 1144 penes
1406 1070 1504 1123 est
1547 1057 1751 1124 omnis
1795 1068 2110 1144 potestas,
2154 1057 2307 1123 nihil
2343 1057 2489 1122 video

488 1160 659 1240 qum]
700 1156 983 1229 timeam,
1028 1153 1152 1217 nisi
1198 1152 1371 1236 quod
1405 1152 1622 1217 omnia
1657 1162 1804 1217 sunt
1839 1152 2112 1229 ineerta,
2149 1173 2290 1219 oum
2323 1174 2358 1215 a
2385 1151 2489 1215 iure

492 1256 837 1316 diffissa-:aum
865 1259 983 1324 est,
1018 1268 1139 1312 neo
1173 1247 1486 1332 praestari
1513 1247 1859 1330 quicquam
1886 1259 2118 1334 potest,
2155 1247 2333 1331 quale
2355 1244 2491 1309 futu-

492 1372 628 1408 rum
668 1348 764 1420 sit,
801 1341 976 1427 quod
1009 1341 1287 1427 positum
1322 1352 1421 1406 est
1453 1341 1521 1405 in
1549 1341 1809 1407 alterius
1835 1343 2187 1419 voluntate,
2221 1364 2299 1408 ne
2325 1340 2490 1404 dicam

492 1440 768 1504 Mhidiue.
856 1435 972 1501 sed
1015 1446 1229 1501 tamen
1274 1435 1411 1501 eius
1455 1435 1656 1521 ipsius
1699 1436 1878 1501 nulla
1919 1457 1991 1502 re
2038 1461 2077 1502 a
2110 1459 2215 1502 me
2256 1434 2490 1500 offensus

491 1548 576 1596 est
640 1556 672 1595 ,τι
684 1532 887 1596 nimus
898 1554 916 1607 ;
971 1544 1069 1596 est
1119 1529 1291 1595 enim
1338 1529 1626 1595 adhibita
1667 1530 1736 1594 in
1779 1551 1858 1596 ea
1901 1552 1971 1596 re
2023 1531 2169 1616 ipsa
2211 1551 2434 1595 summa
2465 1549 2494 1589 a

492 1628 670 1692 wtshis
724 1624 1103 1691 moderatio:
1167 1635 1244 1689 ut
1293 1623 1465 1689 enim
1517 1625 1670 1689 olim
1724 1624 2088 1690 arbitrabar
2139 1647 2275 1692 esse
2320 1643 2492 1687 meum
2596 1617 2598 1623 ’

492 1724 684 1784 litun-s
724 1718 926 1803 loqui,
973 1718 1156 1785 euius
1193 1740 1390 1805 opera
1425 1728 1593 1785 esset
1625 1718 1694 1782 in
1729 1718 1988 1784 civitate
2023 1719 2300 1795 libertae,
2332 1717 2410 1782 sic
2437 1735 2493 1778 ea

492 1840 660 1880 nunc:
716 1813 949 1880 amissa
998 1812 1157 1878 nihil
1206 1813 1413 1898 loqui,
1476 1811 1651 1897 quod
1703 1811 1991 1879 offendat
2044 1825 2158 1879 aut
2213 1813 2370 1878 illius
2412 1817 2494 1872 aut

492 1936 708 1972 stur-um
724 1956 740 1984 ,
780 1908 889 1992 qui
924 1907 1008 1972 ab
1042 1907 1153 1972 illo
1189 1906 1571 1993 diliguntur,
1607 1906 2024 1973 voluntatem.
2114 1907 2382 1993 effugere
2409 1925 2495 1966 au·
2605 1935 2607 1963 ι

492 2020 616 2068 tem
676 2008 724 2068 si
780 2001 974 2068 velim
1026 2023 1155 2067 non
1207 2003 1530 2066 nullorum
1584 2013 1768 2067 acute
1815 2013 1928 2068 aut
1979 2003 2190 2070 facete
2232 2002 2494 2066 dictorum
2606 2030 2607 2045 ι

480 2104 744 2184 „Ji-:mans
784 2095 959 2161 fama
991 2095 1233 2180 ingenii
1258 2095 1417 2160 mihi
1444 2096 1528 2162 sit
1555 2096 1916 2174 abicienda3
1953 2097 2150 2182 quod,
2187 2098 2240 2162 si
2269 2114 2494 2182 possem,

437 2236 451 2248 2
496 2216 619 2256 :usn
672 2210 1047 2254 resusarem.
1136 2187 1252 2253 sed
1295 2199 1511 2254 tamen
1553 2190 1694 2275 ipse
1740 2187 1984 2257 Caesar
2036 2191 2231 2258 habet
2282 2206 2494 2276 peracre

492 2284 816 2359 indit-rium,
854 2291 940 2359 et,
964 2292 1038 2347 ut
1058 2279 1345 2359 Servius,
1373 2282 1573 2349 frater
1599 2296 1770 2361 tuus,
1800 2306 1994 2368 quem
2021 2283 2495 2352 litteratissimum

492 2380 684 2440 fuisse
732 2375 973 2452 iudioO,
1024 2374 1214 2441 facile
1258 2376 1498 2442 diceret
1552 2377 1687 2443 ‘hie
1730 2401 1954 2445 versus
1990 2378 2213 2445 Plauti
2255 2399 2372 2443 non
2407 2382 2496 2446 est,

496 2474 592 2536 his.
652 2472 791 2546 est:
846 2469 1021 2554 quod
1073 2470 1255 2534 tritas
1308 2471 1480 2536 auris
1535 2472 1802 2538 haberet
1853 2475 2152 2539 notandis
2204 2468 2495 2560 generibus

492 2576 822 2652 pulsarum
866 2575 931 2630 et
975 2565 1434 2630 consuetudine
1479 2566 1768 2652 legendi,
1815 2567 1906 2633 sio
1952 2568 2144 2633 audio
2181 2564 2496 2634 Caesarem,
2606 2581 2607 2588 ¹

492 2684 636 2724 [etun
695 2658 1018 2726 volumina
1066 2656 1197 2722 iam
1241 2658 1588 2725 confecerit
1642 2655 1888 2746 ἆποφθ
1899 2661 2222 2747 εγμάτων,
2272 2659 2323 2725 si
2361 2651 2499 2741 quod

492 2756 815 2820 adferatur
849 2752 931 2818 ad
969 2775 1117 2818 eum
1150 2773 1267 2837 pro
1304 2775 1476 2830 me0,
1522 2753 1699 2837 quod
1732 2777 1950 2821 meum
1984 2778 2117 2821 non
2152 2755 2259 2832 sit,
2302 2752 2497 2818 reicere

492 2852 720 2920 stilai-223.
776 2847 947 2930 quod
991 2868 1067 2912 eo
1111 2869 1284 2913 nune
1327 2847 1535 2934 magis
1579 2848 1763 2926 facit,
1817 2849 1973 2934 quia
2017 2851 2242 2915 vivunt
2288 2863 2498 2912 meeum

492 2944 620 3004 fere
660 2939 890 3005 amidis
922 2941 1093 3006 illius
1131 2939 1497 3008 familiares.
1539 2942 1867 3009 -inoidunt
1903 2954 2122 3010 autem
2152 2945 2221 3008 in
2252 2954 2497 3009 sermone

492 3036 664 3096 varis
712 3033 941 3110 multa,
996 3053 1161 3117 quae
1206 3033 1480 3101 fortasse
1514 3035 1638 3101 illis
1682 3058 1831 3102 oum
1867 3037 2003 3102 dixi
2036 3060 2159 3105 neo
2200 3036 2500 3101 inlitterata

492 3152 604 3192 uss
652 3127 892 3193 insulsa
938 3148 1077 3194 esse
1122 3127 1488 3196 videantur:
1542 3128 1704 3215 haee
1749 3131 1834 3196 ad
1866 3131 2050 3196 illum
2095 3153 2240 3197 eum
2280 3121 2498 3208 reliquis

492 3224 644 3288 ustis
688 3222 1122 3308 perferuntun
1168 3223 1261 3289 ita
1305 3224 1475 3290 enim
1518 3224 1657 3310 ipse
1692 3225 2042 3291 mandavit.
2131 3226 2223 3291 sio
2252 3224 2323 3289 fit
2351 3230 2430 3295 ut,
2458 3213 2499 3278 si

492 3320 640 3400 quit]
672 3327 999 3400 praeterea
1026 3315 1106 3384 de
1132 3340 1237 3384 me
1267 3318 1508 3397 audiat,
1525 3339 1656 3384 non
1674 3319 2069 3385 audiendum
2092 3329 2290 3406 putet.
2339 3330 2497 3399 quam

492 3416 568 3475 nh
612 3436 740 3476 rem
764 3408 1099 3479 Oenomao
1134 3422 1247 3477 tuo
1281 3411 1440 3478 nihil
1474 3423 1649 3491 utor3
1685 3414 1806 3479 etsi
1840 3414 2109 3500 posuisti
2143 3414 2281 3478 loeo
2313 3423 2497 3474 versus

427 3524 452 3560 5
492 3508 829 3572 Annianus.
901 3505 1018 3573 sed
1051 3527 1217 3591 quae
1254 3518 1350 3572 est
1383 3507 1664 3574 invidia?
1710 3520 1823 3574 aut
1856 3509 2016 3594 quid
2050 3507 2206 3573 mihi
2238 3523 2395 3571 nuno
2421 3499 2497 3562 in·

492 3604 687 3664 rideri
720 3600 965 3684 potest?
997 3622 1223 3666 verum
1251 3600 1359 3667 fae
1382 3623 1525 3668 esse
1541 3603 1785 3668 omnia:
1822 3603 1914 3670 sio
1939 3603 2124 3670 video
2149 3589 2496 3688 philosophis

492 3696 800 3780 placuisse
844 3693 951 3771 iis,
997 3693 1110 3779 qui
1151 3694 1309 3762 mihi
1345 3696 1463 3761 soli
1507 3696 1806 3763 videntur
1841 3697 1973 3762 vim
2009 3695 2252 3762 virtutis
2295 3702 2492 3756 tenere,

488 3792 638 3852 nihil
672 3810 808 3854 esse
834 3788 1138 3874 sapientis
1164 3799 1489 3874 praestare
1515 3791 1640 3856 nisi
1669 3791 1946 3877 eulpam,
1982 3813 2110 3876 qua
2136 3787 2287 3854 mihi
2311 3781 2495 3848 videor

492 3884 823 3964 alul-lisitsr
864 3903 1110 3960 carere,
1166 3893 1231 3950 et
1263 3883 1440 3968 quod
1474 3906 1552 3950 ea
1587 3885 1925 3963 senserim,
1982 3905 2145 3969 quae
2188 3873 2493 3948 rectissima

491 3976 776 4052 fuerunt,
828 3988 891 4043 et
928 3978 1130 4062 quod,
1185 4000 1335 4045 eum
1378 3978 1662 4047 viderem
1708 3979 2011 4067 praesidii
2044 4001 2172 4045 non
2207 3975 2346 4042 satis
2376 3984 2488 4033 esse

492 4072 568 4128 :ul
604 4092 676 4132 aa
707 4070 1066 4150 aihtinendzu
1084 4072 1327 4140 viribus
1357 4073 1729 4140 certandum
1757 4097 1906 4142 eum
1933 4070 2362 4142 valentioribus
2381 4077 2484 4126 11011
