2675 4559
413 186 546 252 264
1033 196 1112 252 Μ.
1149 195 1425 252 TULLII
1458 190 1861 250 CICERONIS

414 322 616 390 facias
666 322 787 388 nisi
837 322 1077 398 iussus,
1129 317 1245 384 sed
1293 328 1367 382 ut
1414 340 1495 383 ea
1542 339 1759 402 geras,
1813 335 1980 400 quae
2034 314 2119 379 ab
2170 313 2469 380 omnibus
2585 337 2587 340 ’

415 439 667 484 summa
701 437 849 482 cum
883 414 1304 482 admiratione
1337 411 1698 480 laudentur.

1357 645 1520 704 vm.

843 752 961 808 Scr.
981 752 1196 808 Romae
1213 767 1404 806 mense
1422 749 1686 806 Ianuario
1707 766 1759 804 a.
1778 767 1833 803 u.
1854 766 1901 803 c.
1924 747 2044 803 711.

602 857 680 911 M.
718 854 994 912 CICERO
1032 853 1088 909 S.
1124 853 1198 908 D.
1234 851 1308 907 D.
1344 851 1609 908 BRUTO
1644 849 1801 906 IMP.
1838 848 1995 906 COS.
2030 849 2287 906 DESIG.

543 979 644 1046 Eo
679 990 967 1065 tempore
994 975 1184 1042 Polla
1217 986 1330 1040 tua
1364 974 1556 1052 misit,
1591 984 1666 1040 ut
1698 973 1785 1040 ad
1818 983 1903 1051 te,
1940 973 1996 1038 si
2029 971 2189 1057 quid
2221 973 2475 1050 vellem,
2589 971 2599 985 “

415 1077 634 1142 darem
668 1075 1023 1140 litterarum
1036 1119 1055 1148 ,
1109 1094 1287 1149 oum,
1342 1069 1500 1156 quid
1534 1070 1909 1148 scriberem,
1958 1091 2089 1137 non
2124 1067 2477 1145 habebam3

415 1171 630 1238 omnia
663 1168 835 1236 enim
869 1176 1050 1233 erant
1085 1189 1397 1252 suspensa
1429 1164 1691 1252 propter
1727 1163 2269 1250 exspectationem
2298 1163 2479 1250 iega-

413 1276 657 1343 torum,
710 1262 822 1347 qui
865 1259 1025 1346 quid
1067 1260 1378 1345 egissent,
1428 1258 1747 1324 nihildum
1790 1258 2227 1326 nuntiabatur.
2318 1259 2481 1324 haec

413 1369 630 1424 tamen
665 1354 1002 1421 scribenda
1037 1353 1425 1421 existimavi:
1478 1352 1773 1439 primum,
1809 1363 2100 1419 senatum
2135 1353 2481 1439 populum-

413 1473 542 1535 que
583 1450 949 1515 Romanum
1003 1447 1082 1512 de
1135 1459 1200 1512 te
1253 1447 1547 1512 laborare
1598 1469 1729 1514 non
1782 1447 1989 1513 solum
2042 1447 2268 1512 salutis
2322 1470 2481 1513 suae

414 1567 636 1623 causa,
691 1543 806 1610 sed
860 1543 1053 1608 etiam
1098 1541 1427 1628 dignitatis
1480 1553 1629 1608 tuae
1640 1567 1659 1620 3
1716 1541 2107 1608 admirabilis
2163 1543 2336 1608 enim
2384 1554 2483 1607 est

411 1641 729 1725 quaedam
782 1639 878 1704 tui
928 1638 1202 1703 nominis
1253 1637 1485 1702 caritas
1538 1659 1843 1722 amorque
1893 1638 1962 1704 in
2014 1649 2079 1703 te
2132 1636 2480 1724 singularis

411 1733 699 1801 omnium
752 1733 1016 1799 civium:
1071 1733 1162 1798 ita
1215 1733 1385 1798 enim
1438 1732 1699 1818 sperant
1750 1743 1944 1818 atque
1989 1731 2352 1810 confidunt,
2406 1743 2483 1796 ut

412 1841 602 1898 antea
635 1851 809 1914 rege,
846 1827 940 1893 sic
971 1827 1094 1894 hoc
1129 1840 1415 1913 tempore
1449 1847 1649 1912 regno
1685 1837 1749 1894 te
1783 1850 1920 1892 rem
1957 1826 2283 1914 publicam
2316 1826 2482 1892 libe-

411 1935 722 1990 raturum.
810 1922 1057 1988 Romae
1093 1921 1359 1988 dilectus
1393 1921 1667 1987 habetur
1709 1931 1971 2006 totaque
2005 1921 2227 1998 Italia,
2282 1920 2338 1985 si
2372 1920 2481 1986 hic

413 2018 682 2084 dilectus
727 2015 1145 2102 appellandus
1191 2026 1286 2082 est
1299 2063 1318 2092 ,
1374 2037 1520 2080 cum
1570 2015 1739 2080 ultro
1781 2038 1850 2081 se
1896 2013 2174 2080 offerunt
2216 2036 2476 2080 omnes:

411 2123 626 2176 tantus
673 2109 862 2174 ardor
895 2109 1144 2174 animos
1185 2109 1520 2174 hominum
1553 2109 1891 2196 occupavit
1926 2108 2241 2175 desiderio
2285 2109 2481 2176 liber-

409 2204 558 2268 tatis
595 2203 869 2286 odioque
913 2202 1197 2268 diutinae
1241 2203 1583 2268 servitutis.
1674 2204 1756 2268 de
1798 2203 2059 2288 reliquis
2104 2203 2299 2269 rebus
2334 2225 2379 2268 a
2410 2213 2477 2268 te

408 2299 540 2362 iam
591 2307 962 2382 exspectare
1007 2297 1250 2362 litteras
1295 2295 1636 2375 debemus,
1691 2297 1849 2382 quid
1889 2298 2027 2384 ipse
2072 2320 2260 2384 agas,
2316 2297 2479 2381 quid

409 2401 626 2468 noster
657 2389 932 2468 Hirtius,
969 2389 1125 2474 quid
1155 2388 1402 2456 Caesar
1434 2413 1637 2468 meus,
1676 2413 1837 2476 quos
1872 2413 2059 2478 spero
2092 2391 2279 2458 brevi
2310 2401 2477 2457 tem·-

357 2531 362 2536 ·
407 2507 565 2572 pore
609 2484 910 2550 societate
944 2485 1251 2550 victoriae
1285 2495 1501 2550 tecum
1536 2487 1873 2573 copulatos
1906 2487 2063 2552 fore.
2150 2485 2477 2570 reliquum

409 2589 507 2646 est
555 2590 629 2644 ut
672 2579 753 2645 de
795 2602 902 2646 me
945 2579 1012 2646 id
1057 2579 1363 2656 scribam,
1410 2581 1585 2665 quod
1628 2593 1696 2648 te
1729 2605 1811 2648 ex
1838 2591 2103 2646 tuorum
2144 2581 2373 2646 litteris
2412 2591 2481 2646 et

409 2695 596 2760 spero
641 2685 704 2740 et
747 2674 916 2740 malo
959 2695 1375 2760 cognoscere,
1426 2697 1533 2740 me
1582 2697 1794 2759 neque
1836 2675 2061 2742 deesse
2106 2674 2241 2741 ulla.
2290 2674 2361 2740 i‘n
2404 2697 2477 2740 re

407 2790 617 2853 neque
651 2789 961 2853 umquam
995 2767 1369 2834 defuturum
1404 2768 1699 2854 dignitati
1730 2779 1903 2835 tuae.

1384 3005 1491 3060 IX.
1858 3030 1865 3036 ·

715 3103 835 3162 Ser.
854 3105 911 3159 in
928 3087 1313 3188 castris-Regii
1329 3107 1437 3162 111.
1457 3107 1590 3162 Kal.
1610 3107 1791 3162 Maias
1811 3125 1862 3163 a.
1881 3125 1936 3162 u.
1958 3124 2008 3163 c.
2028 3107 2147 3163 711.

859 3206 934 3263 D.
970 3209 1283 3268 BRUTUS
1320 3209 1377 3266 S.
1415 3208 1492 3265 D.
1526 3209 1604 3266 Μ.
1640 3207 2019 3267 CICERONI.

535 3329 754 3398 Pansa
797 3331 1032 3398 amisso
1077 3344 1391 3418 quantum
1434 3333 1799 3400 detrimenti
1835 3355 1939 3398 res
1982 3333 2243 3419 publica.
2288 3358 2477 3402 acoe-

405 3425 588 3512 perit,
623 3447 754 3490 non
788 3437 854 3492 te
888 3427 1218 3512 praeteritz
1263 3449 1437 3493 nunc
1473 3427 1847 3494 auctoritate
1882 3443 1947 3494 et
1980 3428 2324 3514 prudentia
2360 3441 2475 3496 tua.

403 3518 755 3606 prospicias
801 3529 1081 3605 oportet,
1127 3543 1210 3587 ne
1253 3521 1497 3586 inimici
1538 3522 1739 3588 nostri
1782 3521 2151 3588 consulibus
2187 3523 2469 3590 'sublatis

406 3623 664 3699 sperent
699 3636 767 3679 se
805 3615 1250 3682 convalescere
1282 3635 1492 3701 posse.
1582 3637 1729 3703 ego,
1764 3639 1846 3682 ne
1882 3617 2229 3684 consistere
2264 3619 2475 3704 possit

403 3706 472 3774 in
505 3707 696 3774 Italia
729 3707 1078 3786 Antonius,
1113 3709 1282 3776 dabo
1319 3732 1611 3797 opertum
1646 3733 1883 3795 sequar
1912 3734 2061 3777 eum
2098 3712 2469 3780 confestim=

404 3811 750 3886 utrumque
785 3823 891 3867 me
934 3813 1404 3888 praestaturum
1440 3827 1659 3891 spem,
1692 3828 1775 3872 ne
1812 3816 1923 3872 aut
1962 3805 2301 3872 Ventidius
2337 3808 2471 3872 ela-

405 3892 596 3958 batur
630 3905 742 3959 aut
774 3895 1097 3962 Antonius
1133 3897 1201 3962 in
1235 3898 1427 3964 Italia
1458 3909 1763 3966 moretur.
1825 3900 1891 3965 in
1926 3899 2150 3985 primis
2184 3921 2345 3986 rogo
2382 3909 2467 3977 te,

403 3985 488 4050 ad
521 3986 844 4056 hominem
878 3991 1413 4074 ventosissimum,
1450 3993 1803 4081 Lepidum,
1838 3995 2071 4074 mittas,
2106 4018 2189 4062 ne
2224 3994 2467 4062 bellum
