2675 4559
157 3 209 36 q-
503 0 692 31 ’ἶῗ-Ἰῑῖ-Ἴῐῖ
741 18 748 25 ,

278 79 289 88 -
364 89 375 98 ι

719 273 1278 333 EPISTOLARUM
1311 276 1419 331 111.
1458 281 1507 335 5.
1528 280 1579 335 6.
2094 271 2180 339 51

156 399 364 487 puerit,
416 422 562 465 mea
605 408 814 463 tamen
856 396 923 461 in
977 408 1040 463 te
1086 398 1302 464 omnia
1344 400 1559 467 officia
1615 405 2001 471 constabunt
2022 410 2029 416 ’
2050 428 2181 475 non

155 518 312 560 secus
343 514 418 559 ac
453 492 510 559 si
545 504 610 559 te
644 491 962 561 vidissem.
1051 493 1172 559 tibi
1206 494 1288 560 de
1330 498 1565 562 nostris
1599 498 1793 565 rebus
1826 501 1986 566 nihil
2032 525 2175 569 sum

151 598 276 653 ante
305 586 722 653 mandaturus
764 608 881 673 per
921 586 1165 653 litteras
1201 610 1399 673 quam
1444 589 1785 676 desperaro
1820 616 2037 661 eoram
2070 619 2174 663 me

151 693 334 747 tecum
384 704 580 767 agere
632 702 838 767 posse.
927 680 1105 767 quod-
1153 693 1216 749 te
1262 706 1303 749 a
1349 681 1665 751 Scaevola
1714 688 1947 773 petisse
1994 689 2171 769 dicis,
2211 709 2236 750 ⁵

151 788 232 853 ut,
277 775 426 840 dum
469 787 542 841 tu
599 776 884 853 abesses,
937 786 1086 841 ante
1140 777 1487 843 adventum
1541 799 1755 845 meum
1808 783 2174 867 provinciae

150 881 456 955 praeesset,
493 893 646 936 eum
675 892 798 957 ego
824 868 1071 956 Ephesi
1106 871 1240 937 vidi
1273 871 1525 956 fuitque
1559 896 1812 941 mecum
1846 875 2176 943 familiari-

151 976 229 1029 ter
269 965 548 1031 triduum
595 964 783 1043 illud,
835 965 1010 1049 quod
1061 986 1186 1051 ego
1231 964 1476 1053 Ephesi
1530 981 1958 1035 commoratus
2010 994 2174 1049 sum,

149 1082 244 1125 nee
281 1082 356 1125 ex
397 1081 478 1125 eo
524 1059 872 1145 quicquam
915 1060 1164 1138 audivi,
1217 1061 1393 1145 quod
1444 1062 1567 1127 sibi
1612 1086 1653 1127 a
1694 1074 1759 1129 te
1802 1064 2174 1130 mandatum

149 1152 365 1221 diceret.
421 1176 499 1221 ac
537 1175 694 1221 sane
729 1155 960 1222 vellem
993 1156 1306 1241 potuisset
1342 1157 1611 1243 obsequi
1647 1157 1961 1223 voluntati
1994 1169 2172 1237 tuae3

149 1270 250 1313 non
280 1249 442 1315 enim
479 1249 757 1315 arbitror
789 1249 1090 1317 noluisse.

1089 1483 1190 1543 VI.

349 1586 465 1643 Ser.
487 1590 549 1645 in
581 1588 777 1645 castris
797 1590 871 1645 ad
888 1590 1141 1644 Iconium
1158 1606 1241 1661 pr.
1262 1590 1395 1645 Kal.
1418 1588 1572 1661 Sept.
1595 1608 1645 1646 a.
1664 1609 1718 1645 u.
1741 1609 1789 1647 c.
1812 1592 1931 1648 703.

545 1691 627 1747 M.
642 1721 648 1726 ·
665 1690 940 1748 CICERO
979 1691 1036 1747 S.
1072 1690 1146 1745 D.
1183 1692 1304 1745 ΑΡ.
1342 1692 1729 1749 PULCHRO.

249 1811 407 1881 Cum
434 1838 659 1883 meum
693 1815 938 1881 factum
965 1836 1114 1880 cum
1149 1825 1260 1880 tuo
1292 1836 1615 1901 compare,
1654 1815 1775 1881 etsi
1812 1838 1945 1881 non
1968 1816 2177 1904 magis
2210 1836 2233 1874 1

147 1907 272 1973 mihi
307 1909 496 1976 faveo
530 1910 604 1975 in
645 1920 864 1975 nostra
908 1908 1190 1975 amicitia
1233 1909 1475 1975 tuenda
1516 1931 1715 1994 quam
1761 1910 1905 1988 tibi,
1961 1922 2175 1977 tamen

147 2002 311 2069 multo
358 2006 573 2092 magis
629 2025 772 2071 meo
825 2002 998 2068 facto
1045 2002 1328 2070 deleetor
1372 2024 1569 2089 quam
1612 2016 1745 2069 tuo.
1834 2026 1958 2091 ego
2004 2005 2176 2070 enim

144 2093 434 2165 Brundisii
469 2098 766 2184 quaesivi
795 2120 876 2164 ex
901 2098 1174 2176 Phania,
1211 2099 1395 2165 cuius
1430 2098 1589 2163 mihi
1624 2098 1890 2165 videbar
1916 2110 1984 2165 et
2017 2098 2174 2165 fide-

143 2187 351 2257 litatem
393 2216 556 2281 erga
600 2205 664 2257 te
708 2193 1110 2280 perspexisse
1146 2203 1212 2259 et
1253 2214 1447 2259 nosse
1480 2192 1724 2270 locum,
1770 2215 1963 2278 quem
2000 2194 2173 2281 apud

145 2292 195 2346 te
235 2284 284 2349 is
331 2298 608 2364 teneret,
653 2310 850 2372 quam
896 2288 964 2353 in
1016 2298 1268 2374 partem
1316 2288 1687 2375 provinciae
1731 2290 2009 2355 maxime
2054 2312 2175 2376 pu-

147 2388 277 2445 taret
317 2392 376 2449 te
423 2384 596 2449 velle
637 2394 713 2448 ut
753 2382 822 2449 in
865 2382 1268 2449 succedendo
1311 2383 1593 2469 primum
1629 2384 1935 2451 venirem.
2025 2408 2173 2451 cum

145 2470 228 2537 ille
257 2477 402 2543 mihi
435 2477 908 2563 respondisset,
957 2478 1118 2543 nihil
1151 2500 1256 2543 me
1301 2477 1419 2543 tibi
1454 2479 1699 2565 gratius
1734 2479 1947 2545 facere
1984 2501 2172 2565 posse

145 2586 306 2647 quam
339 2572 391 2637 si
425 2573 511 2640 ad
554 2571 780 2639 Sidam
813 2573 1251 2659 navigassem,
1289 2574 1410 2639 etsi
1444 2574 1657 2639 minus
1694 2573 2023 2659 dignitatis
2059 2574 2173 2638 ha-

145 2660 307 2731 bebat
351 2668 456 2735 ille
512 2669 831 2735 adventus
882 2679 948 2733 et
999 2668 1083 2733 ad
1136 2666 1371 2733 multas
1414 2690 1517 2735 res
1569 2665 1729 2733 mihi
1778 2667 1993 2731 minus
2036 2679 2171 2732 erat

145 2770 320 2840 aptus,
353 2774 570 2831 tamen
607 2764 698 2827 ita
732 2785 835 2829 me
871 2762 1008 2827 dixi
1041 2786 1184 2829 esse
1218 2762 1563 2828 facturum.
1652 2761 1826 2827 idem
1860 2782 1986 2847 ego
2022 2783 2170 2826 eum

147 2848 210 2915 L.
227 2852 512 2925 Clodium
534 2854 859 2944 Corcyrae
895 2858 1357 2936 convenissem,
1394 2856 1719 2923 hominem
1751 2855 1843 2921 ita
1877 2854 1992 2921 tibi
2022 2877 2173 2921 con—

147 2940 424 3031 iunctum,
476 2963 554 3018 ut
585 2952 770 3030 mihi,
827 2975 976 3018 cum
1017 2952 1126 3018 illo
1163 2975 1312 3019 cum
1358 2954 1681 3037 loquerer,
1735 2963 1951 3018 tecum
1994 2951 2171 3035 loqui

149 3038 376 3123 viderer,
412 3048 550 3113 dixi
583 3047 644 3114 ei
675 3070 782 3113 me
813 3047 906 3112 ita
940 3047 1264 3113 facturum
1301 3070 1472 3126 esse,
1508 3058 1584 3112 ut
1616 3047 1686 3111 in
1720 3069 1865 3113 eam
1900 3056 2169 3132 partem,

146 3152 310 3214 quam
337 3140 591 3207 Phania
623 3152 932 3229 rogasset,
968 3142 1251 3227 primum
1286 3142 1591 3207 venirem.
1662 3151 1818 3205 tunc
1850 3140 1980 3217 ille,
2016 3139 2174 3205 mihi

149 3246 268 3295 cum
297 3238 530 3320 gratias
566 3237 832 3323 egisset,
867 3257 1108 3322 magno
1143 3256 1335 3321 opere
1354 3257 1413 3300 a
1446 3257 1551 3301 me
1585 3234 1813 3319 petivit
1826 3282 1845 3312 ,
1892 3245 1967 3298 ut
1998 3232 2175 3297 Lao-
2289 3288 2295 3295 .

149 3318 358 3395 eliceam
399 3332 694 3419 protinus
737 3331 928 3409 irem3
981 3340 1045 3397 te
1079 3329 1150 3395 in
1191 3329 1403 3414 prima
1448 3328 1777 3415 provincia
1812 3327 1977 3393 velle
2012 3348 2172 3403 esse,

153 3428 207 3480 ut
249 3442 427 3505 quam
478 3428 760 3514 primum
811 3426 1188 3503 decederes3
1255 3424 1443 3509 quin,
1493 3422 1619 3489 nisi
1670 3443 1794 3508 ego
1848 3441 2176 3487 successor

151 3528 349 3595 essem,
381 3542 578 3605 quem
611 3534 683 3587 tu
720 3543 986 3608 cuperes
1021 3519 1261 3597 videre,
1299 3530 1364 3586 te
1399 3529 1609 3596 antea,
1646 3539 1842 3602 quam
1877 3515 1997 3583 tibi
2030 3536 2175 3581 suc-

155 3621 365 3676 oessum
399 3626 586 3693 esset,
623 3615 1036 3683 decessurum
1072 3614 1306 3680 fuisse:
1343 3613 1519 3698 quod
1554 3612 1815 3698 quidem
1850 3622 1989 3678 erat
2022 3632 2175 3675 con·-

153 3710 486 3774 ssentaneum
520 3731 668 3775 cum
711 3710 792 3775 iis
824 3709 1080 3787 litteris,
1127 3730 1290 3794 quas
1323 3731 1449 3796 ego
1483 3708 1731 3775 Romae
1777 3724 2176 3791 acceperam,

157 3809 219 3854 ΘΧ
248 3798 462 3879 quibus
495 3803 897 3891 perspexisse
931 3802 1092 3869 mihi
1126 3802 1423 3881 videbar,
1460 3825 1656 3887 quam
1689 3799 2027 3866 festinares
2062 3794 2177 3860 de·-

157 3886 362 3957 0edere.
446 3898 746 3984 respondi
783 3894 1016 3965 Clodio
1049 3919 1156 3963 me
1199 3897 1292 3962 ita
1324 3918 1466 3963 esse
1500 3895 1825 3961 facturum
1860 3912 1937 3956 ac
1970 3889 2175 3955 multo

163 3980 377 4057 quidem
424 3990 719 4059 libentius
771 4014 969 4078 quam
1021 3991 1078 4056 si
1119 3989 1280 4057 illud
1327 4000 1499 4055 esset
1547 3986 1947 4064 faciendum,
2000 3982 2177 4069 quod

161 4079 526 4153 promiseram
541 4084 860 4165 Phaniae3
894 4086 1114 4172 itaque
1150 4096 1216 4152 et
1249 4083 1588 4149 consilium
1620 4080 1869 4147 mutavi
1903 4090 1969 4147 et
2001 4079 2087 4145 ad
2111 4089 2177 4144 te

1745 4182 1819 4237 40
