2675 4559
369 176 496 241 104
981 188 1060 242 M.
1093 186 1367 245 TULLII
1396 175 1798 245 'CICERONIS

367 312 552 379 dierit
583 348 672 361 -—-
703 332 914 397 neque
949 310 1118 377 enim
1163 310 1262 375 fas
1307 334 1448 383 esse
1491 310 1762 376 arbitror
1794 310 2139 395 quicquam
2172 334 2280 379 me
2314 334 2418 379 ro·

362 416 625 494 gantem
667 406 783 471 abs
827 416 890 472 te
923 426 1054 471 non
1096 404 1437 491 impetrare
1468 440 1583 482 —-,
1626 426 1822 491 cogar
1865 406 2135 473 fortasse
2180 406 2419 485 facere,

364 500 539 585 quod
571 522 702 566 non
733 501 894 567 nulli
927 522 1119 585 saepe
1152 499 1651 585 reprehenduntz
1688 498 1963 566 scribam
1994 500 2135 586 ipse
2170 501 2251 567 de
2288 524 2417 578 me,

365 596 712 661 multorum
769 606 986 660 tamen
1037 594 1330 679 exemplo
1380 604 1446 659 et
1504 594 1819 659 clarorum
1872 594 2173 660 virorum.
2280 596 2419 673 sed,

361 690 537 772 quod
589 701 652 755 te
701 710 832 755 non
883 687 1080 775 fugit,
1133 686 1293 753 haec
1342 699 1493 753 sunt
1542 688 1611 753 in
1662 688 1787 754 hoc
1826 710 2065 775 genere
2106 689 2265 755 vitia
2275 714 2295 754 ἐ
2352 700 2421 757 et

364 783 784 849 verecundius
817 782 943 869 ipsi
977 781 1057 847 de
1089 802 1234 847 sese
1269 780 1551 847 scribant
1582 803 1842 847 necesse
1878 792 1995 859 est,
2034 782 2089 847 si
2124 782 2285 867 quid
2320 795 2421 849 est

361 875 774 953 laudandum,
809 887 874 941 et
908 885 1336 961 praetereant,
1372 874 1428 940 si
1460 874 1619 959 quid
1650 875 2251 963 reprehendendum
2286 889 2419 956 est3

363 971 610 1037 accedit
645 970 859 1055 etiam,
891 980 965 1035 ut
996 969 1204 1035 minor
1237 969 1320 1034 sit
1350 968 1540 1048 fides,
1576 970 1783 1035 minor
1816 970 2190 1050 auctoritas,
2224 972 2419 1039 multi

363 1064 638 1148 denique
673 1062 1138 1150 reprehendant
1171 1074 1237 1129 et
1280 1061 1497 1127 dicant
1527 1063 2013 1151 verecundiores
2048 1088 2189 1133 esse
2224 1086 2415 1151 prae·-

360 1180 554 1224 cones
605 1156 903 1225 ludorum
953 1155 1427 1243 gymnicorum,
1489 1156 1603 1241 qui
1654 1178 1801 1222 cum
1860 1158 2087 1224 ceteris
2140 1180 2415 1225 coronas

362 1253 757 1339 inposuerint
815 1251 1162 1317 victoribus
1221 1274 1573 1336 eorumque
1632 1252 1891 1338 nomina
1948 1278 2187 1342 magna
2246 1278 2413 1323 voce

361 1346 856 1431 pronuntiarint,
911 1368 1058 1411 cum
1097 1345 1222 1431 ipsi
1257 1358 1405 1413 ante
1438 1348 1737 1413 ludorum
1771 1349 2138 1417 missionem
2171 1373 2418 1417 corona

361 1438 700 1516 donentur,
754 1440 950 1504 alium
993 1462 1371 1525 praeconem
1418 1441 1792 1521 adhibeant,
1844 1466 1925 1509 ne
1970 1467 2090 1509 sua
2131 1466 2295 1512 voce
2342 1468 2418 1511 se·

298 1552 324 1591 9
358 1532 484 1618 ipsi
527 1532 798 1599 victores
843 1556 982 1602 esse
1025 1534 1413 1620 praedicent.
1500 1536 1659 1602 haec
1700 1558 1818 1601 nos
1860 1537 2063 1604 vitare
2110 1540 2415 1626 cupimus

359 1638 442 1705 et,
479 1628 534 1693 si
567 1626 795 1713 recipis
824 1649 1083 1694 causam
1107 1639 1412 1706 nostram,
1448 1629 1818 1707 vitabimus3
1852 1629 2051 1715 idque
2085 1644 2157 1698 ut
2182 1633 2415 1712 facias,

357 1744 677 1809 rogamus.
732 1745 808 1787 ac
840 1745 923 1788 ne
957 1722 1122 1789 forte
1145 1723 1397 1800 mirere,
1432 1745 1564 1801 cur,
1600 1746 1749 1793 cum
1780 1725 1939 1791 mihi
1974 1749 2165 1813 saepe
2194 1740 2417 1796 osten-

357 1818 524 1883 deris
550 1828 613 1883 te
638 1816 1134 1883 accuratissume
1158 1828 1519 1882 nostrorum
1542 1828 1904 1904 temporum
1922 1822 2185 1887 consilia
2210 1835 2414 1908 atque

357 1921 622 1977 eventus
655 1910 876 1976 litteris
911 1908 1383 1987 mandaturum,
1420 1933 1459 1975 a
1492 1922 1557 1975 te
1591 1911 1660 1976 id
1692 1935 1866 1979 nunc
1900 1924 2077 1979 tanto
2114 1938 2311 2002 opere
2346 1930 2415 1984 et

355 2015 487 2070 tam
527 2004 744 2069 multis
786 2002 997 2069 verbis
1041 2014 1364 2087 petamus:
1417 2002 1529 2067 illa
1566 2026 1687 2069 nos
1728 2007 2045 2092 cupiditas
2099 2009 2409 2090 incendit,

355 2097 438 2163 de
481 2120 610 2179 qua
649 2095 828 2159 initio
873 2096 1124 2181 scripsi,
1177 2094 1625 2173 festinationis,
1680 2100 1855 2183 quod
1900 2102 2145 2168 alacres
2190 2105 2411 2171 animo

354 2212 604 2267 sumus,
655 2199 729 2253 ut
771 2199 836 2253 et
888 2189 1082 2255 ceteri
1123 2188 1489 2255 viventibus
1530 2192 1715 2257 nobis
1760 2214 1841 2258 ex
1890 2195 2071 2261 libris
2114 2198 2245 2263 tuis
2288 2222 2411 2265 nos

354 2292 740 2369 cognoscant
785 2293 851 2347 et
890 2295 1141 2349 nosmet
1181 2284 1306 2369 ipsi
1357 2284 1491 2349 vivi
1533 2286 1801 2372 gloriola
1842 2299 2062 2355 nostra
2110 2293 2411 2377 perfrua-

267 2396 317 2435 ιο
349 2395 511 2441 mur.
598 2374 698 2439 his
735 2374 815 2441 de
847 2375 1040 2441 rebus
1077 2378 1231 2461 quid
1267 2389 1525 2444 aeturus
1561 2379 1678 2457 sis,
1724 2381 1781 2445 si
1814 2382 1933 2447 tibi
1966 2406 2099 2449 non
2134 2398 2233 2452 est
2266 2410 2411 2453 mo-

347 2472 579 2535 lestum
591 2516 610 2546 ,
662 2468 972 2537 rescribas
1011 2470 1170 2535 mihi
1214 2473 1435 2538 velimz
1491 2473 1544 2538 si
1588 2473 1757 2541 enim
1800 2477 2071 2563 suscipis
2118 2502 2407 2559 causam,
2622 2543 2639 2559 ,.

349 2563 679 2628 conficiam
725 2565 1208 2631 commentarios
1251 2588 1466 2631 rerum
1512 2568 1824 2646 omnium3
1870 2570 1970 2635 sin
2016 2584 2235 2641 autem
2280 2575 2410 2641 dis·
2636 2572 2639 2645 ζ

347 2656 476 2723 fers
511 2680 613 2723 me
648 2658 716 2722 in
741 2668 992 2743 tempus
1017 2657 1210 2735 aliud,
1247 2681 1461 2725 coram
1495 2672 1711 2727 tecum
1744 2663 1993 2748 loquar.
2048 2678 2119 2732 tu
2154 2668 2408 2737 interea

345 2772 474 2816 non
509 2751 786 2817 cessabis
823 2763 887 2817 et
921 2774 1025 2829 ea,
1074 2774 1240 2836 quae
1283 2753 1483 2819 habes
1525 2754 1846 2835 instituta,
1894 2762 2215 2847 perpolies
2252 2787 2405 2831 nos·-

345 2866 472 2927 que
507 2844 751 2929 diliges.
2636 2916 2639 2959 Ι

2636 2968 2639 2999 Ι

1276 3080 1443 3135 XIII.

785 3178 902 3235 Ser.
921 3181 1163 3235 Asturae
1181 3199 1371 3239 mense
1391 3184 1575 3254 Aprili
1595 3202 1647 3239 a.
1666 3204 1721 3239 u.
1744 3204 1791 3241 c.
1812 3189 1931 3243 709.

721 3280 798 3338 M.
835 3281 1109 3338 CICERO
1147 3282 1202 3338 S.
1237 3284 1312 3337 D.
1348 3284 1418 3339 L.
1454 3286 1785 3343 LUCGEIO
1824 3290 1889 3354 Q.
1926 3290 1993 3345 F.
2047 3332 2071 3347 ‚

283 3423 306 3460 1
468 3402 878 3486 Quamquam
928 3406 1070 3489 ipsa
1121 3406 1463 3470 consolatio
1515 3408 1868 3476 litterarum
1923 3424 2183 3482 tuarum
2237 3421 2401 3489 mihi

338 3496 698 3580 gratissima
733 3508 830 3561 est
861 3533 950 3543 —-
981 3498 1262 3563 declarat
1309 3500 1476 3564 enim
1512 3524 1828 3571 summam
1873 3508 2399 3581 benevolentiam

339 3587 741 3653 coniunctam
787 3590 924 3673 pari
958 3590 1296 3673 prudentia
1327 3628 1443 3669 —,
1488 3604 1704 3662 tamen
1750 3598 1931 3665 illum
1977 3602 2269 3673 fructum
2316 3614 2401 3677 e'x

335 3680 414 3746 iis
448 3680 672 3746 litteris
705 3682 810 3749 vel
842 3682 1191 3748 maximum
1228 3687 1398 3771 cepi,
1446 3690 1619 3771 quod
1663 3701 1727 3757 te
1761 3695 2093 3778 praeclare
2126 3722 2235 3768 res
2272 3702 2399 3769 hu-

335 3796 558 3839 manas
600 3785 1105 3842 contemnentem
1147 3790 1212 3843 et
1254 3790 1516 3866 optume
1560 3796 1783 3851 contra
1825 3788 2153 3858 fortunam
2200 3818 2400 3881 para-

335 3878 473 3931 tum
507 3880 946 3953 armatumque
984 3873 1255 3958 cognovi
1263 3898 1282 3950 3
1318 3895 1513 3958 quam
1540 3877 1800 3961 quidem
1833 3882 2096 3948 laudem
2132 3890 2400 3975 sapien-

333 3960 458 4025 tiae
520 3974 727 4028 statuo
790 3986 927 4029 esse
989 3965 1361 4045 maximam,
1424 3990 1553 4033 non
1606 3972 1863 4040 aliunde
1925 3978 2215 4061 pendere
2268 4006 2397 4053 nec
