2675 4559
345 232 478 305 {IV
1137 254 1298 296 Anno
1309 254 1475 295 rA'rlo
1516 254 1763 312 cm‘rioA.

343 372 620 444 gesimam
665 382 874 422 nonam
921 369 980 421 et
1025 364 1423 437 quinquagesi-
1532 366 1638 439 Ep.
1670 374 1750 421 17.
1781 368 1898 423 C‘N.
1926 367 2169 425 Orellius
2194 368 2285 441 (in
2316 368 2649 425 Onoma-

347 465 496 503 mam
526 444 656 500 libri
687 442 870 498 octavi
905 442 1218 512 epistolam.
1247 474 1314 485 -
1348 444 1425 497 Μ.
1465 444 1605 517 stieo
1628 462 1683 515 p.
1716 446 1881 515 1280:
1908 449 2088 501 canini
2104 446 2181 515 M,
2214 449 2273 502 (J.
2307 464 2477 501 eum
2512 446 2648 501 Viss

347 543 454 581 om.
481 523 612 581 MN.
638 552 707 565 —-
739 530 850 574 ιΜΡ.
873 529 918 571 S.
939 528 996 574 D.
1017 536 1124 574 om.
1159 519 1232 576 N.
1259 551 1326 561 —-
1359 537 1427 573 m.
1464 522 1640 576 ctorio
1672 522 1728 575 k.
1764 524 1783 595 ΙΙ
1819 522 1869 593 ξ.
1900 530 1945 577 1.
1979 526 2208 579 Litteras
2248 522 2352 577 M:
2410 524 2648 579 Binas

345 605 476 659 celio
525 617 665 656 corr.
709 614 778 653 ex
823 599 1093 652 marcellio
1127 596 1214 665 Μ,
1263 599 1428 651 caelio
1464 600 1665 653 litteras
1703 599 2238 671 Martyni-Laguna.
2279 630 2365 641 —
2416 618 2641 671 neque

349 678 572 751 (omisso
619 674 1004 745 praenomine)
1046 674 1117 731 N.
1157 675 1178 745 ΙΙ
1215 676 1301 729 M.
1347 674 1428 731 N:
1466 694 1773 747 quemquam
1812 677 2127 733 Buecheler
2158 677 2342 749 (Mus.
2388 678 2648 745 Rhen.

345 772 456 811 om.
479 752 558 807 M.
583 785 648 793 -—-
672 754 838 807 Fadio
863 783 917 794 --
943 754 1138 807 Fadius
1157 748 1429 807 Orellius:
1464 752 1569 807 XI.
1603 770 1661 823 p.
1688 755 1857 825 516.):
1890 772 1955 809 ne
1987 772 2305 825 quemquam
2344 754 2455 823 M,
2502 772 2629 808 nec

345 832 492 902 fabio
517 864 540 872 -
566 863 587 873 -
611 831 786 899 sabim
809 828 938 885 MN.
964 860 1032 869 -
1064 830 1324 898 relinques
1346 826 1427 883 N:
1464 848 1773 901 quemquam
1796 830 1852 883 k.
1878 860 1946 871 -·
1961 834 2203 901 particho
2225 832 2311 886 M.
2344 864 2433 873 —
2452 850 2625 902 pue-

343 912 568 981 reliques
599 907 677 963 M.
712 938 778 947 —-
811 915 1072 961 nementer
1106 905 1174 962 N.
1202 936 1271 947 --
1301 906 1431 959 nihil
1464 924 1647 961 rorum
1688 907 1794 964 del.
1830 906 2159 979 Nipperdey
2198 909 2435 965 Philol.
2479 908 2617 961 ΠΙ.

345 990 418 1042 ad
437 1004 534 1041 nos
555 986 687 1040 noui
705 985 1041 1053 adserebatur
1064 982 1133 1039 N.
1463 1003 1519 1055 p.
1550 992 1645 1040 14⁷
1672 990 1731 1040 et
1752 984 1960 1056 Kleyn.
1986 1002 2043 1055 p.
2070 991 2153 1039 29.
2205 986 2306 1041 Tu
2334 984 2423 1040 ef.
2464 984 2611 1039 Cic.

415 1064 520 1134 Ep.
549 1069 629 1117 15.
655 1080 722 1115 m.
748 1063 876 1115 celio
901 1077 1042 1115 corr.
1067 1077 1138 1115 ex
1159 1060 1428 1113 marcellio
1466 1064 1541 1119 ad
1565 1064 1684 1117 Att.
1703 1061 1807 1131 VI,
1831 1069 1879 1131 1,
1903 1068 1983 1116 12.
2010 1065 2029 1132 ss
2056 1069 2105 1117 2.
2130 1064 2499 1117 incomodum
2513 1061 2607 1115 M.

345 1142 422 1197 M
455 1145 474 1212 ss
497 1142 544 1212 g.
567 1147 614 1194 1.
639 1140 856 1193 setentia
879 1137 955 1191 M.
975 1170 1045 1179 -
1065 1140 1138 1204 is]
1161 1138 1240 1191 his
1263 1136 1339 1190 M.
1362 1166 1425 1177 -
1466 1171 1533 1181 —
1555 1141 1759 1194 nullam
1790 1138 1878 1193 M:
1910 1144 2090 1195 nullas
2123 1158 2248 1195 eum
2274 1138 2607 1211 Mal-tyni·
2647 1196 2648 1199 ,

345 1224 446 1287 est]
481 1221 571 1273 sed
599 1216 703 1271 Ml.
739 1246 808 1256 —-
841 1232 1033 1286 quares
1065 1216 1190 1269 scito
1223 1214 1324 1267 Ml.
1360 1244 1428 1255 --
1465 1216 1709 1289 Laguna
1732 1217 1789 1269 k.
1813 1246 1884 1282 τ-
1916 1235 2072 1288 quam
2104 1234 2451 1289 quamquam
2488 1217 2602 1269 Bi·

344 1304 592 1351 secuntur
621 1292 733 1360 Ml,
767 1302 1012 1346 seruntur
1034 1290 1136 1345 ΜΒ.
1175 1292 1195 1361 ΙΙ
1228 1298 1274 1345 3.
1311 1292 1429 1361 ipsa
1466 1296 1615 1351 bulas
1647 1293 1840 1364 Kleyn
1872 1311 1927 1363 p.
1964 1300 2047 1347 29.
2084 1297 2103 1363 ΙΙ
2139 1301 2189 1348 3.
2222 1295 2601 1365 oppos-tuisse
2647 1286 2648 1291 ¹

343 1391 432 1428 res
453 1372 666 1442 publica
687 1368 790 1425 Ml.
820 1370 912 1440 [14.
940 1371 1156 1423 coelium
1179 1368 1255 1423 M.
1280 1398 1351 1409 --
1372 1378 1429 1422 at
1462 1372 1539 1426 M.
1567 1375 1586 1441 ΙΙ
1611 1379 1659 1426 4.
1688 1376 1823 1437 tum]
1850 1381 2019 1425 tamen
2038 1371 2112 1425 M.
2132 1402 2205 1412 --
2227 1372 2595 1427 terruncium
2647 1426 2648 1429 ,

347 1482 370 1492 -
396 1482 418 1491 -
445 1460 498 1503 at
522 1480 544 1489 -
571 1480 593 1491 -
618 1457 675 1501 at
697 1446 808 1500 Μὴ
845 1448 918 1501 ad
939 1477 961 1488 -
988 1478 1010 1487 -
1035 1450 1106 1501 ad
1127 1477 1150 1488 -
1177 1477 1198 1487 -
1223 1448 1296 1501 ad
1324 1444 1425 1499 Ml.
1464 1447 1539 1503 M.
1558 1480 1629 1491 -
1651 1450 1789 1513 sin-e]
1816 1450 1879 1503 de
1898 1448 2208 1503 Ernestius.
2228 1478 2305 1489 —
2331 1450 2588 1502 drachu-

346 1558 417 1569 -
451 1528 684 1595 exemplo
731 1521 842 1577 Ml:
889 1526 1175 1595 exemplum
1221 1522 1322 1577 M2.
1361 1554 1425 1563 -—
1462 1544 1603 1580 mam
1650 1526 1717 1596 (s.
1766 1526 2193 1597 drachumarum)
2232 1524 2589 1581 Buecheler

345 1622 473 1659 usus
497 1602 610 1656 Ml:
635 1603 778 1655 ullus
799 1600 898 1654 ΜΒ.
928 1632 996 1641 --
1015 1602 1318 1671 pomptinae
1339 1599 1426 1654 M:
1464 1602 1631 1673 (Mus.
1656 1602 1838 1658 Rhen.
1863 1602 1968 1657 XI.
1988 1620 2046 1673 p.
2068 1604 2241 1675 515.):
2266 1604 2583 1657 dracchum
2647 1612 2648 1617 ’

345 1680 672 1751 Pomptinius
689 1695 816 1733 eum
833 1677 1353 1749 Martyni-Laguna
1367 1677 1425 1730 k.
1464 1678 1549 1747 M,
1583 1682 1841 1735 drachmis
1872 1680 1931 1733 k.
1980 1676 2065 1735 Of.
2100 1680 2482 1751 Wesenberg
2516 1696 2579 1748 p.
2647 1738 2648 1741 Ἴ

345 1790 416 1801 -
449 1759 704 1829 imperari
740 1754 816 1809 M.
851 1786 920 1797 --
951 1758 1309 1827 relinqmssem
1350 1754 1425 1809 M.
1466 1764 1531 1812 30
1556 1772 1638 1827 sq.
1662 1758 1683 1828 ΙΙ
1710 1763 1759 1811 5.
1782 1761 1907 1827 quid
1926 1774 2067 1812 corr.
2096 1774 2163 1812 ex
2185 1759 2331 1829 quod
2354 1756 2439 1809 M.
2472 1756 2496 1826 ss
2523 1761 2576 1808 6.
2644 1752 2649 1777 ²

346 1866 416 1878 --
437 1844 619 1905 sponte
651 1852 800 1905 quem
831 1832 932 1907 Ml.
959 1863 1027 1873 -—
1057 1834 1311 1887 hommem
1340 1832 1425 1887 M:
1462 1854 1571 1888 non
1594 1836 1703 1889 dest
1726 1834 1801 1887 M.
1820 1864 1891 1875 —
1908 1850 2069 1904 qaam
2092 1834 2258 1907 (corr.
2284 1834 2349 1887 in
2372 1832 2575 1904 quum)
2647 1880 2648 1887 ³

345 1914 568 1968 nobilem
595 1910 905 1970 Ernestius.
934 1940 998 1951 —
1033 1920 1325 1963 necessaest
1349 1909 1425 1963 M.
1463 1929 1685 1979 magnus
1716 1910 1792 1965 M.
1818 1940 1888 1951 -
1912 1912 2201 1965 antiochiae
2232 1910 2323 1964 M:
2366 1910 2572 1965 Antio·
2647 1964 2648 1969 ,

346 2024 415 2032 -
437 2008 544 2045 non
568 2005 677 2043 om.
703 1986 803 2039 Ml.
1462 1990 1615 2042 cheae
1646 1988 1701 2042 k.
1738 2017 1807 2028 -—
1848 2006 1963 2041 eum
2003 2004 2133 2042 nos:
2174 2004 2284 2042 om.
2329 1986 2458 2041 Mk.
2504 2016 2572 2025 —

412 2068 518 2137 Ep.
551 2070 631 2119 16.
657 2082 723 2115 m.
752 2064 878 2116 celio
903 2076 1043 2115 corr.
1069 2078 1136 2116 ex
1159 2064 1428 2115 marcellio
1464 2066 1761 2118 adductium
1794 2064 1868 2118 M.
1902 2095 1973 2105 —
2005 2074 2062 2119 at
2093 2083 2242 2136 quem
2274 2063 2379 2117 Ml.
2411 2092 2482 2104 --
2520 2064 2576 2116 ei

346 2145 422 2198 M.
460 2146 479 2212 ss
515 2142 562 2213 ξ.
593 2148 641 2193 1.
675 2140 860 2199 habent
891 2135 1089 2192 Klotz:
1121 2140 1327 2194 haberet
1349 2140 1425 2194 M.
1462 2144 1555 2211 qui
1584 2143 1945 2195 humanissime
1966 2140 2068 2196 Ml.
2094 2136 2189 2212 117.
2215 2144 2267 2195 si
2295 2144 2352 2195 in
2388 2142 2571 2195 omnis
2646 2148 2648 2199 ἑ

341 2252 414 2262 -—
431 2218 759 2273 descisserem
783 2214 857 2269 Μ.
887 2216 908 2285 ΙΙ
931 2222 978 2269 2.
1003 2219 1326 2270 malevorum
1350 2216 1426 2271 M.
1462 2234 1591 2272 nos:
1623 2220 1673 2271 si
1692 2220 1859 2271 omnis
1881 2217 1966 2285 M,
2000 2220 2051 2271 si
2080 2220 2316 2273 omnibus
2340 2216 2461 2273 alii.
2490 2247 2567 2257 —
2647 2216 2648 2219 ’

343 2329 414 2340 ——
447 2296 698 2365 facillime
731 2310 845 2345 sum
877 2292 991 2345 Ml:
1029 2310 1144 2345 sum
1175 2294 1431 2361 facillime
1462 2298 1517 2349 in
1540 2296 1617 2350 his
1640 2294 1716 2348 M.
1742 2326 1809 2335 —
1833 2314 1913 2349 me
1935 2294 2274 2350 Lambinus:
2300 2310 2411 2349 om.
2431 2294 2561 2349 Mk.

344 2375 446 2431 ΜΞ.
473 2404 542 2414 ——
565 2380 752 2427 contra
775 2388 925 2424 euum
951 2368 1025 2423 Μ.
1054 2400 1121 2409 -
1146 2373 1251 2424 iam
1277 2370 1425 2426 Mar·
1464 2404 1531 2413 --
1564 2390 1621 2426 se
1651 2375 1852 2442 populo
1895 2371 2249 2443 Wesenberg
2288 2372 2373 2441 (p.
2410 2370 2559 2443 31.):
2647 2440 2648 2443 Ἴ

343 2451 760 2523 tyni-Laguna:
788 2458 894 2501 tam
917 2447 992 2501 M.
1022 2446 1042 2517 Ι]
1067 2452 1113 2500 3.
1139 2464 1428 2502 sermonem
1460 2452 1657 2521 populo
1681 2468 1737 2502 se
1760 2448 1877 2501 Mk.
1906 2479 1973 2489 --
1996 2450 2279 2502 remississe
2300 2448 2375 2503 M.
2407 2480 2478 2510 —,-
2504 2458 2557 2503 et
2647 2490 2648 2515 ἶ

344 2530 529 2598 tampii
549 2526 624 2580 M.
651 2556 721 2565 -
743 2526 1043 2580 aborrerem
1067 2522 1141 2578 M.
1167 2555 1234 2563 —
1267 2526 1426 2579 relin-
1463 2529 1519 2580 in
1542 2530 1661 2595 ipsa
1686 2524 1943 2580 Schuetz.
1961 2554 2038 2581 ,-
2062 2528 2154 2578 sed
2175 2526 2250 2579 ibi
2269 2524 2368 2581 Ml.

343 2607 549 2677 quenda
573 2620 690 2657 cum
713 2604 986 2657 audissem.
1023 2602 1218 2655 Nonne
1233 2600 1427 2673 (quam
1530 2602 1637 2673 Ep.
1667 2608 1747 2656 18.
1773 2603 2067 2667 PROPR]
2084 2612 2305 2671 propter
2322 2603 2553 2673 (litteris
2647 2608 2648 2657 ἶ

343 2682 639 2737 verborum
650 2680 1064 2736 distinctionem
1081 2678 1349 2749 proposui
1368 2678 1429 2732 in
1461 2684 1688 2749 praeter
1709 2678 1949 2747 primam
1973 2679 2149 2732 erasis
2166 2679 2443 2754 omnibus)
2461 2683 2545 2737 M.

344 2758 744 2815 commentario
769 2755 965 2812 critico
983 2755 1243 2810 editionis
1263 2754 1425 2809 Turi·
1472 2760 1492 2825 ss
1526 2756 1574 2826 ξ.
1616 2762 1661 2809 1.
1698 2757 1947 2809 rodonem
1978 2754 2055 2810 M.
2090 2786 2159 2795 --
2184 2760 2550 2828 praestiti-stibi
2646 2764 2648 2827 ξ

344 2838 550 2907 oensis)
583 2834 668 2889 M:
703 2836 1057 2904 relinquenda.
1131 2834 1299 2894 Quum
1331 2850 1426 2886 au-
1464 2834 1672 2905 (altera
1689 2850 1715 2886 s
1734 2832 1921 2904 erasa)
1946 2831 2021 2886 M.
2042 2862 2111 2873 --
2130 2850 2287 2886 curae
2312 2850 2447 2888 corr.
2473 2852 2545 2890 ex
2647 2840 2648 2893 Ξ

343 2916 546 2979 (iissem,
571 2930 744 2965 nonne
768 2911 824 2963 k.
852 2940 920 2949 —
945 2911 1146 2963 ciuilem
1171 2907 1256 2976 M,
1283 2912 1429 2963 civile
1464 2929 1595 2964 cura
1618 2909 1695 2963 M.
1728 2910 1747 2980 fl
1786 2916 1833 2962 2.
1860 2912 1961 2963 tuis
1992 2908 2101 2961 M2:
2136 2911 2317 2962 studiis
2348 2909 2444 2963 Ml.
2470 2943 2542 2953 -—-
2647 2906 2648 2967 ἶ

343 3008 425 3043 me
458 2989 514 3041 k.
563 2987 651 3042 cf.
687 2986 1044 3057 Wesenberg
1075 3003 1130 3055 p.
1169 2991 1251 3039 71.
1276 3004 1333 3039 n.
1360 3017 1428 3026 -
1460 2990 1614 3057 yauis
1638 2985 1740 3039 Ml.
1764 3016 1833 3027 —-
1864 2989 1975 3039 sine
2006 2986 2119 3039 M2=
2150 2987 2201 3038 si
2220 2985 2316 3039 Ml.
2348 3018 2413 3029 --
2442 2990 2539 3041 hoc
2647 3004 2648 3041 1

343 3068 398 3120 id
419 3066 716 3119 existimare
737 3062 812 3116 M.
848 3063 867 3133 ΙΙ
903 3070 952 3117 4.
975 3064 1223 3134 fidissime
1245 3062 1334 3116 M:
1362 3066 1428 3135 fi·
1464 3068 1574 3135 ipse
1598 3062 1698 3117 Ml.
1725 3092 1794 3102 —-
1824 3073 1980 3116 natos
2004 3094 2027 3104 -
2053 3093 2074 3102 -
2100 3064 2365 3116 indi-sertos
2396 3080 2533 3117 eorr.

343 3142 600 3197 deli-ssime
624 3140 737 3195 alii.
762 3170 831 3181 --
855 3142 954 3193 hac
977 3156 1117 3194 corr.
1143 3156 1212 3195 ex
1233 3142 1326 3194 hoc
1352 3140 1426 3193 M.
1466 3159 1535 3196 ex
1556 3150 1712 3195 natus
1738 3169 1761 3179 ·-
1779 3170 1800 3179 -
1814 3140 2104 3193 ‘indisertus
2122 3138 2198 3193 M.
2221 3168 2287 3178 —
2302 3143 2399 3208 pl]
2418 3144 2533 3210 ple·
2647 3152 2648 3211 Q

344 3250 415 3259 -—
437 3218 724 3271 modesticis
748 3216 824 3271 M.
861 3220 880 3286 ΙΙ
916 3223 962 3272 5.
989 3218 1140 3285 satis]
1169 3218 1327 3271 satri-s
1351 3216 1427 3271 M.
1468 3220 1542 3272 bis
1565 3217 1643 3272 M.
1671 3218 1689 3285 ΙΙ
1718 3222 1765 3269 3.
1791 3218 2081 3286 quaestoris
2104 3216 2285 3284 leyatis
2306 3216 2374 3269 M.
2399 3249 2463 3258 -—
2486 3220 2539 3271 si

348 3297 722 3350 -memoriam
741 3293 1080 3349 Cratander:
1105 3296 1161 3347 in
1177 3295 1431 3348 memoria
1464 3314 1521 3349 se
1554 3296 1765 3363 diynum
1796 3308 1926 3346 nos:
1960 3294 2010 3344 si
2038 3294 2249 3360 diynum
2271 3292 2349 3359 Μ,
2378 3296 2427 3347 si
2454 3297 2529 3348 di-

344 3373 464 3426 Mk.
537 3371 622 3427 Cf.
659 3370 1016 3441 Wesenberg
1057 3388 1114 3440 p.
1151 3376 1216 3424 29
1241 3386 1323 3441 sq.
1362 3402 1429 3411 —
1462 3389 1625 3443 ynam
1647 3388 1703 3423 se
1726 3371 1782 3421 k.
1808 3400 1876 3409 --
1899 3386 2054 3439 quom
2084 3370 2140 3421 in
2170 3371 2226 3425 G.
2245 3372 2528 3441 proficisce-

345 3452 436 3519 qui
453 3452 593 3502 scias
619 3448 884 3503 Orellius:
911 3444 1034 3517 qain
1058 3449 1196 3500 scias
1215 3446 1290 3515 M,
1313 3466 1431 3501 cam
1469 3451 1592 3503 bare
1616 3443 1877 3501 Orellius.
2304 3510 2309 3513 Ι

343 3527 484 3578 scias
519 3523 636 3577 alii.
663 3552 730 3563 -·
754 3526 822 3577 ab
853 3526 930 3576 his
964 3523 1038 3576 M.
1075 3553 1145 3564 --
1174 3526 1300 3577 milli
1328 3525 1430 3591 ficit
1533 3526 1638 3594 Ep.
1678 3528 1759 3576 19.
1800 3522 2025 3575 Marcus
2058 3524 2237 3577 tullius
2267 3528 2527 3581 marcellus

343 3603 448 3671 ipsi
467 3599 543 3667 M,
569 3601 786 3653 mihimet
809 3602 914 3668 ipsi
934 3616 1060 3653 eum
1085 3598 1295 3655 Orellio
1319 3602 1375 3654 k.
1404 3603 1423 3670 n
1466 3600 1691 3674 (litteris
1723 3602 1949 3669 praeter
1970 3617 2023 3652 m
2048 3598 2331 3669 expunctis
2360 3604 2523 3656 omni-

345 3684 396 3734 6.
415 3687 463 3731 et
483 3678 636 3741 haec]
659 3686 714 3728 ut
737 3677 860 3729 haec
887 3675 960 3730 M.
987 3707 1054 3717 —-
1079 3679 1431 3731 adulescentia
1464 3678 1595 3749 bus)
1635 3678 1747 3749 filio
1790 3673 2019 3747 (fitteris
2056 3681 2282 3745 praeter
2306 3676 2341 3743 f
2360 3680 2521 3735 erasis

343 3756 508 3825 (corr.
543 3752 601 3807 in
633 3752 992 3823 adulescente)
1024 3772 1110 3807 eos
1143 3754 1217 3807 M.
1244 3784 1312 3793 —
1347 3764 1427 3807 ta·
1466 3750 1741 3821 omnibus)
1792 3752 1959 3805 cicero
2006 3754 2288 3821 imperator
2322 3758 2520 3810 salutem

343 3830 492 3884 men!
517 3871 528 3882 .
552 3871 564 3883 .
586 3872 598 3883 .
626 3832 824 3899 Toqam
847 3828 1118 3883 Rutilius:
1155 3840 1324 3885 tamen
1351 3840 1427 3883 to-
1464 3833 1585 3884 dicit
1610 3830 1822 3883 consule
1853 3829 2015 3880 coelio
2040 3831 2227 3883 lentuli
2249 3831 2349 3900 filio
2366 3850 2518 3900 qneus

339 3904 547 3976 yamM.
574 3907 594 3979 ΙΙ
622 3910 896 3977 7.asparsi
909 3906 1336 3961 M.—sthomaco
1349 3906 1423 3961 Μ.
1464 3910 1615 3961 caldo
1634 3924 1733 3977 que
1756 3904 1877 3973 Μ.,ΙΙ
1903 3903 1951 3973 ξ.
1982 3910 2031 3957 1.
2057 3907 2345 3975 accipissem
2366 3908 2433 3961 M.
2452 3940 2516 3951 —-·

343 3984 483 4035 ——de
505 3998 611 4036 om.
621 3982 1048 4038 M.-—-dolabella
1059 3982 1174 4037 Ml:
1195 3985 1421 4039 dolabel-
1461 3987 1601 4049 sors]
1614 3979 1818 4049 forsM.
1839 4010 1907 4019 —-
1926 3982 2163 4035 accidere
2187 3980 2263 4035 M.
2282 4012 2338 4023 —-
2348 3996 2514 4053 postea

343 4062 428 4115 lae
446 4058 544 4114 Me,
558 4072 818 4116 -nostra
842 4078 979 4116 corr.
1007 4078 1075 4117 ex
1097 4072 1333 4116 nostram
1345 4059 1421 4113 M.
1463 4076 1579 4113 cum
1589 4058 1823 4113 Manut.:
1836 4055 2515 4134 posteaquamM.-—autquo
