2675 4559
651 234 1210 294 EPISTOLARUM
1242 237 1380 294 XII.
1417 238 1502 294 30.
1540 239 1707 296 XIII.
1745 242 1797 296 1.
2133 228 2260 294 311

700 767 800 834 M.
863 767 1195 834 TULLII
1248 725 1754 840 CICERONIS

1165 879 1278 934 ET

16 1013 41 1100 5
446 976 592 1042 AD
648 976 745 1042 M„
803 975 1301 1043 TULLIUM
1357 974 1992 1045 CICERONEM

15 1103 37 1192 ξ
836 1087 1612 1157 EPISTOLARUM

15 1193 35 1386 Ξ.
504 1221 868 1280 tumn
922 1223 1368 1282 TERTIUS
1420 1223 1896 1284 DECIMUS.

758 1326 901 1396 AD
967 1327 1045 1396 C.
1111 1329 1677 1397 MEMMIUM.
1877 1341 1882 1346 ’

1196 1516 1244 1570 Ι.

15 1649 27 1659 ›·
501 1617 619 1675 Ser.
638 1620 881 1675 Athenis
900 1619 1127 1676 ineunte
1146 1636 1337 1675 mense
1359 1618 1597 1684 Quintili
1616 1637 1666 1674 a.
1688 1637 1742 1674 u.
1764 1638 1811 1676 e.
1834 1621 1953 1676 703.

18 1679 51 2094 ι
678 1722 755 1777 Μ.
794 1721 1070 1779 menno
1109 1721 1165 1778 s.
1203 1722 1277 1776 D.
1317 1721 1379 1778 c.
1419 1720 1749 1777 ΜΕΜΜΙΟ.

309 1863 461 1928 Etsi
503 1885 635 1929 non
678 1862 833 1928 satis
876 1861 1036 1928 mihi
1071 1863 1472 1940 constiterat,
1529 1883 1677 1928 eum
1721 1862 2018 1946 aliquane
2053 1863 2249 1930 animi
2283 1891 2308 1930 1

174 1960 308 2025 mei
334 1957 633 2025 molestia
660 1979 743 2023 an
778 1959 991 2044 potius
1017 1957 1313 2024 lubenter
1347 1967 1411 2022 te
1429 1955 1706 2023 Athenis
1735 1957 1990 2024 visurus
2021 1981 2249 2036 essem,

18 2107 27 2116 .
175 2051 359 2139 quod
392 2053 647 2130 iniuria,
684 2072 882 2136 quam
911 2051 1232 2138 accepisti,
1262 2053 1480 2117 dolore
1503 2074 1609 2118 me
1637 2052 1960 2131 adficeret,
1997 2053 2250 2139 sapien-

16 2167 27 2234 }
173 2148 269 2214 tia
298 2159 433 2225 tua,
465 2169 594 2232 qua
617 2147 747 2213 fers
774 2146 1096 2224 iniuriam,
1124 2147 1389 2224 laetitia,
1426 2157 1641 2213 tamen
1667 2147 1972 2213 vidissem
1999 2157 2063 2214 te
2089 2149 2250 2212 mal-

20 2243 25 2254 ‘
173 2244 307 2308 lem
318 2266 337 2319 3
372 2265 547 2319 nam,
582 2241 757 2326 quod
792 2252 889 2307 est
923 2241 1270 2318 molestiae,
1306 2263 1437 2306 non
1472 2263 1626 2308 sane
1661 2242 1864 2307 multo
1898 2242 2104 2308 levius
2133 2253 2249 2318 est,

172 2359 329 2403 oum
364 2348 431 2402 te
464 2355 595 2402 non
630 2337 817 2402 video
829 2361 847 2414 3
894 2337 1071 2420 quod
1106 2359 1247 2403 esse
1280 2337 1491 2422 potuit
1525 2337 1901 2424 voluptatis,
1948 2348 2148 2414 eerte,
2195 2338 2250 2402 si

170 2430 487 2498 vidissem
520 2442 603 2508 te,
638 2432 783 2518 plus
818 2430 1064 2497 fuisset.
1135 2431 1354 2515 itaque
1389 2454 1520 2498 non
1555 2431 1867 2496 dubitabo
1905 2431 2058 2499 dare
2093 2453 2248 2518 ope-

168 2549 339 2603 ram,
377 2530 451 2591 ut
482 2537 549 2592 te
584 2525 859 2603 videam,
896 2547 1045 2590 cum
1078 2525 1146 2590 id
1181 2526 1335 2592 satis
1373 2526 1708 2593 commode
1743 2526 1958 2592 faeere
1991 2536 2247 2612 potero:

168 2622 454 2698 interea,
508 2620 682 2705 quod
725 2641 841 2706 per
883 2620 1121 2685 litteras
1167 2630 1233 2687 et
1274 2620 1384 2708 agi
1425 2632 1642 2686 teoum
1687 2630 1779 2698 et,
1833 2631 1906 2684 ut
1953 2619 2247 2695 arbitror,

172 2715 411 2783 confici
445 2725 683 2801 potest,
730 2733 923 2800 agam
966 2736 1156 2779 nuno.
1248 2736 1323 2779 ae
1359 2725 1424 2780 te
1467 2714 1630 2779 illud
1663 2712 1943 2800 primum
1978 2713 2245 2799 rogabO,
2283 2738 2310 2778 ε

170 2835 257 2878 ne
296 2805 457 2896 quid
500 2809 738 2875 invitus
782 2829 927 2874 mea
962 2831 1160 2874 eausa
1193 2808 1394 2874 facias
1412 2855 1431 2886 ,
1472 2808 1586 2874 sed
1620 2807 1718 2885 id,
1763 2807 1938 2892 quod
1972 2827 2118 2874 mea
2151 2808 2251 2872 in-

172 2905 447 2991 telleges
484 2905 776 2981 multum,
813 2916 925 2969 tua
959 2903 1203 2969 nullam
1228 2903 1296 2968 in
1330 2913 1578 2990 partem
1612 2903 1937 2979 interesse,
1971 2903 2065 2967 ita
2091 2902 2250 2968 mihi

175 3002 317 3076 dee,
354 3000 410 3067 si
444 3000 583 3078 tibi,
618 3011 692 3065 ut
724 2999 794 3064 id
828 3000 1123 3066 lubenter
1156 2999 1379 3076 facias,
1415 3009 1563 3064 ante
1597 2999 2010 3084 persuaseris.
2101 3019 2252 3064 oum

174 3094 467 3160 Patrone
501 3093 810 3181 Epicurio
855 3094 1013 3159 mihi
1057 3094 1273 3159 omnia
1308 3097 1654 3158 communia
1690 3103 1868 3169 sunt,
1913 3093 2037 3158 nisi
2073 3095 2250 3177 quod

173 3189 243 3253 in
292 3188 697 3275 philosophia
740 3188 1153 3255 vehementer
1187 3189 1270 3254 ab
1306 3211 1385 3256 eo
1420 3187 1726 3253 dissentio
1737 3211 1755 3264 3
1800 3187 1916 3252 sed
1959 3198 2026 3253 et
2066 3187 2250 3252 initio

174 3281 463 3361 Romae,
516 3305 665 3349 cum
710 3295 773 3350 te
819 3306 1077 3371 quoque
1124 3295 1189 3350 et
1230 3295 1378 3350 tuos
1422 3284 1629 3349 omnis
1674 3283 2088 3362 observabat,
2141 3307 2248 3350 me

176 3377 382 3442 coluit
412 3377 483 3442 in
516 3378 785 3465 primis,·
818 3391 884 3444 et
915 3402 1152 3466 nuper,
1198 3401 1348 3445 eum
1384 3399 1490 3457 ea,
1527 3399 1694 3464 quae
1729 3378 1960 3456 voluit,
1995 3377 2078 3443 de
2115 3379 2248 3443 suis

176 3471 535 3538 commodis
570 3484 635 3540 et
669 3474 970 3560 praemiis
1006 3485 1388 3540 eonseeutus
1425 3483 1550 3551 est,
1584 3495 1689 3539 me
1723 3473 1948 3538 habuit
1985 3491 2250 3540 suorum

36 3217 41 3226 ,
36 3203 39 3206 ,
20 3189 23 3192 ’
19 2653 45 3126 -m-’vaeww-W·—
26 2591 35 2610 -..
30 2501 35 2508 .
36 2461 45 2470 .

180 3564 593 3634 defensorum
632 3581 697 3635 et
732 3569 1083 3635 amicorum
1112 3568 1248 3635 fere
1282 3569 1667 3656 principem3
1706 3579 1771 3634 et
1803 3570 1934 3634 iam
1969 3592 2009 3633 a
2033 3567 2250 3635 Phae-

180 3659 318 3739 dro,
356 3657 469 3746 qui
502 3662 710 3742 nobis,
748 3683 895 3729 eum
930 3663 1116 3750 pueri
1149 3684 1457 3742 essemus,
1494 3674 1641 3730 ante
1677 3683 1871 3748 quam
1906 3663 2249 3728 Philonem

182 3755 635 3842 eognovimus,
678 3759 867 3825 valde
898 3769 977 3824 ut
1018 3757 1468 3846 philosophus,
1521 3767 1745 3845 postea
1785 3769 2000 3824 tamen
2035 3769 2109 3824 ut
2153 3757 2252 3822 vir

182 3847 392 3916 bonus
437 3862 502 3916 et
544 3852 761 3920 suavis
812 3864 880 3920 et
920 3852 1247 3921 officiosus
1299 3853 1725 3940 probabatur,
1777 3853 2046 3918 traditus
2089 3851 2250 3918 mihi

186 3947 799 4032 commendatusque
828 3959 953 4020 est:
988 3949 1044 4016 is
1071 3949 1267 4036 igitur
1284 3949 1506 4029 Patro,
1545 3971 1692 4016 eum
1719 3948 1803 4013 ad
1837 3970 1940 4014 me
1969 3946 2249 4013 Romam
2284 3965 2312 4006 ³

182 4037 426 4106 litteras
477 4041 786 4120 misisset,
847 4044 943 4109 uti
1003 4056 1066 4112 te
1120 4044 1241 4110 sibi
1292 4045 1617 4132 placarem
1669 4055 2110 4130 peteremque,
2174 4053 2252 4108 ut
