2675 4559
539 202 672 269 430
1160 210 1238 263 Μ.
1277 208 1553 267 TULLII
1586 207 1982 267 CICERONIS
2056 199 2060 204 ⁴

541 334 810 404 aliorum
846 357 1120 421 semper,
1153 354 1286 398 non
1319 356 1467 399 mea
1498 331 1739 398 iudicia
1771 332 2134 419 pemeripsi3
2178 333 2279 418 qui
2306 332 2509 418 quidem

541 454 735 519 quam
786 432 1157 515 frequentes
1212 439 1426 494 essent
1476 438 1543 493 et
1594 448 1793 511 quam
1834 448 2091 513 graves,
2142 428 2391 494 adventu
2426 450 2512 493 suo

541 527 785 595 Statius
837 526 980 611 ipse
1029 523 1365 609 cognovit.
1418 522 1655 589 etenim
1695 522 2035 589 intervenit
2093 544 2217 588 non
2256 521 2511 587 nullorum

537 620 810 703 querelis
821 665 841 698 ,
886 640 1054 703 qme
1089 616 1265 703 apud
1297 639 1406 686 me.
1435 616 1521 682 de
1553 615 1718 681 illo
1700 637 1840 704 ipso
1872 615 2288 692 labebantur,
2326 625 2382 683 et
2410 636 2512 680 sen-

533 715 652 779 tire
685 713 895 800 potuit
934 733 1262 779 sermones
1301 710 1673 795 iniquorum
1713 711 1781 775 in
1816 732 2005 777 suum
2038 709 2406 796 potissimum
2430 728 2513 772 no-

477 835 501 871 ιι
537 831 682 872 men
717 828 1070 893 erumpere.
1126 805 1302 889 quod
1337 816 1553 872 mitem
1587 827 1693 871 me
1718 805 1995 871 maxime
2026 826 2277 871 movere
2307 802 2511 876 solebat,

449 2211 481 2319 ἕ

533 923 680 967 eum
715 901 1056 967 audiebam
1099 900 1282 964 illum
1315 898 1463 986 plus
1500 898 1675 985 apud
1708 910 1772 964 te
1807 921 2027 984 posse,
2070 920 2259 984 quam
2291 896 2511 984 gravitas

533 999 713 1063 istius
749 997 996 1073 aetatis,
1029 994 1284 1081 imperii
1315 992 1657 1079 prudentia
1690 986 2041 1079 postularet
2070 1027 2157 1041 -·
2188 1014 2366 1078 quam
2392 987 2513 1054 mul-

533 1107 629 1155 tos
681 1090 853 1157 enim
902 1110 1158 1155 mecum
1207 1089 1418 1175 egisse
1470 1098 1690 1173 putas,
1756 1098 1831 1154 ut
1882 1110 1951 1155 se
2003 1086 2209 1155 Statio
2256 1106 2514 1154 commen·

533 1184 788 1250 darem?
839 1205 1034 1268 quam
1076 1182 1284 1247 multa
1327 1192 1545 1249 autem
1596 1182 1809 1268 ipsum
1855 1178 2178 1269 ἀσφαλῶς
2216 1200 2437 1248 mecum
2466 1176 2512 1240 in

530 1299 820 1343 sermone
843 1278 937 1342 ita
969 1275 1310 1363 protulisse
1347 1276 1447 1341 ‘id
1472 1275 1629 1342 mihi
1654 1298 1785 1341 non
1809 1276 2081 1363 placuit3
2118 1274 2343 1352 monui,
2367 1270 2511 1344 suasi,

529 1370 870 1436 deterrui'?
920 1370 1157 1454 quibus
1203 1368 1272 1434 in
1314 1370 1511 1437 rebus
1556 1370 1806 1437 etiamsi
1847 1370 2122 1439 fidelitas
2171 1391 2396 1438 summa
2429 1373 2510 1439 est,

525 1463 700 1547 quod
733 1484 994 1549 prorsus
1031 1463 1251 1540 crede,
1297 1464 1605 1548 quoniam
1638 1476 1711 1530 tu
1744 1465 1835 1529 ita
1867 1464 2144 1543 iudicas,
2188 1476 2382 1531 tamen
2408 1481 2512 1545 spe·

525 1559 654 1623 sies
686 1558 829 1644 ipsa
862 1568 996 1623 tam
1031 1558 1297 1645 gratiosi
1330 1558 1546 1626 liberti
1580 1570 1695 1624 aut
1725 1559 1896 1625 servi
1930 1559 2300 1646 dignitatem
2329 1554 2510 1625 habere

525 1651 766 1716 nullam
808 1662 1036 1738 potest.
1126 1663 1320 1736 atque
1364 1652 1491 1719 hoc
1537 1653 1629 1720 sic
1673 1652 1908 1719 habeto
1942 1689 2032 1703 ·-
2064 1654 2220 1720 nihil
2249 1652 2400 1722 enim
2426 1666 2511 1713 nec

525 1767 762 1813 temere
814 1747 1028 1813 dicere
1078 1769 1200 1813 nec
1250 1758 1463 1813 astute
1514 1748 1782 1814 reticere
1833 1748 2039 1817 debeo
2082 1784 2195 1826 -,
2246 1743 2511 1811 materiam

525 1867 561 1902 ι
549 1864 780 1907 mnem
831 1864 1197 1907 sermonum
1241 1863 1494 1919 eorum,
1548 1842 1664 1927 qui
1709 1841 1791 1909 de
1836 1853 1900 1910 te
1944 1842 2276 1910 detrahere
2314 1837 2509 1908 vellent,

529 1936 802 2001 titatium
837 1935 1119 2014 dedisse3
1172 1946 1363 2002 antea
1404 1947 1657 2004 tantum
1698 1936 1983 2023 intellegi
2018 1937 2323 2024 potuisse,
2366 1934 2508 1998 iratos

525 2051 672 2096 tuae
724 2030 1050 2096 severitati
1103 2053 1242 2096 esse
1293 2052 1426 2095 non
1478 2031 1718 2108 nullos,
1779 2032 1903 2097 hoc
1953 2030 2334 2100 manumisso
2378 2022 2506 2091 iratis

525 2123 694 2203 quod
727 2123 1140 2206 loquerentur
1172 2145 1302 2188 non
1337 2123 1638 2191 defuisse.

644 2215 836 2279 Nunc
871 2216 1273 2301 respondebo
1299 2218 1385 2284 ad
1421 2241 1529 2283 eas
1567 2219 1888 2305 epistolas,
1923 2241 2091 2303 quas
2116 2218 2268 2285 mihi
2292 2209 2507 2281 reddidit

465 2287 597 2371 11
629 2305 917 2385 Caesius,
955 2310 1080 2387 cui,
1116 2311 1422 2393 quoniam
1457 2312 1549 2376 ita
1587 2323 1650 2378 te
1679 2313 1843 2379 velle
1870 2313 2197 2401 intellego,
2231 2310 2385 2376 nullo
2406 2306 2507 2369 1000

517 2403 734 2479 ιὶιιιιιος
788 2423 1062 2512 quarum
1106 2404 1307 2468 altera
1353 2416 1450 2470 est
1494 2406 1577 2471 de
1621 2407 1957 2473 Blaudeno
2006 2407 2318 2483 Zeuxide,
2364 2418 2508 2486 quem

517 2496 737 2561 etz-nbis
792 2497 1215 2562 certissimum
1269 2500 1671 2566 matricidam
1725 2502 1843 2567 tibi
1888 2525 1929 2568 a
1970 2526 2079 2569 me
2130 2502 2337 2569 intime
2380 2515 2507 2561 eom·

521 2590 819 2656 mendari.
909 2612 1040 2676 qua
1074 2590 1153 2658 de
1187 2614 1259 2659 re
1295 2604 1360 2658 et
1396 2593 1476 2660 de
1512 2595 1635 2660 hoc
1667 2617 1904 2681 genere
1940 2606 2107 2675 tot0,
2151 2619 2231 2662 ne
2263 2593 2405 2659 forte
2432 2606 2504 2651 me

517 2691 577 2747 in
617 2684 902 2753 Graecos
947 2698 1080 2752 tam
1127 2687 1538 2754 ambitiosum
1583 2690 1825 2755 factum
1863 2713 2003 2756 esse
2049 2692 2303 2766 mirere,
2349 2700 2506 2773 palma

515 2802 845 2863 fflgnosce.
934 2804 1057 2868 ego
1094 2804 1242 2847 eum
1280 2781 1681 2850 Graecorum
1716 2785 2009 2870 querelas
2051 2786 2315 2851 nimium
2344 2777 2506 2847 valere

513 2874 811 2942 sentirem
854 2887 1115 2961 propter
1158 2876 1540 2943 hominum
1522 2879 1782 2964 mgenia
1815 2880 1901 2945 ad
1935 2878 2287 2946 fallendum
2316 2881 2506 2963 parat&

509 2987 962 3080 quoscumque·
979 2970 1059 3036 de
1095 2982 1158 3037 te
1197 2972 1381 3056 queri
1408 2972 1627 3038 audivi
1664 2994 2071 3059 quacumque
2110 2971 2297 3085 potui
2316 2966 2505 3035 ratione

513 3062 778 3147 placavi.
866 3063 1144 3149 primum
1179 3065 1728 3153 DionysopolitaS,
1762 3068 1877 3152 qui
1912 3079 2094 3133 erant
2127 3056 2501 3135 inimicissimi

510 3156 731 3235 lenivi,
784 3179 1058 3242 quorum
1109 3160 1465 3247 principem
1519 3162 1941 3248 Hermippum
1991 3184 2124 3228 non
2176 3162 2367 3227 solum
2410 3170 2501 3217 fler·

509 3274 695 3317 mone
723 3274 888 3328 mec,
925 3252 1040 3318 sed
1075 3254 1271 3319 etiam
1305 3254 1737 3322 familiaritate
1765 3255 2054 3324 devinxi·
2035 3303 2054 3334 ,
2092 3278 2213 3342 ego
2232 3254 2503 3338 Apamen·

509 3371 641 3407 sem
667 3346 1134 3432 Hephaestum,
1169 3370 1296 3434 ego
1329 3349 1728 3418 levissimum
1761 3349 2107 3427 hominem,
2134 3344 2504 3445 Megaristum

505 3440 966 3519 nutandi-ium,
1002 3464 1124 3528 ego
1158 3442 1413 3509 Niciam
1450 3442 1908 3529 Smyrnaeum,
1956 3466 2080 3531 ego
2114 3464 2315 3529 nugas
2345 3429 2494 3502 maxi·

505 3557 565 3595 ιιι
573 3555 641 3599 as
693 3534 869 3599 omni
919 3558 1064 3601 mea
1108 3537 1408 3604 comitate
1454 3538 1805 3623 conplexus
1850 3560 2025 3615 sum,
2079 3534 2503 3630 Nymphontem

505 3655 533 3691 ι
545 3630 694 3691 tiam
715 3626 1212 3714 Colophonium.
1251 3654 1418 3717 quae
1454 3633 1580 3699 feci
1618 3634 1851 3711 omnia,
1886 3656 2019 3699 non
2049 3655 2178 3717 quo
2204 3652 2304 3697 me
2334 3633 2429 3693 aut
2453 3615 2502 3681 11ἰ

505 3722 788 3787 homines
824 3734 936 3788 aut
970 3735 1106 3791 tota
1139 3726 1316 3791 natio
1361 3727 1705 3794 delectaret
1738 3764 1827 3775 --
1858 3739 2222 3814 pertaesum
2254 3732 2344 3790 est
2379 3712 2501 3783 levi-

501 3819 663 3894 vitis,
693 3815 1171 3898 adsentationis,
1200 3821 1561 3887 animorum
1587 3844 1717 3887 non
1746 3822 1995 3901 officiis,
2021 3821 2135 3888 sed
2160 3810 2499 3903 temporibus

437 3927 461 3959 5
501 3910 908 3974 mvientium
943 3947 1057 3990 --,
1094 3915 1238 3991 sed,
1260 3926 1360 3980 -ut
1404 3916 1489 3984 ad
1525 3917 1798 3984 Zeuxim
1831 3927 2143 3993 revertar,
2184 3933 2324 3979 cum
2362 3906 2410 3969 is
2439 3899 2498 3963 de
2593 3935 2594 3945 ¹

497 3999 589 4059 ’Μ
633 3997 926 4067 Cascellii
960 4028 1253 4073 sermone
1288 4030 1510 4075 secum
1545 4011 1797 4087 habite,
1839 4032 2009 4095 quae
2056 4021 2127 4076 tu
2168 4002 2402 4076 scribis,
2440 4012 2498 4058 89⁴
