2675 4559
63 847 72 933 ,¹
147 915 158 925 ,
196 863 246 919 et
273 865 503 932 ornato,
538 853 1029 920 familiarissime
1064 867 1241 934 utor3
1279 855 1496 920 omnia
1528 855 1687 920 mihi
1723 877 1872 921 cum
1907 877 1984 920 eo
2018 857 2214 922 inter-

65 1051 72 1126 ἴ

683 241 1236 318 EPISTOLARUM
1268 261 1435 318 xm.
1474 263 1696 320 11-15,
2091 249 2222 316 323

956 498 959 499 ⁷
1102 433 1263 488 XIV.
1347 443 1360 458 ·

830 533 948 590 Ser.
968 533 1181 590 Romae
1200 553 1251 590 a.
1276 553 1331 590 u.
1355 553 1404 590 c.
1426 537 1541 590 708.

800 636 1075 693 CICERO
1110 637 1375 696 BRUTO
1413 637 1575 693 SAL.

301 759 377 826 L.
412 759 584 826 Titio
620 758 969 838 Strabone,
1007 760 1219 845 equite
1254 745 1552 828 Romano
1586 760 1652 826 in
1687 761 1909 846 primis
1945 761 2213 828 honesto
2251 787 2274 826 1

196 946 399 1012 cedunt
430 947 573 1012 iura
601 971 887 1016 summae
912 949 1430 1015 necessitudinis:
1466 949 1618 1014 huic
1641 948 1710 1014 in
1745 960 1856 1014 tua
1889 951 2216 1036 provincia

192 1041 496 1126 pecuniam
534 1040 724 1108 debet
758 1041 839 1106 P.
861 1039 1200 1108 Cornelius
1212 1068 1231 1121 3
1269 1067 1348 1110 ea
1381 1065 1482 1109 res
1519 1067 1560 1108 a
1585 1043 1901 1120 Volcatio,
1939 1044 2051 1128 qui
2083 1043 2218 1109 Ro-

192 1156 311 1201 mae
357 1135 455 1200 ius
508 1135 694 1211 dicit,
746 1136 984 1201 reiecta
1035 1137 1103 1201 in
1149 1135 1432 1204 Galliam
1485 1147 1600 1203 est.
1700 1147 1851 1224 peto
1895 1159 1938 1202 a
1977 1148 2042 1202 te
2094 1136 2216 1202 hoc

67 1240 73 1301 i
192 1227 546 1314 diligentius,-
594 1249 790 1314 quam
826 1229 880 1294 si
913 1251 1059 1296 mea
1090 1253 1196 1297 res
1229 1244 1429 1311 esset,
1475 1253 1604 1318 quo
1641 1242 1739 1298 est
1772 1231 2098 1296 honestius
2135 1231 2216 1296 de

192 1323 507 1389 amisorum
556 1325 835 1410 pecunia
874 1325 1165 1392 laborare
1208 1347 1402 1410 quam
1448 1327 1530 1393 de
1571 1349 1720 1403 sua,
1771 1336 1848 1390 ut
1887 1325 2218 1412 negotium

192 1416 627 1485 conficiendum
662 1427 883 1497 cures,
908 1419 1049 1506 ipse
1086 1420 1398 1507 suscipias
1409 1469 1447 1500 ‚.
1473 1421 1790 1506 transigas
1828 1441 2216 1507 operamque

68 1551 70 1556 -
189 1509 310 1589 des,
357 1513 572 1596 quoad
618 1512 738 1580 tibi
782 1533 1061 1598 aequum
1104 1525 1169 1578 et
1211 1526 1460 1582 rectum
1511 1514 1860 1592 videbitur,
1915 1525 1980 1580 et
2023 1535 2219 1598 quam

68 1697 70 1752 ἰ
188 1718 355 1765 causa
382 1701 623 1766 missus
658 1712 773 1780 est,
808 1701 1141 1788 negotium
1166 1701 1463 1768 conficiat
1497 1700 1582 1767 ad
1614 1722 2041 1786 nummosque
2074 1723 2220 1786 per-
2331 1761 2334 1763 Α

70 1812 72 1814 ·
187 1793 392 1860 veniat.
458 1794 529 1862 id
566 1806 633 1860 et
666 1795 825 1861 mihi
856 1795 1293 1884 gratissimum
1328 1797 1448 1862 erit
1483 1807 1546 1862 et
1581 1805 1654 1860 tu
1685 1795 1826 1881 ipse
1859 1793 1944 1859 L.
1976 1792 2221 1858 Titium

190 1607 675 1673 commodissima
708 1607 1080 1675 condicione
1114 1607 1383 1674 libertus
1411 1607 1768 1685 Strabonis,
1805 1609 1918 1692 qui
1951 1609 2090 1673 eius
2123 1608 2220 1673 rei

188 1906 500 1972 cognosces
538 1889 820 1954 amicitia
856 1900 967 1955 tua
1004 1889 1470 1976 dignissimum.
1559 1889 1734 1974 quod
1768 1898 1842 1953 ut
1876 1887 1994 1953 tibi
2029 1909 2220 1954 curae

186 1979 279 2056 sit,
322 1994 393 2048 ut
426 1983 647 2048 omnia
690 1983 897 2048 solent
931 2005 1100 2061 esse,
1154 2004 1322 2067 quae
1358 2006 1461 2050 me
1506 1983 1671 2048 velle
1707 1981 1863 2059 scis,
1917 1993 1982 2048 te
2025 1979 2219 2046 vehe-

62 2081 74 2177 2
186 2086 399 2144 menter
432 2078 631 2143 etiam
665 2087 855 2162 atque
893 2077 1085 2142 etiam
1120 2098 1300 2164 rogo,

1074 2279 1079 2284 .
1116 2227 1247 2284 XV.

606 2327 725 2384 Scr.
744 2330 988 2385 Asturae
1007 2345 1198 2386 mense
1215 2329 1404 2400 Aprili
1423 2347 1473 2384 a.
1493 2347 1548 2384 u.
1569 2347 1618 2384 c.
1639 2329 1757 2386 709.

666 2430 941 2502 oicERo
979 2431 1310 2489 CAESAm
1343 2431 1506 2488 IMP.
1544 2429 1708 2487 SAL.

288 2545 636 2613 Precilium
678 2545 793 2612 tibi
838 2546 1215 2612 commendo
1250 2546 1472 2625 unice,
1526 2545 1621 2610 tui
1659 2546 2036 2623 necessarii,
2087 2545 2218 2612 mei

65 2627 66 2690 ἶ
180 2637 662 2718 familiarissimi,
715 2639 837 2706 viri
870 2640 1095 2726 optimi
1136 2641 1372 2718 filium3
1426 2661 1620 2725 quem
1655 2662 1805 2706 cum
1839 2638 2220 2705 adulescen-

179 2743 291 2798 tem
314 2735 523 2822 ipsum
555 2746 819 2821 propter
836 2733 972 2800 eius
1000 2733 1402 2810 modestiam,
1428 2733 1913 2808 humanitatem,
1933 2730 2220 2796 animum

178 2837 233 2892 et
260 2851 539 2896 amorem
576 2850 731 2914 erga
763 2849 873 2894 me
912 2827 1305 2913 singularem
1347 2827 1616 2892 mirifice
1651 2824 1850 2912 diligo
1864 2871 1884 2902 ,
1929 2835 2068 2889 tum
2101 2845 2220 2910 pa·-

179 2932 319 2987 trem
352 2924 489 2990 eius
524 2944 597 2988 re
632 2922 859 2989 doctus
894 2921 1179 2987 intellexi
1212 2932 1277 2986 et
1310 2919 1506 2986 didici
1540 2919 1698 2984 mihi
1732 2918 1934 2986 fuisse
1969 2940 2222 3006 semper

178 3015 635 3082 amicissimum.
722 3038 825 3082 em
838 3063 857 3093 ,
908 3014 1014 3080 hic
1063 3015 1170 3080 ille
1226 3023 1325 3079 est
1371 3011 1480 3100 [de
1535 3009 1686 3098 illis]
1703 3061 1722 3091 ,
1775 3013 2054 3080 maxime
2106 3013 2222 3096 qui

178 3104 428 3177 inridere
472 3121 671 3195 atque
716 3109 1059 3195 obiurgare
1100 3129 1205 3174 me
1258 3107 1486 3172 solitus
1533 3116 1659 3184 est,
1713 3106 1891 3190 quod
1933 3128 2222 3175 menon

179 3209 391 3282 tecum,
427 3204 802 3291 praesertim
830 3225 978 3270 cum
1004 3202 1119 3268 abs
1146 3213 1209 3267 te
1236 3199 1870 3266 honorificentissime
1896 3199 2221 3276 invitarer,

180 3296 645 3386 coniungerem=

335 3414 475 3484 ἀλλ’
518 3416 675 3501 ἐμὸν
712 3414 793 3484 οὗ
828 3436 995 3484 ποτε
1030 3412 1253 3499 θυμὸν
1289 3412 1386 3482 ἐνὶ
1422 3402 1784 3500 στήθεσσιν
1822 3411 2116 3479 ἔπειθεν.

177 3535 502 3602 audiebam
538 3537 711 3602 enim
742 3544 995 3602 nostros
1027 3556 1323 3621 proceres
1360 3532 1772 3601 clamitantis:
1821 3545 1830 3550 ’

339 3645 615 3734 ἄλκιμος
650 3645 818 3732 300³,
854 3647 965 3716 ἵνα
998 3654 1101 3728 τίς
1138 3673 1213 3716 σε
1246 3650 1362 3716 καὶ
1397 3643 1736 3734 ὀψιγόνων
1773 3636 1846 3714 εὖ
1883 3645 2063 3732 εἴπῃ.

341 3743 434 3823 ὣς
471 3745 678 3832 φάτο,
716 3740 831 3812 τὸν
869 3740 934 3810 δ’
964 3738 1157 3826 ἄχεος
1190 3744 1428 3832 νεφέλη
1467 3739 1756 3826 ἐκάλυψε
1789 3741 2088 3826 μέλαινα.

177 3860 285 3926 sed
314 3874 535 3930 tamen
574 3864 749 3932 idem
790 3886 895 3930 me
940 3864 1352 3931 consolantur
1391 3861 1614 3940 etiarm
1655 3860 1984 3928 hominem
2035 3881 2231 3946 peru-
2259 3877 2286 3917 2

182 3963 339 4024 stum
390 3959 741 4028 etiamnum
791 3958 999 4046 gloria
1048 3958 1271 4024 volunt
1322 3954 1662 4024 incendere
1727 3967 1922 4040 atque
1983 3955 2074 4023 ita
2133 3953 2228 4020 lo-

181 4063 485 4130 quantur:

1764 4147 1869 4202 21·
