2675 4559
683 214 1241 272 EPISTOLARUM
1272 215 1440 270 XIII.
1477 216 1700 273 57—62.
2104 207 2233 272 349

152 339 399 408 nostris
434 337 859 424 temporibus,
898 338 1135 422 quibus
1169 337 1472 406 facillime
1511 338 1810 428 [bonam]
1847 342 2231 410 benevolen-

154 439 323 503 tiam
370 431 707 500 hominum
750 444 813 499 et
853 432 1048 500 fidem
1092 433 1454 521 perspicere
1497 436 1699 520 potui.
1788 459 1938 502 eum
1980 439 2098 503 tibi
2138 439 2230 504 ita
2264 459 2292 497 s

156 530 577 608 commendo,
630 539 703 594 ut
744 525 1035 594 homines
1080 530 1251 616 grati
1293 540 1358 596 et
1399 532 1714 596 memores
1763 531 1929 598 bene
1969 534 2228 599 meritos

156 630 249 696 de
291 651 363 694 se
418 625 865 693 commendare
911 622 1167 692 debent.
1256 621 1630 712 pergratum
1675 625 1831 690 mihi
1847 712 1856 720 ι
1875 626 2134 706 feceris,
2177 629 2232 694 si

154 723 271 788 ille
313 719 701 788 intellexerit
744 741 844 796 se,
880 720 1085 803 quod·
1110 741 1227 806 pro
1269 720 1479 788 >salute
1525 741 1672 784 mea
1705 721 1911 785 multa⁴
1948 723 2233 807 pericula

158 814 423 892 adierit,
470 835 665 899 saepe
698 813 909 878 hieme
944 835 1209 879 summa·
1240 813 1590 900 navigarit‚
1637 835 1754 898 pro
1791 823 1903 880 tua
1934 837 2094 902 >erga
2127 839 2230 880 me

158 908 619 978 benevolentia
650 917 909 994 gratum
944 908 1142 973 etiam
1176 907 1294 972 tibi
1328 905 1579 974 fecisse.

1126 1142 1283 1200 Lx1.
1342 1117 1347 1120 ’

662 1327 667 1335 .
718 1243 721 1245 ’
818 1245 933 1301 Scr.
956 1245 1014 1299 in
1034 1246 1233 1302 Cilicia
1252 1264 1301 1301 a.
1321 1263 1376 1301 ιι.
1399 1265 1445 1302 o.
1468 1247 1586 1303 703.

570 1346 647 1401 Μ.
686 1345 961 1411 CICERO
999 1346 1055 1407 S.
1094 1349 1167 1402 D.
1202 1351 1271 1407 P.
1312 1349 1517 1410 SILIO
1553 1349 1828 1408 PROPR.

291 1471 375 1537 T.
412 1470 653 1536 Pinnio
686 1469 1179 1536 familiarissime
1226 1493 1329 1537 me
1365 1495 1556 1537 usum
1593 1495 1734 1540 esse
1769 1475 1932 1540 scire
1966 1484 2030 1540 te
2065 1475 2234 1540 arbi-

157 1577 317 1642 tror,
354 1564 533 1650 quod
566 1565 829 1648 quidem
862 1564 969 1630 ille
1002 1575 1382 1631 testamento
1411 1567 1778 1644 declaravit,
1813 1569 1926 1652 qui
1951 1591 2058 1633 me
2085 1589 2233 1634 cum

158 1670 477 1736 tutorem,
520 1669 661 1724 tum
696 1659 887 1726 etiam
922 1659 1275 1726 secundm
1310 1659 1614 1726 heredem
1645 1659 2005 1726 instituerit.
2095 1662 2233 1727 eius

156 1755 295 1820 filio
348 1756 471 1820 mei
510 1753 671 1819 mire
715 1753 1001 1820 studioso
1046 1765 1111 1820 et
1155 1753 1406 1820 erudito
1452 1766 1517 1820 et
1557 1755 1848 1822 modesto
1892 1751 2234 1841 pecuniam

158 1849 559 1916 Nicaeenses
593 1849 906 1935 grandem
942 1849 1209 1925 debent,
1242 1849 1328 1914 ad
1362 1850 1725 1916 sestertium
1761 1849 2108 1939 octogiens,
2147 1863 2230 1928 et,

158 1955 233 2007 ut
268 1942 561 2020 audiO,
541 1965 611 2006 m
644 1942 867 2028 primis
901 1943 962 2008 ei
1006 1943 1237 2008 volunt
1275 1943 1542 2010 solvere.
1629 1953 2002 2030 pergratum
2035 1945 2238 2031 igitur
2356 2029 2376 2033 ..

158 2036 325 2101 mihi
374 2035 641 2113 feceris.
708 2035 1011 2121 quoniam
1064 2057 1196 2101 non
1245 2037 1440 2102 modo
1493 2037 1724 2122 reliqui
1785 2035 2058 2116 tutores,
2121 2039 2232 2130 qui

160 2131 404 2206 sciunt,
458 2129 687 2213 quanti
729 2152 833 2196 me
877 2130 1110 2207 facias,
1162 2131 1277 2196 sed
1321 2131 1515 2196 etiam
1547 2152 1711 2218 puer
1751 2132 1890 2218 ipse
1923 2132 2047 2197 sibi
2087 2155 2234 2218 per-

162 2224 363 2289 suasit
398 2235 485 2289 te
535 2224 751 2289 omnia
809 2247 957 2289 mea
1008 2246 1229 2290 causa
1262 2224 1589 2291 facturum
1641 2249 1811 2304 esse,
1870 2227 1928 2292 si
1981 2227 2231 2294 dederis

161 2339 457 2404 operam,
512 2318 729 2401 quoad
762 2329 877 2383 tua
908 2318 1071 2384 fides
1118 2319 1527 2406 dignitasque
1570 2323 1878 2407 patietur,
1928 2336 2003 2387 ut
2037 2344 2232 2407 quam

158 2413 443 2498 primum
477 2411 753 2497 pecunia
785 2411 1021 2476 Pinnio
1058 2413 1346 2479 solvatur
1378 2414 1834 2482 Nicaeensium
1868 2417 2142 2484 nomine.

1107 2649 1295 2704 LXII.

636 2749 753 2808 Scr.
772 2750 833 2804 in
850 2750 1052 2806 Cilicia
1070 2757 1309 2808 exeunte
1328 2769 1479 2808 anno
1495 2770 1551 2807 ιι.
1571 2770 1618 2808 c.
1640 2753 1758 2806 703.
1819 2799 1822 2806 .

569 2852 646 2906 Μ.
686 2851 961 2908 CICERO
1000 2853 1056 2910 S.
1094 2854 1168 2910 D.
1206 2855 1273 2912 P.
1314 2853 1516 2910 SILIO
1551 2853 1824 2910 PROPR.

294 2975 391 3042 Et
431 2975 501 3040 in
535 2975 721 3040 Atilii
763 2976 1023 3062 negotio
1067 2989 1132 3043 te
1178 2977 1390 3042 amavi
1423 3015 1514 3026 -
1545 2998 1692 3042 cum
1738 2976 1908 3041 enim
1945 3001 2088 3044 sero
2123 3003 2234 3045 ve-

162 3071 433 3146 nissem,
499 3079 713 3134 tamen
764 3068 1104 3136 honestum
1166 3071 1448 3156 equitem
1497 3071 1866 3136 Romanum
1922 3072 2230 3139 beneficio

165 3177 277 3229 tuo
330 3165 709 3230 conservavi
742 3201 859 3242 -·--,
914 3176 980 3231 et
1030 3165 1394 3232 mehercule
1449 3187 1702 3250 semper
1751 3164 1846 3230 sic
1895 3165 1964 3230 in
2019 3167 2250 3232 animo

164 3257 396 3335 habui,
450 3263 515 3324 te
556 3259 626 3324 in
658 3281 803 3325 meo
847 3281 996 3326 aere
1040 3283 1180 3326 esse
1224 3271 1486 3346 propter
1520 3259 1791 3325 Lamiae
1835 3261 2038 3324 nostri
2081 3281 2235 3326 con-

164 3350 559 3418 iunctionem
588 3362 652 3419 et
677 3353 1069 3438 singularem
1099 3353 1660 3420 necessitudinem.
1711 3353 1928 3437 itaque
1945 3352 2234 3439 primum

166 3445 287 3510 tibi
320 3467 447 3532 ago
482 3447 753 3534 gratias,
800 3447 975 3530 quod
1011 3471 1118 3514 me
1150 3448 1326 3513 omni
1359 3449 1652 3514 molestia
1685 3447 1948 3524 liberas,
2002 3447 2232 3514 deinde

168 3538 545 3626 inpudentia
577 3563 952 3627 prosequor,
988 3542 1104 3608 sed
1137 3543 1310 3608 idem
1345 3542 1645 3620 sarciam3
1679 3553 1746 3608 te
1781 3541 1952 3607 enim
1979 3564 2234 3628 semper

172 3633 261 3698 sic
307 3635 517 3702 colam
570 3646 639 3702 et
686 3636 916 3702 tuebor
959 3647 1035 3702 ut
1076 3657 1271 3721 quem
1316 3636 1819 3723 diligentissime.
1915 3635 2235 3718 Quintum

170 3727 435 3797 fratrem
468 3753 717 3809 meum,
750 3731 807 3797 si
840 3753 948 3796 me
982 3731 1228 3817 diligis,
1264 3753 1342 3797 eo
1375 3753 1642 3800 numero
1679 3754 1832 3798 eura
1865 3740 1940 3796 ut
1970 3730 2234 3808 habeas,
2287 3805 2292 3808 ,

174 3843 299 3906 quo
345 3847 479 3891 me.
532 3824 627 3890 ita
667 3849 979 3912 mag-num
1034 3825 1423 3897 beneficium
1462 3835 1646 3892 tuum
1695 3847 1939 3913 magno
1979 3825 2237 3892 cumulo

176 3927 447 3993 auxeris.
