2675 4559
809 229 1367 289 EPISTOLARUM
1400 232 1508 287 111.
1547 234 1595 289 7.
1617 234 1668 291 8.
2187 223 2273 290 55

200 357 320 421 bus
347 354 584 419 officiis
619 352 780 418 meis
808 352 1107 432 efficiam,
1142 364 1214 420 ut
1247 354 1338 420 ita
1373 377 1512 421 esse
1541 378 1690 423 vere
1724 358 1929 444 possis
1964 358 2267 427 iudicare.

197 463 266 515 tu
301 460 525 515 autem
559 447 615 512 si
658 448 728 511 id
764 448 933 535 agis,
988 458 1058 513 ut
1105 448 1318 514 minus
1354 473 1500 516 mea
1535 472 1756 529 eausa,
1806 452 1961 517 dum
1997 475 2119 539 ego
2156 456 2271 519 ab-

195 566 360 623 sum,
401 543 640 608 debere
675 542 982 620 videaris,
1018 565 1216 628 quam
1253 566 1375 630 ego
1412 555 1525 609 tua
1558 544 1899 611 laborarim
1912 595 1931 624 ,
1966 548 2169 613 libero
2203 558 2267 615 te

191 640 316 705 ista
353 660 546 704 eura:

633 802 722 814 -
754 804 844 814 —
878 762 1032 854 πάρ’
1067 765 1288 853 ἔμοιγε
1323 769 1436 833 καὶ
1473 762 1659 834 ἄλλοι

388 858 464 925 οἵ
493 864 568 927 κέ
601 884 686 943 με
720 859 1104 947 τιμήσουσι,
1143 861 1437 945 μάλιστα
1476 862 1547 927 δὲ
1580 867 1856 948 μητίετα
1890 864 2073 942 Ζεύς.

193 999 248 1063 si
291 1008 518 1063 autem
560 1010 792 1064 natura
836 1021 906 1064 es
951 1000 1316 1085 φιλαίτιος,
1370 999 1533 1065 illud
1584 1020 1713 1065 non
1766 1000 2085 1085 perficies,
2136 1022 2265 1085 quo

193 1092 408 1157 minus
446 1104 563 1157 tua
597 1114 796 1157 eausa
828 1093 1052 1171 velim3
1087 1093 1215 1159 hoe
1245 1094 1617 1179 adsequere‚
1652 1104 1753 1171 ut,
1790 1115 1984 1177 quam
2017 1094 2085 1158 in
2119 1116 2266 1179 par-

193 1198 326 1251 tem
359 1198 436 1251 tu
473 1186 772 1272 aeeipizm,
807 1187 1020 1253 minus
1053 1186 1363 1255 laborem.
1434 1188 1595 1255 haee
1628 1188 1713 1255 ad
1747 1199 1813 1254 te
1846 1187 2074 1273 scripsi
2106 1188 2265 1253 libe-

191 1280 358 1357 rius,
435 1278 642 1347 fretus
713 1281 1106 1349 conscientia
1165 1282 1362 1349 officii
1428 1283 1559 1349 mei
1630 1282 2261 1367 benevolentiaeque,

192 1394 394 1457 quam
447 1398 488 1441 a
512 1397 644 1534 bme
697 1386 872 1443 certo
921 1376 1160 1443 iudicio
1217 1388 1609 1462 susceptam,
1662 1377 1878 1462 quoad
1938 1387 2011 1445 tu
2064 1376 2262 1455 voles,

191 1490 514 1535 conserva
557 1491 618 1535 0.

1148 1638 1308 1694 V111.

243 1740 367 1797 Ser.
399 1740 462 1795 in
487 1741 689 1795 eastris
717 1740 777 1795 in
805 1694 943 1813 agro
969 1740 1391 1811 Mopsuhestiae
1420 1757 1471 1797 a.
1503 1740 1557 1797 d.
1585 1740 1746 1797 VIII.
1774 1740 1911 1797 Idus
1938 1739 2213 1799 Octobres
2328 1784 2331 1789 .

1053 1841 1104 1880 a.
1132 1844 1190 1879 u.
1216 1842 1265 1881 e.
1295 1826 1414 1881 703.

581 1943 585 1947 ·
637 1931 717 1987 Μ.
756 1928 1030 1987 CICERO
1069 1928 1126 1985 S.
1161 1929 1238 1985 D.
1275 1930 1399 1986 ΑΡ.
1436 1926 1822 1987 PULCHBO.

321 2051 492 2129 Etsi,
532 2063 846 2137 quantum
881 2075 962 2117 ex
998 2052 1123 2117 tuis
1159 2052 1387 2118 litteris
1423 2052 1793 2138 intellegere
1828 2050 2041 2139 potui,
2077 2051 2257 2117 vide-
2298 2072 2320 2109 1

187 2146 346 2211 bam
364 2158 432 2212 te
457 2148 626 2211 hano
643 2146 1003 2233 epistolam,
1021 2168 1168 2213 oum
1188 2148 1273 2213 ad
1300 2146 1529 2213 urbem
1546 2170 1738 2223 esses,
1759 2168 1897 2213 esse
1924 2149 2259 2225 lecturum,

186 2242 576 2327 refrigerato
593 2241 724 2305 iam
739 2241 1064 2307 levissimo
1084 2264 1379 2308 sermone
1396 2242 1727 2308 hominum
1754 2241 2259 2327 provincialium,

189 2348 434 2410 tamen,
471 2356 620 2399 eum
657 2346 727 2401 ιιι
762 2346 895 2401 tam
929 2336 1148 2401 multis
1203 2336 1418 2402 verbis
1466 2337 1549 2401 ad
1592 2332 1698 2402 m'e
1734 2337 1814 2402 de
1848 2336 2263 2423 inproborum

187 2430 484 2495 oratione
511 2429 893 2516 scripsisses,
933 2430 1300 2496 faciendum
1327 2431 1485 2495 mihi
1512 2432 1755 2516 putavi,
1784 2443 1859 2496 ut
1884 2432 2011 2495 tuis
2038 2430 2261 2495 litteris

189 2524 378 2589 brevi
414 2524 887 2610 responderem.
978 2524 1095 2591 sed
1127 2525 1336 2611 prima
1372 2526 1499 2589 duo
1536 2526 1747 2611 capita
1772 2526 2077 2610 epistolae
2112 2536 2259 2589 tuae
2295 2549 2320 2587 ι

189 2617 394 2683 tacita
427 2617 588 2682 mihi
628 2618 910 2702 quodam
954 2619 1148 2685 modo
1193 2618 1615 2703 relinquenda
1656 2630 1836 2696 sunt3
1889 2617 2047 2683 nihil
2092 2618 2263 2683 enim

191 2712 467 2787 habent,
523 2713 696 2795 quod
740 2713 1075 2779 definitum
1119 2714 1202 2778 sit
1237 2724 1349 2779 aut
1386 2724 1652 2789 eertum,
1688 2712 1813 2777 nisi
1846 2733 1949 2777 me
1993 2711 2171 2774 voltu
2208 2724 2264 2775 et

191 2804 632 2873 taciturnitate
687 2808 1082 2894 significasse
1143 2808 1262 2874 tibi
1313 2830 1444 2873 non
1508 2828 1650 2873 esse
1700 2806 2007 2881 amioum,
2069 2804 2262 2888 idque

193 2922 310 2987 pro
347 2901 675 2980 tribunali,
711 2924 862 2967 eum
899 2903 1142 2987 aliquid
1177 2914 1496 2990 ageretur,
1534 2912 1596 2968 et
1632 2922 1762 2967 non
1788 2901 1979 2967 nullis
2014 2900 2083 2964 in
2112 2922 2263 2965 con·
2289 2899 2292 2902 ’

193 2996 384 3061 viviis
435 2996 725 3083 intellegi
776 2999 1082 3084 potuisse.
1172 2998 1296 3064 hoe
1350 3009 1556 3065 totum
1609 2996 1769 3081 nihil
1813 3020 1952 3063 esse
1996 3016 2259 3081 possum

191 3090 574 3177 intellegere
585 3116 603 3169 3
657 3092 774 3157 sed
821 3111 969 3157 eum
1023 3094 1104 3158 sit
1148 3092 1337 3169 nihil,
1392 3114 1475 3157 ne
1519 3092 1673 3175 quid
1720 3090 1969 3157 dicatur
2002 3090 2262 3174 quidem

189 3188 535 3272 intellego:
581 3187 740 3253 illud
771 3188 1033 3273 quidem
1071 3188 1234 3263 scie,
1282 3208 1460 3250 meos
1504 3186 1739 3251 multos
1776 3196 1841 3251 et
1879 3183 2165 3250 inlustris
2200 3196 2266 3247 et

195 3304 278 3347 ex
315 3281 648 3367 superiore
683 3292 750 3349 et
783 3306 865 3348 ex
902 3303 1110 3366 aequo
1144 3282 1286 3345 loeo
1323 3299 1647 3344 sermones
1683 3277 1935 3343 habitos
1972 3278 2121 3341 eum
2154 3286 2266 3339 tua

195 3399 456 3443 summa
489 3377 680 3442 laude
717 3388 783 3442 et
820 3398 968 3442 eum
1004 3399 1244 3463 magna
1283 3370 1765 3461 [sollieitudine]
1806 3369 2267 3457 significatione
2338 3404 2342 3408 —

194 3484 457 3537 nostrae
501 3468 950 3537 familiaritatis
1000 3472 1083 3536 ad
1127 3483 1192 3537 te
1237 3492 1389 3537 vere
1432 3467 1719 3555 potuisse
1755 3465 2007 3533 deferri.
2093 3486 2266 3541 nam,

195 3566 379 3652 quod
413 3566 500 3631 ad
543 3566 790 3653 legatos
837 3566 1092 3644 attinet,
1144 3566 1302 3650 quid
1348 3588 1388 3630 a
1420 3587 1526 3629 me
1569 3563 1708 3631 fieri
1751 3562 1961 3649 potuit
1992 3572 2105 3627 aut
2138 3561 2268 3625 ele-

195 3660 464 3747 gantius
516 3671 629 3725 aut
688 3662 920 3727 iustius
974 3682 1170 3747 quam
1232 3671 1306 3725 ut
1368 3670 1661 3749 sumptus
1712 3655 2267 3745 egentissimarum

197 3755 538 3821 civitatum
563 3756 917 3823 minuerem
948 3756 1087 3822 sine
1112 3756 1245 3821 ulla
1271 3753 1713 3821 imminutione
1744 3749 2071 3837 dignitatis
2098 3756 2267 3822 tuae,

195 3850 580 3938 praesertim
622 3850 780 3937 ipsis
828 3851 1192 3917 civitatibus
1238 3847 1751 3935 postulantibus?
1793 3866 1945 3909 nam
1980 3839 2139 3905 mihi
2170 3849 2269 3903 to-

197 3960 342 4012 tum
378 3968 584 4033 genus
619 3946 1016 4033 legationum
1052 3957 1164 4012 tuo
1189 3944 1447 4011 nomine
1483 3938 2019 4033 proficiscentium
2044 3944 2270 4000 notum

199 4064 334 4109 non
388 4052 544 4107 erat.
651 4042 986 4128 Apameae
1040 4064 1187 4108 eum
1242 4062 1445 4107 essem
1459 4086 1479 4117 ‚
1540 4037 1887 4103 multarum
1940 4032 2269 4099 civitatum
