2675 4559
728 242 1286 303 EPISTULARUM
1319 248 1480 304 VIII.
1516 249 1568 304 8.
1588 251 1640 305 9.
2077 240 2212 308 v183

168 365 559 433 mediocriter
575 370 612 447 †
627 367 1000 454 obiurgatus
1036 391 1113 434 ac
1148 372 1406 456 repulsa
1441 395 1510 438 se
1538 373 1829 439 mutavit.
1883 390 2212 462 praeterea

164 462 265 545 qui
296 481 651 544 numquam
684 461 754 526 in
784 463 929 527 foro
964 463 1352 548 adparuerit,
1388 488 1517 532 non
1553 469 1824 534 multum
1859 470 1926 534 in
1959 471 2210 538 iudiciis

162 565 442 621 versatus
471 555 573 633 sit,
610 554 746 640 agit
774 577 1002 622 causas
1036 557 1336 635 liberalis,
1375 561 1489 626 sed
1515 584 1658 627 raro
1686 576 1832 648 post
1857 567 2206 633 meridiem.

158 649 231 714 de
269 649 647 736 provinciis,
700 650 877 735 quod
919 651 1036 716 tibi
1081 653 1460 738 scripseram
1503 655 1744 722 Idibus·
1767 656 1946 724 Sext.
1995 673 2209 728 actum
2238 680 2266 720 8

156 743 243 820 iri,
276 743 707 830 interpellavit
741 744 1049 810 iudicium
1083 743 1401 835 Marcelli,
1439 751 1715 816 consulis
1753 753 2086 840 designati.
2140 757 2209 820 in

157 839 296 902 Kal.
330 860 429 903 res
464 839 704 904 reiecta
748 851 873 916 est3
919 863 1000 905 ne
1046 839 1473 930 frequentiam
1510 845 1768 928 quidem
1804 847 2058 916 efficere
2093 873 2208 936 po-

54 1016 56 1019 *
158 943 422 998 tuerunt.
480 932 599 998 has
633 933 876 998 litteras
911 957 969 998 a.
1009 933 1071 1000 d.
1106 958 1191 1003 1v.
1218 935 1279 1000 N
1284 959 1388 1002 on.
1419 935 1816 1024 Septembris
1853 942 2019 1019 dedi,
2058 967 2205 1010 cum

158 1027 228 1092 ad
259 1049 406 1094 eam
440 1025 613 1092 diem
648 1049 730 1092 ne
765 1026 1178 1114 profligatum
1212 1031 1474 1120 quidem
1509 1034 1854 1118 quicquam
1890 1048 2045 1102 erat.
2133 1049 2207 1103 ut

155 1121 347 1197 video,
385 1143 585 1187 causa
618 1120 779 1186 haec
811 1121 1063 1209 integra
1096 1124 1163 1188 in
1197 1125 1560 1210 proximum
1589 1151 1828 1193 annum
1863 1130 2206 1197 transfere-

154 1228 271 1294 tur,
315 1227 382 1283 et
395 1263 415 1294 ,
460 1227 777 1300 quantum
814 1217 1059 1294 divine,
1104 1219 1560 1304 relinquendus
1596 1223 1712 1288 tibi
1748 1225 1867 1289 erit
1911 1225 2023 1308 qui
2056 1247 2205 1312 pro-

154 1309 419 1376 vinciam
455 1310 772 1387 obtineat3
809 1333 961 1376 nam
996 1331 1123 1376 non
1153 1314 1492 1399 expeditur
1519 1319 1857 1395 successio,
1895 1321 2202 1402 quoniam

158 1403 419 1482 Galliae,
456 1425 625 1490 quae
660 1404 901 1470 habent
934 1406 1440 1487 intercessorem,
1475 1410 1542 1475 in
1579 1412 1846 1477 eandem
1883 1413 2203 1478 condicio-

153 1521 317 1576 nem,
367 1502 437 1564 in
480 1519 687 1582 quam-
722 1511 969 1566 ceterae
1015 1501 1381 1586 provinciae
1397 1551 1416 1580 ,
1470 1516 1798 1590 vocantur.
1886 1504 2011 1574 vhoc
2043 1509 2202 1572 mihi

152 1615 267 1658 non
305 1603 401 1659 est
435 1593 705 1658 dubium
716 1617 735 1671 3
772 1615 901 1678 quo
928 1593 1049 1659 tibi
1082 1596 1289 1681 magis
1316 1597 1541 1682 scripsi
1575 1609 1648 1662 ut
1683 1601 1768 1663 ad
1801 1599 1972 1665 hunc
2008 1625 2201 1667 even-

54 1770 56 1775 .
152 1698 277 1752 tum
319 1698 385 1754 te
429 1707 710 1772 parares.
798 1687 935 1754 fere
979 1689 1205 1754 litteris
1252 1690 1550 1756 omnibus
1593 1692 1711 1757 tibi
1748 1693 1827 1759 de
1871 1696 2196 1779 pantheris
2233 1713 2259 1752 3

54 1776 57 1799 ²
154 1782 389 1866 scripsi:
427 1791 617 1868 turpe
650 1781 769 1847 tibi
803 1783 925 1848 erit
939 1782 1271 1848 Patiscum
1292 1781 1560 1850 Curioni
1597 1786 1820 1852 decem
1855 1789 2198 1873 pantheras

54 1907 57 1951 5
153 1876 416 1953 misisse,
461 1888 527 1941 te
560 1897 691 1940 non
726 1875 943 1942 multis
977 1878 1269 1962 partibus
1305 1879 1538 1963 pluris3
1592 1902 1752 1965 quas
1787 1883 1961 1967 ipsas
2000 1880 2198 1948 Curio

54 1960 57 2039 ἓ
154 1969 293 2033 mihi
335 1981 401 2035 et
446 1970 605 2035 alias
648 1970 995 2036 Africanas
1042 1972 1264 2037 decem
1308 1975 1599 2052 donavit,
1651 1999 1734 2040 ne
1787 1987 1974 2060 putes
2017 1976 2196 2042 illum

55 2105 57 2108 ⁴
154 2074 387 2130 tantum
420 2065 685 2150 praedia
714 2066 956 2131 rustica
988 2065 1163 2132 dare·
1179 2068 1360 2134 scire.
1451 2079 1542 2145 tu,
1580 2069 1634 2135 si
1669 2071 1860 2135 modo
1895 2073 2200 2138 memoria

156 2160 415 2228 tenueris
452 2169 519 2225 et
548 2157 894 2244 Cibyratas
931 2162 1291 2228 arcessieris
1327 2163 1608 2248 itemque
1641 2163 1708 2228 in
1744 2164 2198 2250 Pamphyliam

154 2251 375 2320 litteras
402 2253 927 2320 miseris—nam
959 2255 1052 2320 ibi
1082 2245 1285 2342 pluris
1306 2259 1451 2344 capi
1487 2258 1665 2322 aiunt
1681 2295 1786 2336 —-—,
1815 2260 1987 2344 quod
2016 2264 2193 2327 voles

155 2346 392 2414 efficies.
482 2347 607 2412 hoc
652 2345 1091 2414 vehementius
1133 2350 1355 2416 laboro
1391 2374 1590 2429 nunc,
1647 2353 1820 2436 quod
1866 2377 2120 2420 seorsus
2157 2379 2196 2420 a

155 2441 379 2528 collega
412 2452 573 2528 puto
608 2441 766 2506 mihi
799 2443 1013 2508 omnia
1045 2444 1352 2530 paranda.
1409 2446 1638 2510 amabo
1675 2457 1758 2523 te,
1795 2448 2042 2534 impera
2077 2449 2195 2513 tibi

155 2534 275 2602 hoc.
344 2559 571 2604 curare
607 2539 773 2604 soles
806 2539 1107 2616 libenter,
1144 2550 1217 2605 ut
1252 2561 1376 2626 ego
1411 2541 1719 2606 maiorem
1753 2553 2002 2626 partem
2035 2543 2193 2606 nihil

157 2651 377 2700 curare.
460 2632 535 2704 in
569 2631 693 2698 hoc
726 2634 985 2720 negotio
1018 2633 1199 2698 nulla
1239 2643 1354 2699 tua
1385 2634 1509 2699 nisi
1543 2634 1849 2718 loquendi
1885 2655 2040 2700 cura
2075 2649 2192 2712 est,

157 2723 260 2791 hoc
292 2737 389 2793 est
430 2727 791 2813 imperandi
834 2738 899 2793 et
931 2726 1306 2793 mandandiz
1361 2749 1540 2805 nam,
1588 2728 1970 2812 simulatque
2007 2743 2196 2794 erunt

160 2831 388 2906 captae,
444 2823 561 2906 qui
595 2821 772 2888 alant
806 2845 915 2888 eas
950 2833 1019 2889 et
1051 2822 1421 2908 deportent,
1471 2823 1672 2889 habes
1709 2845 1846 2900 eos,
1903 2845 2064 2908 quos
2110 2825 2194 2888 ad

57 2943 58 2948 ¹
161 2910 479 2981 Sittianam
522 2916 958 3002 syngrapham
998 2916 1173 2993 misi3
1226 2926 1384 3002 puto
1421 2918 1640 2994 etiam,
1687 2918 1742 2982 si
1777 2917 1978 2982 ullam
2013 2939 2194 3004 spem

160 3007 293 3074 mihi
320 3011 547 3076 litteris
582 3009 956 3093 ostenderis,
991 3032 1095 3075 me
1129 3010 1253 3075 isto
1278 3011 1624 3076 missurum
1661 3013 1837 3077 alios.
1892 3013 1989 3076 M.
2009 3011 2194 3080 Feri·-
2226 3027 2252 3064 4

161 3098 338 3181 dium,
390 3103 675 3188 equitem
694 3104 1103 3182 Romanum,
1158 3104 1348 3169 amici
1383 3106 1509 3170 mei
1555 3106 1786 3182 filium,
1843 3106 2084 3170 bonum
2126 3117 2194 3171 vet

161 3204 461 3264 strenuum
496 3199 991 3276 adulescentem,
1027 3197 1140 3282 qui
1174 3199 1261 3262 ad
1294 3221 1482 3263 suum
1515 3199 1849 3283 negotium
1883 3199 2044 3263 istoc
2079 3221 2191 3264 ve·—

160 3289 253 3367 nit,
284 3292 396 3358 tibi
431 3293 811 3360 commendo
847 3304 911 3360 et
946 3306 1010 3358 te
1044 3315 1204 3379 rogo
1239 3305 1311 3358 ut
1349 3315 1498 3359 eum
1531 3293 1600 3356 in
1634 3303 1892 3356 tuorum
1920 3313 2190 3358 numero

161 3381 387 3453 habeas.
441 3409 655 3473 agros,
690 3407 853 3470 quos
878 3386 1261 3452 fructuarios
1297 3387 1536 3452 habent
1573 3386 1883 3460 civitates,
1916 3385 2050 3450 volt
2077 3396 2192 3450 tuo

163 3474 467 3559 beneficio,
504 3482 681 3566 quod
713 3480 831 3546 tibi
864 3480 1053 3549 facile
1090 3493 1153 3548 et
1187 3482 1527 3547 honestum
1562 3481 1738 3546 factu
1773 3481 1874 3557 sit,
1908 3479 2190 3544 inmunis

164 3593 303 3652 esse3
334 3587 551 3664 gratos
587 3587 653 3643 et
685 3576 889 3642 bonos
924 3575 1093 3642 viros
1130 3576 1249 3642 tibi
1282 3577 1606 3663 obligaris.
1677 3577 1827 3641 nolo
1863 3585 1926 3642 te
1962 3583 2188 3661 putare
2223 3589 2250 3628 ⁵

162 3662 491 3737 Favonium
544 3693 587 3736 a
636 3670 1043 3741 columnariis
1087 3671 1499 3756 praeteritum
1511 3697 1530 3748 3
1584 3671 1865 3757 optimus
1919 3669 2190 3752 quisque

55 3753 57 3832 J
164 3779 285 3828 eum
314 3787 442 3831 non
474 3765 650 3832 fecit.
724 3765 1081 3852 Pompeius
1118 3777 1269 3830 tuus
1305 3777 1524 3852 aperte
1562 3763 1909 3834 Caesarem
1943 3774 2008 3829 et
2041 3785 2188 3848 pro-

55 3903 57 3910 -
164 3853 403 3924 vinciam
454 3870 677 3926 tenere
718 3879 867 3924 cum
912 3858 1199 3926 exercitu
1244 3870 1309 3924 et
1353 3861 1670 3924 consulem
1713 3881 1837 3924 esse
1879 3881 2004 3922 non
2049 3859 2192 3922 volt.

162 3944 276 4030 ipse
314 3963 525 4019 tamen
569 3951 738 4018 hanc
782 3953 1162 4019 sententiam
1206 3953 1400 4031 dixit,
1454 3955 1703 4018 nullum
1747 3953 1870 4018 hoc
1905 3964 2194 4036 tempore
2265 4007 2268 4012 .

165 4055 389 4111 senatus
422 4047 787 4114 consultum
823 4047 1222 4123 faciendum3
1262 4044 1484 4134 Scipio
1517 4048 1701 4122 hanc,
1740 4057 1812 4112 ut
1838 4046 1990 4110 Kal.
2011 4044 2195 4110 Mar-
