2675 4559
541 309 668 376 286
1159 319 1240 375 Μ.
1275 318 1548 378 TULLII
1582 317 1983 380 CICERONIS

534 445 964 530 loquebantur
999 466 1217 510 omnes
1255 453 1473 510 tamen
1506 479 1595 492 -
1627 443 1839 523 crede,
1874 443 2048 530 quod
2082 443 2385 510 volebant
2406 481 2483 492 —
2506 444 2557 510 in

537 538 729 624 Syria
771 550 835 604 te
873 562 1041 616 esse,
1087 537 1324 604 habere
1370 537 1606 625 copias.
1694 539 1760 604 id
1796 550 2011 605 autem
2044 561 2129 605 eo
2172 539 2419 605 facilius
2450 561 2559 604 cre-

535 633 826 712 debatur,
855 632 1007 718 quia
1033 633 1237 699 simile
1257 631 1393 699 veri
1419 632 1775 699 videbatur.
1828 633 2071 699 Brutus
2090 632 2355 718 quidem
2377 643 2556 698 noster

535 727 864 814 egregiam
907 726 1167 794 laudem
1203 737 1301 794 est
1335 737 1715 793 consecutus
1726 751 1745 804 3
1790 748 1895 792 res
1928 727 2105 792 enim
2150 737 2363 792 tantas
2394 725 2556 812 gessit

533 831 794 904 tamque
827 821 1210 907 inopinatas,
1240 831 1319 896 ,ut
1354 842 1469 888 eae
1505 842 1655 886 cum
1686 843 1805 906 per
1832 843 1901 886 se
1934 831 2161 908 gratae
2194 832 2418 898 essent,
2449 830 2553 884 tum

535 917 884 982 ornatiores
920 927 1179 1003 propter
1215 916 1621 983 celeritatem.
1675 915 1854 1000 quod
1888 917 1945 982 si
1978 927 2050 982 tu
2078 939 2162 983 ea
2196 926 2393 995 tenes,
2424 936 2555 999 quae

533 1020 858 1096 putamus,
896 1012 1147 1098 magnis
1185 1011 1486 1076 subsidiis
1521 1011 1684 1077 fulta
1718 1033 1819 1076 res
1851 1011 2119 1097 publica
2152 1021 2283 1088 est3
2320 1033 2359 1076 a
2386 1010 2554 1096 prima

535 1105 706 1170 enim
724 1127 836 1170 ora
855 1103 1170 1171 Graeciae
1197 1127 1405 1190 usque
1432 1096 1516 1170 ad
1532 1105 1915 1192 Aegyptum
1940 1107 2335 1193 optimorum
2360 1103 2554 1170 civium

472 1221 500 1262 2
533 1199 816 1286 imperiis
843 1200 1070 1264 muniti
1099 1197 1335 1266 eristius
1366 1211 1429 1266 et
1465 1200 1693 1286 copiis:
1732 1221 2146 1285 quamquam,
2184 1200 2311 1265 nisi
2342 1220 2435 1263 me
2463 1195 2553 1260 fal-

533 1292 737 1370 lebat,
779 1315 881 1358 res
917 1315 987 1358 se
1022 1292 1114 1358 sic
1149 1292 1460 1370 habebat,
1506 1304 1579 1359 ut
1613 1293 1808 1360 totius
1842 1293 1995 1360 belli
2028 1315 2226 1360 omne
2262 1292 2549 1358 discrimen

530 1386 597 1450 in
631 1385 721 1450 D.
759 1384 964 1451 Bruto
1008 1386 1289 1472 positum
1333 1387 1688 1465 videretur,
1740 1387 1854 1473 qui
1898 1387 1982 1464 si,
2034 1398 2113 1452 ut
2158 1387 2548 1474 sperabamus,

529 1479 844 1566 erupisset
891 1479 1152 1546 Mutina
1165 1525 1184 1559 ,
1248 1480 1409 1546 nihil
1462 1481 1616 1548 belli
1667 1482 1987 1566 reliquum
2038 1481 2184 1548 fore
2237 1480 2545 1546 videbatur.

527 1573 746 1662 parvis
781 1574 1041 1640 omnino
1075 1575 1205 1640 iam
1231 1575 1433 1660 copiis
1460 1575 1892 1654 obsidebatur,
1930 1575 2109 1660 quod
2143 1595 2377 1662 magno
2404 1593 2547 1660 prae-

529 1667 692 1734 sidio
727 1667 1091 1735 Bononiam
1125 1670 1387 1736 tenebat
1418 1671 1761 1736 Antonius.
1819 1682 1959 1736 erat
1991 1681 2218 1737 autem
2252 1667 2543 1736 Claternae

527 1772 746 1828 noster
771 1763 1040 1845 Hirtiae,
1077 1764 1161 1830 ad
1185 1763 1431 1830 Forum
1450 1762 1825 1831 Cornelium
1844 1761 2111 1843 Caesar,
2149 1776 2409 1850 uterque
2432 1781 2541 1826 cum

527 1858 711 1924 firmo
731 1861 1042 1938 exercitu3
1068 1881 1467 1948 magnasque
1487 1861 1731 1927 Romae
1750 1859 1971 1926 Pansa
1996 1860 2221 1947 copias
2250 1882 2328 1926 ex
2350 1857 2540 1922 dilectu

526 1953 752 2020 Italiae
795 1966 1142 2041 comparat.
1232 1955 1483 2042 hiemps
1532 1955 1744 2020 adhuc
1788 1977 1926 2020 rem
1966 1956 2113 2044 geri
2160 1953 2538 2041 prohibuerat.

526 2047 778 2112 Hirtius
815 2049 974 2114 nihil
1007 2049 1131 2114 nisi
1167 2049 1590 2129 considerate,
1647 2060 1720 2114 ut
1764 2049 1921 2114 mihi
1964 2049 2213 2116 crebris
2246 2043 2448 2113 litteris
2476 2039 2535 2104 si-

529 2139 821 2224 gnificat,
859 2151 1116 2208 acturus
1153 2143 1513 2210 videbatur.
1598 2153 1851 2230 praeter
1884 2143 2279 2219 Bononiam,
2312 2136 2537 2222 Regium
2608 2167 2611 2244 1

525 2231 792 2319 Lepidi,
839 2234 1173 2313 Parmam,
1218 2249 1419 2304 totam
1456 2236 1739 2305 Galliam
1774 2238 2158 2306 tenebamus
2205 2229 2535 2302 studiosiss-

521 2348 696 2392 mam
723 2328 817 2391 rei
850 2330 1146 2412 publicae
1157 2356 1176 2409 3
1214 2341 1361 2396 tuos
1388 2333 1582 2397 etiam
1609 2333 1859 2398 clientis
1887 2332 2381 2420 Transpadanos
2403 2321 2535 2389 miri-
2606 2417 2608 2424 A

521 2420 641 2486 fice
675 2421 1048 2500 coniunctos
1081 2444 1233 2511 cum
1271 2447 1468 2491 causa
1500 2425 1920 2514 habebamus.
2011 2439 2153 2493 erat
2186 2421 2531 2492 firmissimus
2606 2427 2609 2562 1

519 2527 780 2582 senatus
815 2519 1098 2606 exceptis
1133 2522 1596 2598 consularibus,
1634 2545 1716 2587 ex
1749 2522 1985 2606 quibus
2020 2545 2191 2588 unus
2229 2522 2307 2586 L.
2336 2514 2530 2583 Caesar

459 2631 486 2672 s
520 2610 742 2676 firmus
778 2623 878 2678 est
912 2625 978 2680 et
1009 2625 1241 2682 rectus.
1325 2613 1467 2682 Ser.
1508 2614 1781 2703 Sulpicii
1815 2629 2019 2683 morte
2054 2635 2357 2703 magnum
2384 2627 2527 2712 prat}-
2604 2687 2606 2692 .

519 2705 754 2772 sidium
792 2707 1140 2776 amisimus.
1203 2711 1435 2798 reliqui
1466 2711 1701 2798 partim
1736 2712 1991 2789 inertes,
2026 2714 2263 2800 partim
2294 2701 2525 2792 inprob1;
2604 2709 2606 2788 ξ

515 2822 646 2865 non
679 2803 840 2868 nulli
881 2802 1169 2870 invident
1203 2828 1425 2871 eorum
1459 2806 1668 2884 laudi,
1714 2827 1876 2890 quos
1911 2807 1979 2872 in
2014 2831 2087 2874 re
2131 2803 2377 2894 publica
2412 2815 2525 2884 pro·
2604 2795 2607 2880 1

514 2894 656 2958 bari
697 2895 946 2974 vident3
1000 2899 1223 2986 populi
1267 2923 1419 2966 vero
1463 2899 1740 2966 Romani
1784 2900 2112 2984 totiusque
2146 2899 2361 2967 Italiae
2400 2889 2525 2956 mira
2602 2943 2604 2946 <

515 2990 850 3055 consensio
885 3003 1004 3056 est.
1092 2992 1252 3059 haec
1287 3005 1471 3060 erant
1504 2994 1669 3072 fere,
1714 3016 1883 3081 quae
1918 2995 2037 3060 tibi
2080 3007 2235 3062 nota
2266 3009 2391 3058 esse
2422 2980 2521 3092 vffl·
2602 2985 2604 3078 1

514 3085 669 3164 lem3
717 3108 888 3154 nunc
924 3099 1140 3156 autem
1177 3102 1358 3178 opto,
1403 3102 1476 3172 ut
1510 3091 1594 3156 ab
1628 3089 1766 3156 istis
1802 3089 2091 3160 Orientis
2124 3088 2396 3180 partibus
2425 3095 2517 3144 vu*-
2602 3087 2604 3116 ¹

515 3179 670 3246 tutis
706 3191 856 3247 tuac
890 3181 1108 3250 lumen
1145 3185 1413 3250 eluceat.
1499 3185 1661 3252 vale.

1492 3420 1595 3476 VI.

982 3520 1102 3578 Ser.
1121 3521 1338 3578 Romae
1356 3537 1549 3578 mense
1564 3521 1751 3592 Aprili
1768 3540 1821 3579 a.
1840 3540 1897 3578 u.
1917 3540 1967 3578 c.
1988 3525 2107 3580 711.

1143 3622 1421 3680 CICERO
1458 3623 1729 3682 CASSIO
1765 3624 1931 3683 SAL.

449 3755 472 3796 ²
639 3740 774 3824 Qui
811 3754 1012 3810 status
1055 3767 1271 3812 rerum
1316 3746 1514 3815 fuerit
1558 3759 1699 3814 tum
1710 3795 1731 3826 ,
1778 3771 1929 3816 cum
1970 3747 2088 3818 has
2118 3749 2345 3816 litteras
2376 3725 2504 3840 dfffl'

507 3836 668 3900 scire
712 3838 950 3920 poteris
999 3861 1081 3906 ex
1119 3835 1198 3905 C.
1235 3839 1411 3908 Titio
1448 3840 1799 3921 Strabone,
1843 3843 1982 3910 viro
2026 3844 2194 3910 bono
2227 3847 2286 3906 et
2315 3837 2501 3934 opt-¹⁹²⁰

505 3927 586 3990 de
629 3951 699 4004 re
742 3931 1004 4014 publica
1047 3934 1361 4001 sentiente
1371 3961 1392 4014 3
1446 3959 1597 4001 nam
1650 3936 1807 4021 quid
1860 3937 2075 4006 dicam
2124 3924 2500 4018 ‘cupidissmo

506 4019 640 4093 tui?
677 4022 789 4102 qui
825 4023 1016 4090 domo
1051 4038 1116 4092 et
1155 4027 1431 4095 fortunis
1474 4030 1709 4098 relictis
1747 4031 1833 4098 ad
1874 4043 1941 4100 te
1984 4030 2357 4121 potissimum
2385 4027 2497 4100 pro-

503 4109 711 4176 fectus
748 4115 868 4179 sit?
899 4117 1116 4204 itaque
1144 4144 1293 4188 eum
1327 4124 1448 4190 tibi
1481 4148 1565 4192 ne
1595 4127 1973 4195 commendo
2001 4127 2276 4215 quidem
2308 4110 2497 4181 advffl'
