2675 4559
98 2661 140 2682 sk,

447 240 1004 301 EPISTOLARUM
1037 244 1148 297 AD
1188 244 1254 311 Q.
1291 245 1668 303 FRATREM
1700 248 1747 303 1.
1788 250 1837 303 1.
1862 250 1915 305 2.
2090 239 2221 311 429

155 364 549 453 aequitatem
567 372 769 445 tuam,
791 366 1302 453 temperantiam,
1325 369 1733 436 severitatem
1760 370 2222 460 integritatem-

153 485 284 547 que
328 462 688 529 laudm-ent,-
773 461 891 527 sed
923 484 1027 526 me
1061 463 1382 546 quaedam
1426 474 1601 530 tenet
1643 476 1904 551 propter
1935 468 2223 554 singula-

145 580 293 623 rem
341 578 624 622 amorem
667 556 916 621 infinita
959 557 1030 621 in
1073 568 1136 622 te
1161 557 1455 623 'aviditas
1498 560 1741 645 gloriae
1752 586 1770 638 3
1827 582 2220 647 quamquam

149 652 315 716 illud
350 650 642 717 existimo
653 697 674 729 ,
725 672 876 717 cum
909 650 1040 715 iam
1073 650 1191 715 tibi
1225 652 1421 730 Asia,
1467 654 1653 719 sicuti
1687 655 1799 719 uni
1836 657 2067 741 cuique
2100 680 2223 723 sua

149 747 406 821 domus,
439 756 601 811 nota·
631 768 772 811 esse
800 744 1052 821 debeat,
1087 767 1236 811 cum
1261 746 1346 811 ad
1380 757 1559 811 tuam
1586 770 1907 813 summam
1939 751 2219 835 pruden-

148 842 311 904 tiam
345 850 564 904 tantus
599 862 758 905 usus
791 840 1159 918 accesserit,
1207 841 1369 906 nihil
1392 864 1581 919 esse,
1629 843 1805 926 quod
1840 843 1923 908 ad
1940 844 2217 910 laudem

148 934 452 1011 attineat,
497 935 674 1019 quod
717 957 848 999 non
891 946 963 999 tu
999 936 1237 1021 optime
1273 937 1623 1023 perspicias
1660 948 1725 1003 et
1766 938 1883 1003 tibi
1902 946 2045 1005 'non
2081 942 2217 1009 sine

149 1030 536 1113 cuiusquam
571 1029 927 1096 hortatione
963 1030 1032 1094 in
1058 1042 1336 1097 mentem
1364 1032 1581 1099 veniat
1616 1032 1867 1099 cotidie.
1922 1036 2037 1099 sed
2073 1056 2217 1123 ego,

147 1123 296 1206 qui,
351 1140 500 1188 cum
533 1122 648 1189 tua
678 1124 858 1209 lege,
901 1135 964 1190 te
999 1125 1252 1201 audire,
1297 1136 1363 1191 et
1398 1126 1540 1210 qui,
1582 1147 1731 1193 cum
1766 1128 1849 1193 ad
1884 1138 1947 1193 te
1983 1130 2215 1209 scribo,

145 1230 368 1282 tecum
421 1218 601 1303 loqui
655 1216 906 1294 videor,
959 1218 1196 1284 idcirco
1251 1230 1318 1287 et
1368 1231 1484 1285 tua
1532 1221 1907 1307 longissima
1958 1243 2217 1307 quaque

147 1312 428 1397 epistola
461 1312 742 1377 maxime
778 1312 1062 1377 delector
1097 1324 1162 1379 et
1195 1314 1351 1399 ipse'
1368 1316 1455 1379 in=
1472 1316 1809 1381 scribendo
1844 1338 1987 1381 sum
2019 1340 2215 1405 saepe

143 1407 425 1491 longior.
489 1407 654 1473 illud
687 1418 752 1473 te
789 1408 874 1473 ad
908 1419 1265 1473 extremum
1299 1420 1366 1474 et
1400 1432 1511 1475 oro
1548 1422 1613 1477 et
1646 1411 1884 1489 hortor,
1920 1423 2015 1491 ut,
2051 1424 2215 1483 tam-

146 1520 348 1585 quam
392 1506 622 1587 poe‘tae
663 1502 816 1567 boni
861 1513 925 1567 et
969 1514 1216 1569 actores
1259 1504 1559 1570 industrii
1605 1506 1839 1584 solent,
1894 1507 1987 1573 sic
2030 1518 2103 1573 tu
2146 1510 2215 1575 in

147 1607 440 1661 extrema
471 1593 654 1681 parte
692 1608 756 1662 et
791 1598 1198 1664 conclusione
1231 1599 1513 1664 muneris
1552 1621 1628 1664 ac
1662 1599 1905 1686 negotii
1940 1601 2035 1665 tui
2072 1601 2213 1667 dili·-

145 1690 566 1777 gentissimus
599 1692 707 1769 sis,
743 1702 816 1755 ut
841 1691 947 1757 hic
973 1693 1196 1757 tertius
1225 1716 1433 1758 annus
1467 1694 1718 1780 imperii
1752 1695 1849 1759 tui
1884 1706 2211 1779 tamquam

145 1784 378 1849 tertius
413 1798 580 1851 actus
624 1786 1128 1871 perfectissimus
1161 1798 1359 1871 atque
1386 1788 1835 1853 ornatissimus
1880 1787 2078 1855 fuisse
2112 1790 2225 1855 vi·-

146 1879 406 1945 deaturx
451 1879 520 1945 id
554 1878 856 1945 facillime
890 1880 1122 1957 facies,
1167 1882 1223 1945 si
1257 1903 1393 1959 me,
1430 1882 1533 1947 cui
1568 1904 1822 1969 semper
1854 1884 1969 1947 uni
2000 1886 2207 1971 magis

143 1996 346 2058 quam
379 1974 693 2039 universis
726 1975 979 2062 placere
1007 1976 1283 2053 voluisti,
1317 1986 1533 2042 tecum
1570 1998 1821 2062 semper
1848 1999 1987 2045 esse
2021 1990 2209 2065 puta·-

141 2070 246 2133 bis
283 2080 348 2135 et
383 2064 678 2134 omnibus
713 2070 792 2134 iis
828 2069 1052 2147 rebus,
1099 2092 1260 2159 quas
1297 2070 1471 2136 dices
1508 2082 1575 2136 et
1606 2070 1836 2149 facies,
1880 2071 2205 2139 interesse.

140 2164 466 2249 reliquum
520 2176 646 2243 est,
699 2177 773 2232 ut
807 2176 870 2231 te
906 2187 1081 2231 orem
1095 2214 1112 2241 ,
1167 2177 1241 2233 ut
1274 2164 1625 2231 valetudini
1660 2178 1842 2244 tuae,
1896 2167 1952 2232 si
1993 2190 2097 2233 me
2142 2181 2207 2233 et

141 2273 295 2325 tuos
329 2259 536 2325 omnis
571 2260 786 2326 valere
821 2258 940 2338 vis,
960 2258 1465 2346 diligentissime
1500 2260 1761 2327 servias.
1870 2327 1873 2329 ,

1133 2504 1213 2559 Π.-

515 2684 522 2687 -
627 2607 744 2663 Ser.
781 2626 972 2664 mense
1011 2608 1316 2664 Novembri
1352 2626 1405 2665 a.
1432 2626 1486 2663 u.
1517 2626 1565 2663 c.
1596 2610 1715 2664 695.

675 2709 990 2767 MARCUS
1027 2709 1324 2773 QUINTO
1362 2710 1673 2765 FRATRI.
1702 2704 1709 2711 ’

275 2826 520 2893 Statius
553 2824 638 2891 ad
673 2848 776 2890 me
812 2824 988 2890 venit
1024 2848 1082 2888 a.
1119 2824 1180 2887 d.
1217 2846 1347 2888 vm.
1385 2824 1475 2887 K.
1510 2822 1862 2889 Novembr.
1918 2823 2055 2889 eius
2091 2825 2204 2890 ad-
2241 2890 2265 2927 l

139 2932 396 2999 ventus,
429 2919 604 3003 quod
637 2919 729 2984 ita
765 2918 1092 3003 scripsisti,
1129 2917 1449 3003 direptum
1487 2917 1565 2983 iri
1600 2928 1667 2983 te
1700 2940 1742 2981 a
1774 2918 1923 2996 tuis,
1958 2919 2114 2984 dum
2146 2919 2203 2985 is

135 3016 425 3092 abesset,
462 3015 770 3080 molestus
805 3012 964 3078 mihi
998 3013 1152 3091 fuit3
1198 3012 1374 3097 quod
1410 3022 1626 3076 autem
1662 3013 2203 3097 exspectationem

135 3110 242 3175 sui
279 3129 788 3192 concursumque
823 3130 999 3185 eum,
1053 3108 1166 3192 qui
1211 3116 1351 3173 erat
1384 3106 1669 3182 futurus,
1722 3105 1779 3170 si
1822 3127 1955 3170 una
1989 3116 2204 3172 tecum

136 3204 482 3270 decederet
521 3225 734 3288 neque
781 3214 970 3269 antea
1003 3202 1180 3268 visus
1217 3212 1414 3278 esset,
1451 3199 1738 3279 sustulit,
1780 3199 1847 3264 id
1882 3200 2037 3265 mihi
2071 3222 2203 3267 non

131 3298 544 3364 incommode
605 3297 817 3362 visum
881 3308 976 3361 est
1047 3294 1387 3362 accidisse:
1462 3294 1810 3359 exhaustus
1876 3305 1977 3359 est
2032 3294 2205 3359 enim

135 3412 352 3457 sermo
385 3392 716 3457 hominum
753 3401 818 3457 et
860 3391 1100 3456 multae
1135 3390 1407 3455 emissae
1442 3388 1573 3455 iam
1608 3387 1745 3453 eius
1781 3386 1955 3453 modi
1990 3409 2202 3466 voces,

137 3482 280 3550 ἀλλ’
305 3483 440 3551 αἰεί
471 3510 619 3551 τινα
657 3488 854 3571 φῶτα
888 3488 1120 3568 μέγαν·
1155 3504 1322 3569 quae
1350 3482 1429 3549 -te
1452 3484 1713 3550 absente
1742 3481 2035 3548 confecta
2060 3504 2201 3547 esse

132 3579 360 3646 laetor.
448 3578 624 3664 quod
666 3588 883 3644 autem
927 3578 1166 3643 idcirco
1215 3601 1255 3645 a
1288 3589 1355 3643 te
1390 3579 1623 3643 missus
1660 3588 1786 3654 est,
1831 3576 1993 3641 mihi
2024 3587 2098 3641 ut
2132 3598 2201 3641 se

131 3684 473 3759 purgaret,
523 3672 595 3737 id
638 3694 901 3738 necesse
945 3671 1206 3737 minime
1261 3670 1414 3737 fuit:
1469 3672 1748 3758 primum
1790 3669 1962 3735 enim
2013 3692 2202 3735 num-.-

133 3788 336 3851 quam
371 3766 480 3831 ille
513 3765 673 3831 mihi
706 3764 833 3831 fuit
867 3778 1200 3851 suspectus
1215 3812 1235 3843 ,
1270 3787 1482 3850 neque
1518 3786 1661 3851 ego,
1700 3786 1867 3849 quae
1902 3762 1985 3827 ad
2020 3772 2085 3827 te
2123 3762 2203 3827 de

129 3860 246 3925 illo
283 3860 539 3947 scripsi,
594 3858 824 3948 scripsi
857 3882 1003 3926 meo
1038 3860 1274 3925 iudicio
1287 3907 1307 3937 ,
1362 3859 1476 3925 sed
1513 3882 1660 3925 cum
1704 3857 1867 3923 ratio
1900 3857 2202 3941 salusque

132 3956 428 4021 omnium
461 3965 753 4029 nostrum
767 4002 787 4035 ,
831 3955 945 4039 qui
981 3955 1065 4020 ad
1099 3976 1236 4021 rem
1271 3956 1599 4043 publicam
1634 3954 2027 4032 accedimus,
2070 3975 2203 4021 non

128 4048 406 4115 veritate
442 4051 670 4128 solum,
707 4050 821 4116 sed
856 4049 1048 4115 etiam
1083 4050 1260 4115 fama
1291 4050 1624 4129 niteretur,
1658 4070 1981 4116 sermones
2018 4046 2103 4113 ad
2136 4058 2203 4115 te

2248 1430 2302 1471 46

2241 2816 2272 2870 1
