<?xml version="1.0" encoding="UTF-8"?>
<!DOCTYPE html PUBLIC "-//W3C//DTD XHTML 1.0 Transitional//EN"
    "http://www.w3.org/TR/xhtml1/DTD/xhtml1-transitional.dtd">
<html xmlns="http://www.w3.org/1999/xhtml" xml:lang="en" lang="en">
 <head>
  <title>
</title>
<meta http-equiv="Content-Type" content="text/html;charset=utf-8" />
  <meta name='ocr-system' content='tesseract 3.04.00' />
  <meta name='ocr-capabilities' content='ocr_page ocr_carea ocr_par ocr_line ocrx_word'/>
</head>
<body>
  <div class='ocr_page' id='page_1' title='image "./mtulliiciceroni12unkngoog/mtulliiciceroni12unkngoog_0281.png"; bbox 0 0 2675 4559; ppageno 0'>
   <div class='ocr_carea' id='block_1_1' title="bbox 743 285 2227 368">
    <p class='ocr_par' dir='ltr' id='par_1_1' title="bbox 743 285 2227 368">
     <span class='ocr_line' id='line_1_1' title="bbox 743 285 2227 368; baseline 0.003 -20"><span class='ocrx_word' id='word_1_1' title='bbox 743 292 1298 352; x_wconf 82' lang='lat' dir='ltr'><strong>EPISTOLARUM</strong></span> <span class='ocrx_word' id='word_1_2' title='bbox 1330 296 1435 352; x_wconf 68' lang='lat' dir='ltr'><strong>lx,</strong></span> <span class='ocrx_word' id='word_1_3' title='bbox 1471 297 1639 368; x_wconf 72' lang='lat' dir='ltr'>3-6.s</span> <span class='ocrx_word' id='word_1_4' title='bbox 2098 285 2227 353; x_wconf 82' lang='lat'><strong>197</strong></span> 
     </span>
    </p>
   </div>
   <div class='ocr_carea' id='block_1_2' title="bbox 639 465 1742 730">
    <p class='ocr_par' dir='ltr' id='par_1_2' title="bbox 639 465 1742 730">
     <span class='ocr_line' id='line_1_2' title="bbox 1139 465 1241 522; baseline -0.02 0"><span class='ocrx_word' id='word_1_5' title='bbox 1139 465 1241 522; x_wconf 89' lang='lat' dir='ltr'><strong>VI.</strong></span> 
     </span>
     <span class='ocr_line' id='line_1_3' title="bbox 639 565 1742 627; baseline 0.002 -4"><span class='ocrx_word' id='word_1_6' title='bbox 639 565 756 623; x_wconf 79' lang='lat' dir='ltr'><strong>Ser.</strong></span> <span class='ocrx_word' id='word_1_7' title='bbox 775 567 990 626; x_wconf 87' lang='lat' dir='ltr'><strong>Romae</strong></span> <span class='ocrx_word' id='word_1_8' title='bbox 1008 585 1200 624; x_wconf 88' lang='lat' dir='ltr'><strong>mense</strong></span> <span class='ocrx_word' id='word_1_9' title='bbox 1218 568 1383 623; x_wconf 90' lang='lat' dir='ltr'><strong>Iunio</strong></span> <span class='ocrx_word' id='word_1_10' title='bbox 1401 585 1457 624; x_wconf 91' lang='lat' dir='ltr'><strong>u.</strong></span> <span class='ocrx_word' id='word_1_11' title='bbox 1475 587 1530 624; x_wconf 93' lang='grc' dir='ltr'><strong>ιι.</strong></span> <span class='ocrx_word' id='word_1_12' title='bbox 1553 586 1599 625; x_wconf 84' lang='grc'><strong>8.</strong></span> <span class='ocrx_word' id='word_1_13' title='bbox 1622 571 1742 627; x_wconf 81' lang='grc'>708.</span> 
     </span>
     <span class='ocr_line' id='line_1_4' title="bbox 851 669 1535 730; baseline 0 -4"><span class='ocrx_word' id='word_1_14' title='bbox 851 669 1128 727; x_wconf 83' lang='lat' dir='ltr'>CICERO</span> <span class='ocrx_word' id='word_1_15' title='bbox 1163 670 1535 730; x_wconf 85' lang='lat' dir='ltr'><strong>VARRONI.</strong></span> 
     </span>
    </p>
   </div>
   <div class='ocr_carea' id='block_1_3' title="bbox 167 789 2296 4182">
    <p class='ocr_par' dir='ltr' id='par_1_3' title="bbox 167 789 2296 4182">
     <span class='ocr_line' id='line_1_5' title="bbox 305 789 2285 874; baseline 0.002 -16"><span class='ocrx_word' id='word_1_16' title='bbox 305 789 604 858; x_wconf 84' lang='lat' dir='ltr'><strong>Caninius</strong></span> <span class='ocrx_word' id='word_1_17' title='bbox 647 803 865 860; x_wconf 90' lang='lat' dir='ltr'><strong>noster</strong></span> <span class='ocrx_word' id='word_1_18' title='bbox 909 817 1012 860; x_wconf 90' lang='lat' dir='ltr'><strong>me</strong></span> <span class='ocrx_word' id='word_1_19' title='bbox 1047 794 1174 860; x_wconf 89' lang='lat' dir='ltr'><strong>tuis</strong></span> <span class='ocrx_word' id='word_1_20' title='bbox 1210 794 1424 861; x_wconf 86' lang='lat' dir='ltr'><strong>verbis</strong></span> <span class='ocrx_word' id='word_1_21' title='bbox 1462 794 1821 874; x_wconf 83' lang='lat' dir='ltr'><strong>admonuit,</strong></span> <span class='ocrx_word' id='word_1_22' title='bbox 1868 807 1941 862; x_wconf 89' lang='lat' dir='ltr'><strong>ut</strong></span> <span class='ocrx_word' id='word_1_23' title='bbox 1988 797 2225 864; x_wconf 87' lang='lat' dir='ltr'><strong>scribe-</strong></span> <span class='ocrx_word' id='word_1_24' title='bbox 2262 826 2285 862; x_wconf 82' lang='grc' dir='ltr'><strong>ι</strong></span> 
     </span>
     <span class='ocr_line' id='line_1_6' title="bbox 183 886 2221 976; baseline 0.005 -26"><span class='ocrx_word' id='word_1_25' title='bbox 183 908 310 952; x_wconf 86' lang='lat' dir='ltr'><strong>rem</strong></span> <span class='ocrx_word' id='word_1_26' title='bbox 339 886 419 952; x_wconf 86' lang='lat' dir='ltr'><strong>ad</strong></span> <span class='ocrx_word' id='word_1_27' title='bbox 452 898 538 965; x_wconf 87' lang='lat' dir='ltr'><strong>te,</strong></span> <span class='ocrx_word' id='word_1_28' title='bbox 573 887 631 952; x_wconf 88' lang='lat' dir='ltr'><strong>si</strong></span> <span class='ocrx_word' id='word_1_29' title='bbox 664 887 822 972; x_wconf 90' lang='lat' dir='ltr'><strong>quid</strong></span> <span class='ocrx_word' id='word_1_30' title='bbox 855 898 1044 966; x_wconf 85' lang='lat' dir='ltr'><strong>esset,</strong></span> <span class='ocrx_word' id='word_1_31' title='bbox 1081 888 1256 975; x_wconf 89' lang='lat' dir='ltr'><strong>quod</strong></span> <span class='ocrx_word' id='word_1_32' title='bbox 1289 899 1586 974; x_wconf 87' lang='lat' dir='ltr'><strong>putarem</strong></span> <span class='ocrx_word' id='word_1_33' title='bbox 1620 900 1685 955; x_wconf 91' lang='lat' dir='ltr'><strong>te</strong></span> <span class='ocrx_word' id='word_1_34' title='bbox 1720 890 1883 956; x_wconf 85' lang='lat' dir='ltr'><strong>scire</strong></span> <span class='ocrx_word' id='word_1_35' title='bbox 1910 903 2221 976; x_wconf 84' lang='lat' dir='ltr'><strong>oportere.</strong></span> 
     </span>
     <span class='ocr_line' id='line_1_7' title="bbox 183 972 2225 1070; baseline 0.003 -25"><span class='ocrx_word' id='word_1_36' title='bbox 183 991 278 1046; x_wconf 88' lang='lat' dir='ltr'><strong>est</strong></span> <span class='ocrx_word' id='word_1_37' title='bbox 301 972 492 1068; x_wconf 82' lang='lat' dir='ltr'><strong>igitur</strong></span> <span class='ocrx_word' id='word_1_38' title='bbox 524 981 838 1047; x_wconf 83' lang='lat' dir='ltr'><strong>adventus</strong></span> <span class='ocrx_word' id='word_1_39' title='bbox 867 979 1165 1048; x_wconf 85' lang='lat' dir='ltr'><strong>Caesaris</strong></span> <span class='ocrx_word' id='word_1_40' title='bbox 1200 983 1495 1050; x_wconf 85' lang='lat' dir='ltr'><strong>scilicet&#39;</strong></span> <span class='ocrx_word' id='word_1_41' title='bbox 1476 1007 1545 1049; x_wconf 90' lang='lat' dir='ltr'><strong>m</strong></span> <span class='ocrx_word' id='word_1_42' title='bbox 1581 985 2077 1070; x_wconf 79' lang='lat' dir='ltr'><strong>exspectatione,</strong></span> <span class='ocrx_word' id='word_1_43' title='bbox 2110 1007 2225 1052; x_wconf 88' lang='lat' dir='ltr'><strong>ne-</strong></span> 
     </span>
     <span class='ocr_line' id='line_1_8' title="bbox 183 1074 2224 1163; baseline 0.002 -24"><span class='ocrx_word' id='word_1_44' title='bbox 183 1096 298 1159; x_wconf 87' lang='lat' dir='ltr'><strong>que</strong></span> <span class='ocrx_word' id='word_1_45' title='bbox 339 1086 408 1140; x_wconf 85' lang='grc' dir='ltr'><strong>ιιι</strong></span> <span class='ocrx_word' id='word_1_46' title='bbox 439 1075 509 1141; x_wconf 92' lang='lat' dir='ltr'><strong>id</strong></span> <span class='ocrx_word' id='word_1_47' title='bbox 549 1075 830 1162; x_wconf 86' lang='lat' dir='ltr'><strong>ignoras.</strong></span> <span class='ocrx_word' id='word_1_48' title='bbox 919 1074 1032 1142; x_wconf 91' lang='lat' dir='ltr'><strong>sed</strong></span> <span class='ocrx_word' id='word_1_49' title='bbox 1075 1088 1320 1153; x_wconf 89' lang='lat' dir='ltr'><strong>tamen,</strong></span> <span class='ocrx_word' id='word_1_50' title='bbox 1376 1099 1526 1142; x_wconf 88' lang='lat' dir='ltr'><strong>cum</strong></span> <span class='ocrx_word' id='word_1_51' title='bbox 1566 1077 1674 1143; x_wconf 89' lang='lat' dir='ltr'><strong>ille</strong></span> <span class='ocrx_word' id='word_1_52' title='bbox 1718 1077 2100 1163; x_wconf 77' lang='lat' dir='ltr'><strong>scripsisset,</strong></span> <span class='ocrx_word' id='word_1_53' title='bbox 2154 1091 2224 1144; x_wconf 81' lang='lat' dir='ltr'><strong>ut</strong></span> 
     </span>
     <span class='ocr_line' id='line_1_9' title="bbox 181 1167 2225 1258; baseline 0.002 -24"><span class='ocrx_word' id='word_1_54' title='bbox 181 1167 408 1253; x_wconf 78' lang='lat' dir='ltr'>opinor,</span> <span class='ocrx_word' id='word_1_55' title='bbox 443 1191 514 1236; x_wconf 89' lang='lat' dir='ltr'><strong>se</strong></span> <span class='ocrx_word' id='word_1_56' title='bbox 547 1169 618 1236; x_wconf 88' lang='lat' dir='ltr'><strong>in</strong></span> <span class='ocrx_word' id='word_1_57' title='bbox 650 1169 953 1236; x_wconf 84' lang='lat' dir='ltr'><strong>Alsiense</strong></span> <span class='ocrx_word' id='word_1_58' title='bbox 987 1183 1350 1248; x_wconf 84' lang='lat' dir='ltr'><strong>venturum,</strong></span> <span class='ocrx_word' id='word_1_59' title='bbox 1386 1173 1775 1258; x_wconf 84' lang='lat' dir='ltr'><strong>scripserunt</strong></span> <span class='ocrx_word' id='word_1_60' title='bbox 1801 1171 1886 1236; x_wconf 88' lang='lat' dir='ltr'><strong>ad</strong></span> <span class='ocrx_word' id='word_1_61' title='bbox 1919 1193 2070 1237; x_wconf 90' lang='lat' dir='ltr'><strong>eum</strong></span> <span class='ocrx_word' id='word_1_62' title='bbox 2104 1173 2225 1251; x_wconf 89' lang='lat' dir='ltr'><strong>sui,</strong></span> 
     </span>
     <span class='ocr_line' id='line_1_10' title="bbox 179 1262 2225 1353; baseline 0.001 -26"><span class='ocrx_word' id='word_1_63' title='bbox 179 1285 260 1329; x_wconf 90' lang='lat' dir='ltr'><strong>ne</strong></span> <span class='ocrx_word' id='word_1_64' title='bbox 287 1262 350 1328; x_wconf 89' lang='lat' dir='ltr'><strong>id</strong></span> <span class='ocrx_word' id='word_1_65' title='bbox 389 1263 657 1341; x_wconf 84' lang='lat' dir='ltr'><strong>faceret3</strong></span> <span class='ocrx_word' id='word_1_66' title='bbox 705 1264 944 1330; x_wconf 86' lang='lat' dir='ltr'><strong>multos</strong></span> <span class='ocrx_word' id='word_1_67' title='bbox 978 1266 1040 1332; x_wconf 90' lang='lat' dir='ltr'><strong>ei</strong></span> <span class='ocrx_word' id='word_1_68' title='bbox 1082 1266 1384 1333; x_wconf 87' lang='lat' dir='ltr'><strong>molestos</strong></span> <span class='ocrx_word' id='word_1_69' title='bbox 1428 1267 1569 1332; x_wconf 86' lang='lat' dir='ltr'><strong>fore</strong></span> <span class='ocrx_word' id='word_1_70' title='bbox 1602 1267 1945 1353; x_wconf 89' lang='lat' dir='ltr'><strong>ipsumque</strong></span> <span class='ocrx_word' id='word_1_71' title='bbox 1978 1266 2225 1346; x_wconf 81' lang='lat' dir='ltr'><strong>multis3</strong></span> 
     </span>
     <span class='ocr_line' id='line_1_11' title="bbox 181 1353 2226 1448; baseline 0.002 -27"><span class='ocrx_word' id='word_1_72' title='bbox 181 1353 391 1424; x_wconf 80' lang='lat' dir='ltr'><strong>Ostiae</strong></span> <span class='ocrx_word' id='word_1_73' title='bbox 436 1358 638 1424; x_wconf 84' lang='lat' dir='ltr'><strong>videri</strong></span> <span class='ocrx_word' id='word_1_74' title='bbox 683 1359 1079 1425; x_wconf 79' lang='lat' dir='ltr'><strong>commodius</strong></span> <span class='ocrx_word' id='word_1_75' title='bbox 1123 1382 1273 1427; x_wconf 88' lang='lat' dir='ltr'><strong>eum</strong></span> <span class='ocrx_word' id='word_1_76' title='bbox 1318 1360 1494 1428; x_wconf 87' lang='lat' dir='ltr'><strong>exire</strong></span> <span class='ocrx_word' id='word_1_77' title='bbox 1541 1381 1759 1447; x_wconf 80' lang='lat' dir='ltr'><strong>posse:</strong></span> <span class='ocrx_word' id='word_1_78' title='bbox 1815 1360 1884 1425; x_wconf 90' lang='lat' dir='ltr'><strong>id</strong></span> <span class='ocrx_word' id='word_1_79' title='bbox 1928 1381 2052 1448; x_wconf 86' lang='lat' dir='ltr'><strong>ego</strong></span> <span class='ocrx_word' id='word_1_80' title='bbox 2094 1381 2226 1426; x_wconf 90' lang='lat' dir='ltr'><strong>non</strong></span> 
     </span>
     <span class='ocr_line' id='line_1_12' title="bbox 175 1450 2226 1539; baseline 0.002 -23"><span class='ocrx_word' id='word_1_81' title='bbox 175 1450 611 1538; x_wconf 81' lang='lat' dir='ltr'><strong>intellegebam</strong></span> <span class='ocrx_word' id='word_1_82' title='bbox 641 1452 798 1539; x_wconf 90' lang='lat' dir='ltr'><strong>quid</strong></span> <span class='ocrx_word' id='word_1_83' title='bbox 822 1453 1157 1520; x_wconf 82' lang='lat' dir='ltr'><strong>interesset</strong></span> <span class='ocrx_word' id='word_1_84' title='bbox 1164 1479 1184 1532; x_wconf 86' lang='lat'>3</span> <span class='ocrx_word' id='word_1_85' title='bbox 1221 1454 1336 1520; x_wconf 87' lang='lat' dir='ltr'><strong>sed</strong></span> <span class='ocrx_word' id='word_1_86' title='bbox 1363 1466 1581 1520; x_wconf 87' lang='lat' dir='ltr'><strong>tamen</strong></span> <span class='ocrx_word' id='word_1_87' title='bbox 1598 1454 1851 1520; x_wconf 77' lang='lat' dir='ltr'><strong>Hirtius</strong></span> <span class='ocrx_word' id='word_1_88' title='bbox 1880 1454 2039 1520; x_wconf 81' lang='lat' dir='ltr'><strong>mihi</strong></span> <span class='ocrx_word' id='word_1_89' title='bbox 2066 1455 2226 1520; x_wconf 84' lang='lat' dir='ltr'><strong>dixit</strong></span> 
     </span>
     <span class='ocr_line' id='line_1_13' title="bbox 175 1546 2227 1634; baseline 0.002 -23"><span class='ocrx_word' id='word_1_90' title='bbox 175 1556 238 1611; x_wconf 85' lang='lat' dir='ltr'><strong>et</strong></span> <span class='ocrx_word' id='word_1_91' title='bbox 279 1569 343 1612; x_wconf 88' lang='lat' dir='ltr'><strong>se</strong></span> <span class='ocrx_word' id='word_1_92' title='bbox 385 1547 468 1612; x_wconf 89' lang='lat' dir='ltr'><strong>ad</strong></span> <span class='ocrx_word' id='word_1_93' title='bbox 513 1569 664 1614; x_wconf 86' lang='lat' dir='ltr'><strong>eum</strong></span> <span class='ocrx_word' id='word_1_94' title='bbox 709 1558 776 1615; x_wconf 89' lang='lat' dir='ltr'><strong>et</strong></span> <span class='ocrx_word' id='word_1_95' title='bbox 819 1548 1100 1614; x_wconf 81' lang='lat' dir='ltr'><strong>Balbum</strong></span> <span class='ocrx_word' id='word_1_96' title='bbox 1143 1559 1208 1614; x_wconf 92' lang='lat' dir='ltr'><strong>et</strong></span> <span class='ocrx_word' id='word_1_97' title='bbox 1251 1546 1545 1634; x_wconf 89' lang='lat' dir='ltr'><strong>Oppium</strong></span> <span class='ocrx_word' id='word_1_98' title='bbox 1598 1549 1956 1634; x_wconf 85' lang='lat' dir='ltr'><strong>scripsisse,</strong></span> <span class='ocrx_word' id='word_1_99' title='bbox 2010 1559 2086 1614; x_wconf 88' lang='lat' dir='ltr'><strong>ut</strong></span> <span class='ocrx_word' id='word_1_100' title='bbox 2132 1550 2227 1616; x_wconf 84' lang='lat' dir='ltr'><strong>ita</strong></span> 
     </span>
     <span class='ocr_line' id='line_1_14' title="bbox 173 1639 2285 1728; baseline 0.001 -24"><span class='ocrx_word' id='word_1_101' title='bbox 173 1639 427 1719; x_wconf 83' lang='lat' dir='ltr'><strong>faceret,</strong></span> <span class='ocrx_word' id='word_1_102' title='bbox 489 1640 811 1720; x_wconf 88' lang='lat' dir='ltr'><strong>homines,</strong></span> <span class='ocrx_word' id='word_1_103' title='bbox 870 1653 944 1707; x_wconf 79' lang='lat' dir='ltr'><strong>ut</strong></span> <span class='ocrx_word' id='word_1_104' title='bbox 999 1642 1304 1728; x_wconf 84' lang='lat' dir='ltr'><strong>cognovi,</strong></span> <span class='ocrx_word' id='word_1_105' title='bbox 1368 1642 1639 1706; x_wconf 86' lang='lat' dir='ltr'><strong>amantis</strong></span> <span class='ocrx_word' id='word_1_106' title='bbox 1692 1641 1808 1706; x_wconf 85' lang='lat' dir='ltr'><strong>tui.</strong></span> <span class='ocrx_word' id='word_1_107' title='bbox 1922 1641 2047 1707; x_wconf 85' lang='lat' dir='ltr'><strong>hoc</strong></span> <span class='ocrx_word' id='word_1_108' title='bbox 2100 1664 2224 1728; x_wconf 86' lang='lat' dir='ltr'><strong>ego</strong></span> <span class='ocrx_word' id='word_1_109' title='bbox 2260 1668 2285 1706; x_wconf 65' lang='grc' dir='ltr'><strong>ι</strong></span> 
     </span>
     <span class='ocr_line' id='line_1_15' title="bbox 171 1732 2227 1820; baseline 0.001 -22"><span class='ocrx_word' id='word_1_110' title='bbox 171 1733 397 1802; x_wconf 87' lang='lat' dir='ltr'><strong>idcirco</strong></span> <span class='ocrx_word' id='word_1_111' title='bbox 456 1756 648 1801; x_wconf 90' lang='lat' dir='ltr'><strong>nosse</strong></span> <span class='ocrx_word' id='word_1_112' title='bbox 707 1746 799 1814; x_wconf 73' lang='lat' dir='ltr'><strong>te⁴</strong></span> <span class='ocrx_word' id='word_1_113' title='bbox 835 1736 1037 1813; x_wconf 88' lang='lat' dir='ltr'><strong>volui,</strong></span> <span class='ocrx_word' id='word_1_114' title='bbox 1109 1748 1184 1800; x_wconf 88' lang='lat' dir='ltr'><strong>ut</strong></span> <span class='ocrx_word' id='word_1_115' title='bbox 1235 1735 1431 1800; x_wconf 86' lang='lat' dir='ltr'><strong>scires</strong></span> <span class='ocrx_word' id='word_1_116' title='bbox 1445 1780 1464 1811; x_wconf 93' lang='lat'><strong>,</strong></span> <span class='ocrx_word' id='word_1_117' title='bbox 1532 1732 1883 1820; x_wconf 80' lang='lat' dir='ltr'><strong>hospitium</strong></span> <span class='ocrx_word' id='word_1_118' title='bbox 1944 1735 2063 1799; x_wconf 85' lang='lat' dir='ltr'><strong>tibi</strong></span> <span class='ocrx_word' id='word_1_119' title='bbox 2112 1735 2227 1800; x_wconf 90' lang='lat' dir='ltr'><strong>ubi</strong></span> 
     </span>
     <span class='ocr_line' id='line_1_16' title="bbox 171 1828 2226 1915; baseline 0 -21"><span class='ocrx_word' id='word_1_120' title='bbox 171 1850 418 1914; x_wconf 84' lang='lat' dir='ltr'><strong>parares</strong></span> <span class='ocrx_word' id='word_1_121' title='bbox 432 1875 454 1906; x_wconf 89' lang='lat'><strong>,</strong></span> <span class='ocrx_word' id='word_1_122' title='bbox 489 1830 594 1895; x_wconf 81' lang='lat' dir='ltr'><strong>vel</strong></span> <span class='ocrx_word' id='word_1_123' title='bbox 628 1829 845 1915; x_wconf 84' lang='lat' dir='ltr'><strong>potins</strong></span> <span class='ocrx_word' id='word_1_124' title='bbox 879 1843 948 1894; x_wconf 81' lang='lat' dir='ltr'><strong>ut</strong></span> <span class='ocrx_word' id='word_1_125' title='bbox 981 1829 1359 1912; x_wconf 83' lang='lat' dir='ltr'><strong>utrubique3</strong></span> <span class='ocrx_word' id='word_1_126' title='bbox 1396 1828 1553 1912; x_wconf 90' lang='lat' dir='ltr'><strong>quid</strong></span> <span class='ocrx_word' id='word_1_127' title='bbox 1588 1829 1759 1894; x_wconf 89' lang='lat' dir='ltr'><strong>enim</strong></span> <span class='ocrx_word' id='word_1_128' title='bbox 1792 1828 1901 1894; x_wconf 91' lang='lat' dir='ltr'><strong>ille</strong></span> <span class='ocrx_word' id='word_1_129' title='bbox 1935 1829 2226 1894; x_wconf 84' lang='lat' dir='ltr'><strong>facturus</strong></span> 
     </span>
     <span class='ocr_line' id='line_1_17' title="bbox 171 1923 2227 2002; baseline 0 -15"><span class='ocrx_word' id='word_1_130' title='bbox 171 1923 278 1999; x_wconf 85' lang='lat' dir='ltr'><strong>sit,</strong></span> <span class='ocrx_word' id='word_1_131' title='bbox 327 1923 642 1990; x_wconf 88' lang='lat' dir='ltr'><strong>incertum</strong></span> <span class='ocrx_word' id='word_1_132' title='bbox 688 1935 812 2002; x_wconf 85' lang='lat' dir='ltr'><strong>est3</strong></span> <span class='ocrx_word' id='word_1_133' title='bbox 858 1934 925 1990; x_wconf 89' lang='lat' dir='ltr'><strong>et</strong></span> <span class='ocrx_word' id='word_1_134' title='bbox 974 1923 1165 1990; x_wconf 91' lang='lat' dir='ltr'><strong>simul</strong></span> <span class='ocrx_word' id='word_1_135' title='bbox 1217 1923 1533 1989; x_wconf 87' lang='lat' dir='ltr'><strong>ostentavi</strong></span> <span class='ocrx_word' id='word_1_136' title='bbox 1567 1923 1694 1989; x_wconf 81' lang='lat' dir='ltr'><strong>‚tibi</strong></span> <span class='ocrx_word' id='word_1_137' title='bbox 1747 1945 1851 1989; x_wconf 92' lang='lat' dir='ltr'><strong>me</strong></span> <span class='ocrx_word' id='word_1_138' title='bbox 1894 1923 2034 1988; x_wconf 85' lang='lat' dir='ltr'><strong>istis</strong></span> <span class='ocrx_word' id='word_1_139' title='bbox 2085 1945 2227 1989; x_wconf 88' lang='lat' dir='ltr'><strong>esse</strong></span> 
     </span>
     <span class='ocr_line' id='line_1_18' title="bbox 169 2015 2227 2104; baseline 0.002 -24"><span class='ocrx_word' id='word_1_140' title='bbox 169 2015 541 2084; x_wconf 78' lang='lat' dir='ltr'><strong>familiarem</strong></span> <span class='ocrx_word' id='word_1_141' title='bbox 586 2029 652 2082; x_wconf 92' lang='lat' dir='ltr'><strong>et</strong></span> <span class='ocrx_word' id='word_1_142' title='bbox 704 2016 986 2084; x_wconf 88' lang='lat' dir='ltr'><strong>consiliis</strong></span> <span class='ocrx_word' id='word_1_143' title='bbox 1033 2040 1254 2084; x_wconf 85' lang='lat' dir='ltr'><strong>eorum</strong></span> <span class='ocrx_word' id='word_1_144' title='bbox 1305 2017 1633 2084; x_wconf 88' lang='lat' dir='ltr'><strong>interesse.</strong></span> <span class='ocrx_word' id='word_1_145' title='bbox 1723 2018 1900 2102; x_wconf 91' lang='lat' dir='ltr'><strong>quod</strong></span> <span class='ocrx_word' id='word_1_146' title='bbox 1942 2039 2066 2104; x_wconf 89' lang='lat' dir='ltr'><strong>ego</strong></span> <span class='ocrx_word' id='word_1_147' title='bbox 2112 2039 2227 2084; x_wconf 84' lang='lat' dir='ltr'><strong>cur</strong></span> 
     </span>
     <span class='ocr_line' id='line_1_19' title="bbox 169 2107 2226 2197; baseline 0.001 -21"><span class='ocrx_word' id='word_1_148' title='bbox 169 2111 387 2189; x_wconf 89' lang='lat' dir='ltr'><strong>nolim,</strong></span> <span class='ocrx_word' id='word_1_149' title='bbox 439 2111 601 2176; x_wconf 86' lang='lat' dir='ltr'><strong>nihil</strong></span> <span class='ocrx_word' id='word_1_150' title='bbox 653 2111 872 2191; x_wconf 82' lang='lat' dir='ltr'><strong>vide03</strong></span> <span class='ocrx_word' id='word_1_151' title='bbox 926 2135 1058 2179; x_wconf 91' lang='lat' dir='ltr'><strong>non</strong></span> <span class='ocrx_word' id='word_1_152' title='bbox 1111 2107 1301 2180; x_wconf 45' lang='lat' dir='ltr'><strong>enim*</strong></span> <span class='ocrx_word' id='word_1_153' title='bbox 1329 2123 1425 2178; x_wconf 89' lang='lat' dir='ltr'><strong>est</strong></span> <span class='ocrx_word' id='word_1_154' title='bbox 1466 2110 1669 2192; x_wconf 89' lang='lat' dir='ltr'><strong>idem,</strong></span> <span class='ocrx_word' id='word_1_155' title='bbox 1690 2175 1695 2182; x_wconf 84' lang='grc'><em>,</em></span> <span class='ocrx_word' id='word_1_156' title='bbox 1714 2112 1911 2191; x_wconf 85' lang='lat' dir='ltr'><strong>ferre,</strong></span> <span class='ocrx_word' id='word_1_157' title='bbox 1958 2113 2015 2178; x_wconf 90' lang='lat' dir='ltr'><strong>si</strong></span> <span class='ocrx_word' id='word_1_158' title='bbox 2066 2111 2226 2197; x_wconf 84' lang='lat' dir='ltr'><strong>quid</strong></span> 
     </span>
     <span class='ocr_line' id='line_1_20' title="bbox 167 2205 2222 2294; baseline 0 -24"><span class='ocrx_word' id='word_1_159' title='bbox 167 2205 498 2290; x_wconf 83' lang='lat' dir='ltr'><strong>ferendum</strong></span> <span class='ocrx_word' id='word_1_160' title='bbox 535 2217 660 2284; x_wconf 87' lang='lat' dir='ltr'><strong>est,</strong></span> <span class='ocrx_word' id='word_1_161' title='bbox 716 2218 780 2273; x_wconf 88' lang='lat' dir='ltr'><strong>et</strong></span> <span class='ocrx_word' id='word_1_162' title='bbox 822 2206 1124 2294; x_wconf 87' lang='lat' dir='ltr'><strong>probare,</strong></span> <span class='ocrx_word' id='word_1_163' title='bbox 1181 2207 1237 2272; x_wconf 90' lang='lat' dir='ltr'><strong>si</strong></span> <span class='ocrx_word' id='word_1_164' title='bbox 1278 2207 1435 2292; x_wconf 88' lang='lat' dir='ltr'><strong>quid</strong></span> <span class='ocrx_word' id='word_1_165' title='bbox 1480 2228 1613 2273; x_wconf 91' lang='lat' dir='ltr'><strong>non</strong></span> <span class='ocrx_word' id='word_1_166' title='bbox 1654 2206 2059 2294; x_wconf 88' lang='lat' dir='ltr'><strong>probandum</strong></span> <span class='ocrx_word' id='word_1_167' title='bbox 2106 2217 2222 2272; x_wconf 85' lang='lat' dir='ltr'><strong>est.</strong></span> 
     </span>
     <span class='ocr_line' id='line_1_21' title="bbox 171 2299 2227 2387; baseline 0 -23"><span class='ocrx_word' id='word_1_168' title='bbox 171 2299 302 2378; x_wconf 85' lang='lat' dir='ltr'><strong>etsi,</strong></span> <span class='ocrx_word' id='word_1_169' title='bbox 338 2299 499 2385; x_wconf 89' lang='lat' dir='ltr'><strong>quid</strong></span> <span class='ocrx_word' id='word_1_170' title='bbox 524 2322 657 2366; x_wconf 91' lang='lat' dir='ltr'><strong>non</strong></span> <span class='ocrx_word' id='word_1_171' title='bbox 682 2301 970 2387; x_wconf 91' lang='lat' dir='ltr'><strong>probem,</strong></span> <span class='ocrx_word' id='word_1_172' title='bbox 1006 2300 1306 2385; x_wconf 88' lang='lat' dir='ltr'><strong>equidem</strong></span> <span class='ocrx_word' id='word_1_173' title='bbox 1331 2301 1464 2366; x_wconf 87' lang='lat' dir='ltr'><strong>iam</strong></span> <span class='ocrx_word' id='word_1_174' title='bbox 1491 2301 1729 2378; x_wconf 81' lang='lat' dir='ltr'><strong>nese-ic,</strong></span> <span class='ocrx_word' id='word_1_175' title='bbox 1763 2311 2023 2386; x_wconf 80' lang='lat' dir='ltr'><strong>praeter</strong></span> <span class='ocrx_word' id='word_1_176' title='bbox 2042 2299 2227 2365; x_wconf 84' lang='lat' dir='ltr'><strong>in&#39;itia</strong></span> 
     </span>
     <span class='ocr_line' id='line_1_22' title="bbox 168 2390 2227 2472; baseline -0 -12"><span class='ocrx_word' id='word_1_177' title='bbox 168 2417 374 2460; x_wconf 88' lang='lat' dir='ltr'><strong>rerum</strong></span> <span class='ocrx_word' id='word_1_178' title='bbox 381 2419 402 2472; x_wconf 90' lang='lat'>;</span> <span class='ocrx_word' id='word_1_179' title='bbox 437 2417 593 2460; x_wconf 89' lang='lat' dir='ltr'><strong>nam</strong></span> <span class='ocrx_word' id='word_1_180' title='bbox 626 2395 788 2461; x_wconf 87' lang='lat' dir='ltr'><strong>haec</strong></span> <span class='ocrx_word' id='word_1_181' title='bbox 820 2396 890 2460; x_wconf 87' lang='lat' dir='ltr'><strong>in</strong></span> <span class='ocrx_word' id='word_1_182' title='bbox 915 2395 1244 2462; x_wconf 79' lang='lat' dir='ltr'><strong>voluntate</strong></span> <span class='ocrx_word' id='word_1_183' title='bbox 1278 2390 1560 2462; x_wconf 84' lang='lat' dir='ltr'><strong>fuerunt.</strong></span> <span class='ocrx_word' id='word_1_184' title='bbox 1614 2394 1747 2461; x_wconf 86' lang='lat' dir='ltr'><strong>vidi</strong></span> <span class='ocrx_word' id='word_1_185' title='bbox 1782 2395 1954 2460; x_wconf 90' lang='lat' dir='ltr'><strong>enim</strong></span> <span class='ocrx_word' id='word_1_186' title='bbox 1968 2431 2059 2444; x_wconf 85' lang='lat'><strong>—-</strong></span> <span class='ocrx_word' id='word_1_187' title='bbox 2072 2417 2227 2460; x_wconf 89' lang='lat' dir='ltr'><strong>nam</strong></span> 
     </span>
     <span class='ocr_line' id='line_1_23' title="bbox 170 2488 2227 2576; baseline 0 -25"><span class='ocrx_word' id='word_1_188' title='bbox 170 2499 233 2552; x_wconf 89' lang='lat' dir='ltr'><strong>tu</strong></span> <span class='ocrx_word' id='word_1_189' title='bbox 266 2489 496 2555; x_wconf 82' lang='lat' dir='ltr'><strong>aberas</strong></span> <span class='ocrx_word' id='word_1_190' title='bbox 529 2525 620 2536; x_wconf 93' lang='lat'><strong>—-</strong></span> <span class='ocrx_word' id='word_1_191' title='bbox 651 2498 902 2555; x_wconf 84' lang='lat' dir='ltr'><strong>nostros</strong></span> <span class='ocrx_word' id='word_1_192' title='bbox 937 2490 1176 2556; x_wconf 88' lang='lat' dir='ltr'><strong>amicos</strong></span> <span class='ocrx_word' id='word_1_193' title='bbox 1213 2512 1450 2576; x_wconf 88' lang='lat' dir='ltr'><strong>cupere</strong></span> <span class='ocrx_word' id='word_1_194' title='bbox 1486 2489 1758 2565; x_wconf 87' lang='lat' dir='ltr'><strong>bellum,</strong></span> <span class='ocrx_word' id='word_1_195' title='bbox 1802 2488 1975 2554; x_wconf 86' lang='lat' dir='ltr'><strong>hune</strong></span> <span class='ocrx_word' id='word_1_196' title='bbox 2008 2495 2227 2553; x_wconf 86' lang='lat' dir='ltr'><strong>autem</strong></span> 
     </span>
     <span class='ocr_line' id='line_1_24' title="bbox 167 2579 2225 2668; baseline -0 -22"><span class='ocrx_word' id='word_1_197' title='bbox 167 2603 285 2647; x_wconf 91' lang='lat' dir='ltr'><strong>non</strong></span> <span class='ocrx_word' id='word_1_198' title='bbox 329 2594 468 2648; x_wconf 84' lang='lat' dir='ltr'><strong>tam</strong></span> <span class='ocrx_word' id='word_1_199' title='bbox 501 2604 737 2668; x_wconf 89' lang='lat' dir='ltr'><strong>cupere</strong></span> <span class='ocrx_word' id='word_1_200' title='bbox 772 2603 969 2667; x_wconf 91' lang='lat' dir='ltr'><strong>quam</strong></span> <span class='ocrx_word' id='word_1_201' title='bbox 1011 2605 1142 2650; x_wconf 90' lang='lat' dir='ltr'><strong>non</strong></span> <span class='ocrx_word' id='word_1_202' title='bbox 1187 2584 1413 2650; x_wconf 83' lang='lat' dir='ltr'><strong>timere</strong></span> <span class='ocrx_word' id='word_1_203' title='bbox 1456 2619 1545 2630; x_wconf 93' lang='lat'><strong>—-</strong></span> <span class='ocrx_word' id='word_1_204' title='bbox 1578 2603 1734 2668; x_wconf 89' lang='lat' dir='ltr'><strong>ergo</strong></span> <span class='ocrx_word' id='word_1_205' title='bbox 1778 2581 1943 2646; x_wconf 84' lang='lat' dir='ltr'><strong>haec</strong></span> <span class='ocrx_word' id='word_1_206' title='bbox 1977 2579 2225 2646; x_wconf 89' lang='lat' dir='ltr'><strong>consilii</strong></span> 
     </span>
     <span class='ocr_line' id='line_1_25' title="bbox 169 2673 2227 2761; baseline -0.003 -20"><span class='ocrx_word' id='word_1_207' title='bbox 169 2675 452 2754; x_wconf 82' lang='lat' dir='ltr'><strong>fuerunt,</strong></span> <span class='ocrx_word' id='word_1_208' title='bbox 504 2676 754 2761; x_wconf 86' lang='lat' dir='ltr'><strong>reliqua</strong></span> <span class='ocrx_word' id='word_1_209' title='bbox 803 2678 1166 2744; x_wconf 85' lang='lat' dir='ltr'><strong>necessaria</strong></span> <span class='ocrx_word' id='word_1_210' title='bbox 1208 2713 1327 2754; x_wconf 87' lang='lat'><strong>—-,</strong></span> <span class='ocrx_word' id='word_1_211' title='bbox 1381 2678 1637 2742; x_wconf 83' lang='lat' dir='ltr'><strong>vincere</strong></span> <span class='ocrx_word' id='word_1_212' title='bbox 1684 2685 1899 2739; x_wconf 87' lang='lat' dir='ltr'><strong>autem</strong></span> <span class='ocrx_word' id='word_1_213' title='bbox 1944 2685 2056 2737; x_wconf 86' lang='lat' dir='ltr'><strong>aut</strong></span> <span class='ocrx_word' id='word_1_214' title='bbox 2106 2673 2227 2736; x_wconf 86' lang='lat' dir='ltr'><strong>hos</strong></span> 
     </span>
     <span class='ocr_line' id='line_1_26' title="bbox 169 2766 2282 2880; baseline -0.002 -44"><span class='ocrx_word' id='word_1_215' title='bbox 169 2783 270 2837; x_wconf 89' lang='lat' dir='ltr'><strong>aut</strong></span> <span class='ocrx_word' id='word_1_216' title='bbox 300 2772 451 2838; x_wconf 87' lang='lat' dir='ltr'><strong>illos</strong></span> <span class='ocrx_word' id='word_1_217' title='bbox 494 2793 756 2838; x_wconf 89' lang='lat' dir='ltr'><strong>necesse</strong></span> <span class='ocrx_word' id='word_1_218' title='bbox 792 2795 953 2840; x_wconf 89' lang='lat' dir='ltr'><strong>esse.</strong></span> <span class='ocrx_word' id='word_1_219' title='bbox 1041 2773 1175 2838; x_wconf 89' lang='lat' dir='ltr'><strong>scio</strong></span> <span class='ocrx_word' id='word_1_220' title='bbox 1219 2784 1283 2838; x_wconf 91' lang='lat' dir='ltr'><strong>te</strong></span> <span class='ocrx_word' id='word_1_221' title='bbox 1327 2793 1580 2880; x_wconf 87' lang='lat' dir='ltr'><strong>semper</strong></span> <span class='ocrx_word' id='word_1_222' title='bbox 1634 2789 1889 2836; x_wconf 89' lang='lat' dir='ltr'><strong>mecum</strong></span> <span class='ocrx_word' id='word_1_223' title='bbox 1939 2766 2008 2831; x_wconf 89' lang='lat' dir='ltr'><strong>in</strong></span> <span class='ocrx_word' id='word_1_224' title='bbox 2042 2766 2225 2832; x_wconf 88' lang='lat' dir='ltr'><strong>luctu</strong></span> <span class='ocrx_word' id='word_1_225' title='bbox 2257 2791 2282 2831; x_wconf 74' lang='lat' dir='ltr'><strong>s</strong></span> 
     </span>
     <span class='ocr_line' id='line_1_27' title="bbox 171 2861 2226 2951; baseline -0.001 -21"><span class='ocrx_word' id='word_1_226' title='bbox 171 2864 391 2947; x_wconf 87' lang='lat' dir='ltr'><strong>fuisse,</strong></span> <span class='ocrx_word' id='word_1_227' title='bbox 458 2887 607 2934; x_wconf 86' lang='lat' dir='ltr'><strong>cum</strong></span> <span class='ocrx_word' id='word_1_228' title='bbox 659 2865 1021 2933; x_wconf 85' lang='lat' dir='ltr'><strong>videremus</strong></span> <span class='ocrx_word' id='word_1_229' title='bbox 1075 2889 1224 2930; x_wconf 90' lang='lat' dir='ltr'><strong>cum</strong></span> <span class='ocrx_word' id='word_1_230' title='bbox 1285 2865 1447 2930; x_wconf 89' lang='lat' dir='ltr'><strong>illud</strong></span> <span class='ocrx_word' id='word_1_231' title='bbox 1497 2864 1727 2951; x_wconf 86' lang='lat' dir='ltr'><strong>ingens</strong></span> <span class='ocrx_word' id='word_1_232' title='bbox 1770 2862 2015 2928; x_wconf 85' lang='lat' dir='ltr'><strong>malum</strong></span> <span class='ocrx_word' id='word_1_233' title='bbox 2068 2861 2226 2928; x_wconf 88' lang='lat' dir='ltr'><strong>alte-</strong></span> 
     </span>
     <span class='ocr_line' id='line_1_28' title="bbox 171 2959 2229 3036; baseline -0.001 -11"><span class='ocrx_word' id='word_1_234' title='bbox 171 2961 288 3026; x_wconf 87' lang='lat' dir='ltr'><strong>rius</strong></span> <span class='ocrx_word' id='word_1_235' title='bbox 332 2960 542 3026; x_wconf 86' lang='lat' dir='ltr'><strong>utrius</strong></span> <span class='ocrx_word' id='word_1_236' title='bbox 588 2961 904 3027; x_wconf 86' lang='lat' dir='ltr'><strong>exercitus</strong></span> <span class='ocrx_word' id='word_1_237' title='bbox 949 2971 1013 3028; x_wconf 88' lang='lat' dir='ltr'><strong>et</strong></span> <span class='ocrx_word' id='word_1_238' title='bbox 1056 2959 1294 3026; x_wconf 89' lang='lat' dir='ltr'><strong>ducum</strong></span> <span class='ocrx_word' id='word_1_239' title='bbox 1335 2959 1696 3036; x_wconf 80' lang='lat' dir='ltr'><strong>interitum,</strong></span> <span class='ocrx_word' id='word_1_240' title='bbox 1744 2968 1880 3024; x_wconf 87' lang='lat' dir='ltr'><strong>tum</strong></span> <span class='ocrx_word' id='word_1_241' title='bbox 1927 2978 2079 3024; x_wconf 81' lang='lat' dir='ltr'><strong>vero</strong></span> <span class='ocrx_word' id='word_1_242' title='bbox 2116 2968 2229 3022; x_wconf 84' lang='lat' dir='ltr'><strong>ex-</strong></span> 
     </span>
     <span class='ocr_line' id='line_1_29' title="bbox 172 3052 2227 3128; baseline -0.001 -10"><span class='ocrx_word' id='word_1_243' title='bbox 172 3065 440 3122; x_wconf 87' lang='lat' dir='ltr'><strong>tremum</strong></span> <span class='ocrx_word' id='word_1_244' title='bbox 492 3055 808 3120; x_wconf 90' lang='lat' dir='ltr'><strong>malorum</strong></span> <span class='ocrx_word' id='word_1_245' title='bbox 860 3055 1146 3121; x_wconf 89' lang='lat' dir='ltr'><strong>omnium</strong></span> <span class='ocrx_word' id='word_1_246' title='bbox 1199 3075 1340 3120; x_wconf 87' lang='lat' dir='ltr'><strong>esse</strong></span> <span class='ocrx_word' id='word_1_247' title='bbox 1392 3053 1597 3119; x_wconf 86' lang='lat' dir='ltr'><strong>civilis</strong></span> <span class='ocrx_word' id='word_1_248' title='bbox 1660 3053 1813 3119; x_wconf 89' lang='lat' dir='ltr'><strong>belli</strong></span> <span class='ocrx_word' id='word_1_249' title='bbox 1864 3052 2227 3128; x_wconf 85' lang='lat' dir='ltr'><strong>victoriam,</strong></span> <span class='ocrx_word' id='word_1_250' title='bbox 2210 3075 2227 3092; x_wconf 88' lang='lat'><strong>·</strong></span> 
     </span>
     <span class='ocr_line' id='line_1_30' title="bbox 171 3141 2229 3238; baseline -0.003 -22"><span class='ocrx_word' id='word_1_251' title='bbox 171 3169 358 3232; x_wconf 84' lang='lat' dir='ltr'><strong>quam</strong></span> <span class='ocrx_word' id='word_1_252' title='bbox 392 3148 658 3235; x_wconf 89' lang='lat' dir='ltr'><strong>quidem</strong></span> <span class='ocrx_word' id='word_1_253' title='bbox 685 3173 810 3238; x_wconf 90' lang='lat' dir='ltr'><strong>ego</strong></span> <span class='ocrx_word' id='word_1_254' title='bbox 840 3149 1034 3216; x_wconf 85' lang='lat' dir='ltr'><strong>etiam</strong></span> <span class='ocrx_word' id='word_1_255' title='bbox 1068 3141 1324 3214; x_wconf 86' lang='lat' dir='ltr'><strong>illorum</strong></span> <span class='ocrx_word' id='word_1_256' title='bbox 1360 3147 1689 3224; x_wconf 83' lang='lat' dir='ltr'><strong>timebam,</strong></span> <span class='ocrx_word' id='word_1_257' title='bbox 1722 3146 1807 3212; x_wconf 87' lang='lat' dir='ltr'><strong>ad</strong></span> <span class='ocrx_word' id='word_1_258' title='bbox 1838 3167 2004 3230; x_wconf 88' lang='lat' dir='ltr'><strong>quos</strong></span> <span class='ocrx_word' id='word_1_259' title='bbox 2038 3167 2229 3210; x_wconf 81' lang='lat' dir='ltr'><strong>vene-</strong></span> 
     </span>
     <span class='ocr_line' id='line_1_31' title="bbox 173 3331 2231 3408; baseline -0.004 -6"><span class='ocrx_word' id='word_1_260' title='bbox 173 3338 241 3403; x_wconf 90' lang='grc'><strong>118</strong></span> <span class='ocrx_word' id='word_1_261' title='bbox 281 3352 350 3408; x_wconf 90' lang='lat' dir='ltr'><strong>et</strong></span> <span class='ocrx_word' id='word_1_262' title='bbox 397 3350 514 3405; x_wconf 89' lang='lat' dir='ltr'><strong>tua</strong></span> <span class='ocrx_word' id='word_1_263' title='bbox 551 3339 766 3406; x_wconf 87' lang='lat' dir='ltr'><strong>invisa</strong></span> <span class='ocrx_word' id='word_1_264' title='bbox 808 3340 1106 3406; x_wconf 81' lang='lat' dir='ltr'><strong>voluntas</strong></span> <span class='ocrx_word' id='word_1_265' title='bbox 1151 3348 1217 3404; x_wconf 87' lang='lat' dir='ltr'><strong>et</strong></span> <span class='ocrx_word' id='word_1_266' title='bbox 1261 3358 1409 3401; x_wconf 88' lang='lat' dir='ltr'><strong>mea</strong></span> <span class='ocrx_word' id='word_1_267' title='bbox 1452 3332 1682 3400; x_wconf 86' lang='lat' dir='ltr'><strong>oratio·</strong></span> <span class='ocrx_word' id='word_1_268' title='bbox 1730 3354 1905 3398; x_wconf 88' lang='lat' dir='ltr'><strong>nunc</strong></span> <span class='ocrx_word' id='word_1_269' title='bbox 1948 3352 2099 3397; x_wconf 86' lang='lat' dir='ltr'><strong>vero</strong></span> <span class='ocrx_word' id='word_1_270' title='bbox 2109 3377 2130 3408; x_wconf 92' lang='lat'><strong>,</strong></span> <span class='ocrx_word' id='word_1_271' title='bbox 2176 3331 2231 3395; x_wconf 89' lang='grc'><strong>81</strong></span> 
     </span>
     <span class='ocr_line' id='line_1_32' title="bbox 176 3427 2235 3544; baseline -0.004 -45"><span class='ocrx_word' id='word_1_272' title='bbox 176 3445 380 3502; x_wconf 81' lang='lat' dir='ltr'><strong>essent</strong></span> <span class='ocrx_word' id='word_1_273' title='bbox 421 3435 626 3499; x_wconf 87' lang='lat' dir='ltr'><strong>nostri</strong></span> <span class='ocrx_word' id='word_1_274' title='bbox 668 3433 883 3544; x_wconf 70' lang='lat' dir='ltr'><strong>potiti,</strong></span> <span class='ocrx_word' id='word_1_275' title='bbox 927 3435 1129 3506; x_wconf 82' lang='lat' dir='ltr'><strong>valde</strong></span> <span class='ocrx_word' id='word_1_276' title='bbox 1163 3433 1659 3518; x_wconf 86' lang='lat' dir='ltr'><strong>intemperantes</strong></span> <span class='ocrx_word' id='word_1_277' title='bbox 1704 3427 2007 3505; x_wconf 80' lang='lat' dir='ltr'><strong>fuissent3</strong></span> <span class='ocrx_word' id='word_1_278' title='bbox 2053 3435 2235 3492; x_wconf 84' lang='lat' dir='ltr'><strong>erant</strong></span> 
     </span>
     <span class='ocr_line' id='line_1_33' title="bbox 177 3521 2233 3618; baseline -0.004 -24"><span class='ocrx_word' id='word_1_279' title='bbox 177 3529 336 3594; x_wconf 80' lang='lat' dir='ltr'><strong>enim</strong></span> <span class='ocrx_word' id='word_1_280' title='bbox 370 3527 562 3594; x_wconf 89' lang='lat' dir='ltr'><strong>nobis</strong></span> <span class='ocrx_word' id='word_1_281' title='bbox 593 3529 873 3614; x_wconf 87' lang='lat' dir='ltr'><strong>perirati,</strong></span> <span class='ocrx_word' id='word_1_282' title='bbox 909 3530 1095 3614; x_wconf 85' lang='lat' dir='ltr'><strong>quasi</strong></span> <span class='ocrx_word' id='word_1_283' title='bbox 1129 3528 1479 3618; x_wconf 87' lang='lat' dir='ltr'><strong>quicquam</strong></span> <span class='ocrx_word' id='word_1_284' title='bbox 1512 3526 1594 3592; x_wconf 92' lang='lat' dir='ltr'><strong>de</strong></span> <span class='ocrx_word' id='word_1_285' title='bbox 1628 3535 1847 3590; x_wconf 86' lang='lat' dir='ltr'><strong>nostra</strong></span> <span class='ocrx_word' id='word_1_286' title='bbox 1880 3523 2085 3590; x_wconf 89' lang='lat' dir='ltr'><strong>salute</strong></span> <span class='ocrx_word' id='word_1_287' title='bbox 2120 3521 2233 3586; x_wconf 87' lang='lat' dir='ltr'><strong>de·</strong></span> 
     </span>
     <span class='ocr_line' id='line_1_34' title="bbox 181 3613 2233 3707; baseline -0.002 -25"><span class='ocrx_word' id='word_1_288' title='bbox 181 3623 613 3700; x_wconf 84' lang='lat' dir='ltr'><strong>crevissemus,</strong></span> <span class='ocrx_word' id='word_1_289' title='bbox 649 3622 825 3707; x_wconf 88' lang='lat' dir='ltr'><strong>quod</strong></span> <span class='ocrx_word' id='word_1_290' title='bbox 847 3645 990 3689; x_wconf 91' lang='lat' dir='ltr'><strong>non</strong></span> <span class='ocrx_word' id='word_1_291' title='bbox 1023 3617 1196 3688; x_wconf 88' lang='lat' dir='ltr'><strong>idem</strong></span> <span class='ocrx_word' id='word_1_292' title='bbox 1229 3623 1367 3688; x_wconf 87' lang='lat' dir='ltr'><strong>illis</strong></span> <span class='ocrx_word' id='word_1_293' title='bbox 1382 3619 1873 3696; x_wconf 88' lang='lat' dir='ltr'><strong>censuissemus,</strong></span> <span class='ocrx_word' id='word_1_294' title='bbox 1909 3625 2023 3682; x_wconf 89' lang='lat' dir='ltr'><strong>aut</strong></span> <span class='ocrx_word' id='word_1_295' title='bbox 2048 3613 2233 3699; x_wconf 89' lang='lat' dir='ltr'><strong>quasi</strong></span> 
     </span>
     <span class='ocr_line' id='line_1_35' title="bbox 179 3708 2235 3803; baseline -0.003 -25"><span class='ocrx_word' id='word_1_296' title='bbox 179 3715 389 3784; x_wconf 79' lang='lat' dir='ltr'><strong>utilius</strong></span> <span class='ocrx_word' id='word_1_297' title='bbox 431 3716 528 3783; x_wconf 87' lang='lat' dir='ltr'><strong>rei</strong></span> <span class='ocrx_word' id='word_1_298' title='bbox 569 3717 868 3803; x_wconf 87' lang='lat' dir='ltr'><strong>publicae</strong></span> <span class='ocrx_word' id='word_1_299' title='bbox 912 3719 1110 3784; x_wconf 86' lang='lat' dir='ltr'><strong>fuerit</strong></span> <span class='ocrx_word' id='word_1_300' title='bbox 1153 3740 1262 3785; x_wconf 87' lang='lat' dir='ltr'><strong>eos</strong></span> <span class='ocrx_word' id='word_1_301' title='bbox 1298 3718 1493 3785; x_wconf 87' lang='lat' dir='ltr'><strong>etiam</strong></span> <span class='ocrx_word' id='word_1_302' title='bbox 1529 3716 1613 3782; x_wconf 88' lang='lat' dir='ltr'><strong>ad</strong></span> <span class='ocrx_word' id='word_1_303' title='bbox 1657 3715 2011 3781; x_wconf 88' lang='lat' dir='ltr'><strong>bestiarum</strong></span> <span class='ocrx_word' id='word_1_304' title='bbox 2052 3708 2235 3775; x_wconf 86' lang='lat' dir='ltr'><strong>auxi-</strong></span> 
     </span>
     <span class='ocr_line' id='line_1_36' title="bbox 181 3804 2233 3898; baseline -0.002 -25"><span class='ocrx_word' id='word_1_305' title='bbox 181 3806 324 3876; x_wconf 88' lang='lat' dir='ltr'><strong>lium</strong></span> <span class='ocrx_word' id='word_1_306' title='bbox 381 3809 734 3898; x_wconf 81' lang='lat' dir='ltr'><strong>confugere</strong></span> <span class='ocrx_word' id='word_1_307' title='bbox 788 3833 984 3897; x_wconf 85' lang='lat' dir='ltr'><strong>quam</strong></span> <span class='ocrx_word' id='word_1_308' title='bbox 1036 3814 1139 3879; x_wconf 86' lang='lat' dir='ltr'><strong>vel</strong></span> <span class='ocrx_word' id='word_1_309' title='bbox 1193 3812 1394 3879; x_wconf 87' lang='lat' dir='ltr'><strong>emori</strong></span> <span class='ocrx_word' id='word_1_310' title='bbox 1447 3812 1551 3876; x_wconf 88' lang='lat' dir='ltr'><strong>vel</strong></span> <span class='ocrx_word' id='word_1_311' title='bbox 1604 3831 1752 3876; x_wconf 88' lang='lat' dir='ltr'><strong>cum</strong></span> <span class='ocrx_word' id='word_1_312' title='bbox 1806 3829 1919 3894; x_wconf 89' lang='lat' dir='ltr'><strong>spe</strong></span> <span class='ocrx_word' id='word_1_313' title='bbox 1932 3854 1951 3884; x_wconf 90' lang='lat'><strong>,</strong></span> <span class='ocrx_word' id='word_1_314' title='bbox 2004 3804 2061 3870; x_wconf 89' lang='lat' dir='ltr'><strong>si</strong></span> <span class='ocrx_word' id='word_1_315' title='bbox 2092 3825 2233 3870; x_wconf 81' lang='lat' dir='ltr'><strong>non</strong></span> 
     </span>
     <span class='ocr_line' id='line_1_37' title="bbox 185 3899 2296 3991; baseline -0.003 -21"><span class='ocrx_word' id='word_1_316' title='bbox 185 3906 444 3988; x_wconf 88' lang='lat' dir='ltr'><strong>optima,</strong></span> <span class='ocrx_word' id='word_1_317' title='bbox 498 3918 566 3972; x_wconf 87' lang='lat' dir='ltr'><strong>at</strong></span> <span class='ocrx_word' id='word_1_318' title='bbox 618 3905 837 3991; x_wconf 84' lang='lat' dir='ltr'><strong>aliqua</strong></span> <span class='ocrx_word' id='word_1_319' title='bbox 887 3918 1103 3975; x_wconf 88' lang='lat' dir='ltr'><strong>tamen</strong></span> <span class='ocrx_word' id='word_1_320' title='bbox 1153 3906 1391 3973; x_wconf 81' lang='lat' dir='ltr'><strong>vivere.</strong></span> <span class='ocrx_word' id='word_1_321' title='bbox 1481 3910 1581 3970; x_wconf 86' lang='lat' dir='ltr'><strong>‘at</strong></span> <span class='ocrx_word' id='word_1_322' title='bbox 1630 3905 1699 3968; x_wconf 90' lang='lat' dir='ltr'><strong>in</strong></span> <span class='ocrx_word' id='word_1_323' title='bbox 1733 3899 2114 3990; x_wconf 83' lang='lat' dir='ltr'><strong>perturbata</strong></span> <span class='ocrx_word' id='word_1_324' title='bbox 2164 3920 2235 3964; x_wconf 87' lang='lat' dir='ltr'><strong>re</strong></span> <span class='ocrx_word' id='word_1_325' title='bbox 2268 3913 2296 3953; x_wconf 74' lang='lat'><strong>⁴</strong></span> 
     </span>
     <span class='ocr_line' id='line_1_38' title="bbox 187 3992 2235 4090; baseline -0.002 -27"><span class='ocrx_word' id='word_1_326' title='bbox 187 3999 436 4079; x_wconf 86' lang='lat' dir='ltr'><strong>publica</strong></span> <span class='ocrx_word' id='word_1_327' title='bbox 468 4000 788 4067; x_wconf 66' lang='lat' dir='ltr'><strong>vivimus?</strong></span> <span class='ocrx_word' id='word_1_328' title='bbox 877 4003 1020 4087; x_wconf 89' lang='lat' dir='ltr'><strong>quis</strong></span> <span class='ocrx_word' id='word_1_329' title='bbox 1065 4002 1298 4090; x_wconf 79' lang='lat' dir='ltr'><strong>negat?</strong></span> <span class='ocrx_word' id='word_1_330' title='bbox 1350 3999 1468 4066; x_wconf 89' lang='lat' dir='ltr'><strong>sed</strong></span> <span class='ocrx_word' id='word_1_331' title='bbox 1510 3997 1634 4064; x_wconf 87' lang='lat' dir='ltr'><strong>hoc</strong></span> <span class='ocrx_word' id='word_1_332' title='bbox 1677 3996 1952 4062; x_wconf 81' lang='lat' dir='ltr'><strong>viderint</strong></span> <span class='ocrx_word' id='word_1_333' title='bbox 1992 3995 2069 4073; x_wconf 88' lang='lat' dir='ltr'><strong>ii,</strong></span> <span class='ocrx_word' id='word_1_334' title='bbox 2122 3992 2235 4078; x_wconf 87' lang='lat' dir='ltr'><strong>qui</strong></span> 
     </span>
     <span class='ocr_line' id='line_1_39' title="bbox 189 4090 2238 4182; baseline -0.002 -24"><span class='ocrx_word' id='word_1_335' title='bbox 189 4096 351 4164; x_wconf 86' lang='lat' dir='ltr'><strong>nulla</strong></span> <span class='ocrx_word' id='word_1_336' title='bbox 385 4097 510 4164; x_wconf 88' lang='lat' dir='ltr'><strong>sibi</strong></span> <span class='ocrx_word' id='word_1_337' title='bbox 544 4098 830 4164; x_wconf 88' lang='lat' dir='ltr'><strong>subsidia</strong></span> <span class='ocrx_word' id='word_1_338' title='bbox 864 4098 948 4165; x_wconf 88' lang='lat' dir='ltr'><strong>ad</strong></span> <span class='ocrx_word' id='word_1_339' title='bbox 975 4098 1180 4164; x_wconf 91' lang='lat' dir='ltr'><strong>omnis</strong></span> <span class='ocrx_word' id='word_1_340' title='bbox 1215 4095 1387 4163; x_wconf 84' lang='lat' dir='ltr'><strong>vitae</strong></span> <span class='ocrx_word' id='word_1_341' title='bbox 1422 4105 1625 4162; x_wconf 84' lang='lat' dir='ltr'><strong>status</strong></span> <span class='ocrx_word' id='word_1_342' title='bbox 1658 4102 2075 4182; x_wconf 78' lang='lat' dir='ltr'><strong>paraverunt3</strong></span> <span class='ocrx_word' id='word_1_343' title='bbox 2109 4090 2238 4157; x_wconf 90' lang='lat' dir='ltr'><strong>huc</strong></span> 
     </span>
    </p>
   </div>
  </div>
 </body>
</html>
