2675 4559
526 243 653 310 318
1138 254 1215 308 M.
1254 244 1530 311 TULLII
1565 251 1965 310 CICERONIS

526 381 913 448 tributurum
946 377 1129 458 meis,
1163 375 1541 464 praesertim
1567 397 1716 443 cum
1743 397 1866 464 ego
1899 397 2018 462 pro
2045 373 2146 445 his
2172 377 2306 442 unis
2329 389 2518 467 petam,

524 475 799 542 habeam
832 483 1078 549 autem,
1124 473 1237 558 qui
1282 471 1473 538 simili
1507 493 1704 540 causa
1745 470 2072 549 laborent,
2115 472 2412 558 conpluris
2437 496 2522 538 ne-

525 569 853 635 cessarios.
941 567 1064 634 hoc
1106 589 1212 634 me
1256 589 1388 632 non
1432 565 1570 632 sine
1613 587 1812 632 causa
1855 565 2072 636 facere
2115 587 2316 652 neque
2353 566 2521 650 aliqua

521 662 651 728 levi
685 662 1031 729 ambitione
1067 671 1462 728 commotum
1496 683 1536 726 a
1579 671 1643 726 te
1680 660 2069 728 contendere
2106 661 2223 728 etsi
2261 672 2321 727 te
2353 661 2522 726 existi-

522 773 697 824 mare
734 758 1035 834 arbitror,
1079 769 1295 844 tamen
1336 753 1495 820 mihi
1539 754 1902 822 adfirmanti
1943 753 2170 822 credas
2213 755 2412 832 velim,
2446 776 2520 819 me
2626 757 2629 830 ff

521 850 671 917 huic
704 851 1053 939 municipio
1090 850 1323 918 debere
1357 849 1727 936 plurimum,
1761 849 2013 914 nullum
2041 863 2341 933 ’umquam
2365 848 2522 914 fuisse
2626 843 2629 890 ῑ

520 956 775 1034 tempus
830 967 1041 1030 neque
1092 945 1410 1011 honorum
1453 965 1574 1012 nee
1625 944 1923 1009 laborum
1963 965 2285 1020 meorum,
2332 942 2392 1007 in
2425 963 2519 1026 quo

520 1061 650 1107 non
684 1040 877 1107 huius
920 1040 1251 1127 municipii
1298 1038 1581 1109 studium
1623 1037 1692 1104 in
1735 1061 1846 1126 me·
1877 1038 2194 1104 exstiterit
2235 1037 2519 1124 singulare.

524 1145 914 1222 quapropter
957 1157 997 1200 a
1039 1145 1103 1200 te
1153 1135 1350 1200 etiam
1401 1144 1598 1217 atque
1649 1133 1842 1198 etiam
1889 1153 2012 1220 pro
2063 1143 2279 1199 nostra
2326 1151 2523 1196 summa

519 1228 963 1302 coniunctione
1004 1249 1252 1313 proque
1295 1239 1409 1292 tua
1449 1227 1519 1294 in
1553 1247 1656 1294 me
1689 1235 2002 1314 perpetua
2038 1238 2106 1292 et
2145 1225 2408 1292 maxima
2442 1223 2520 1292 be-

514 1321 877 1390 nevolentia
909 1320 1213 1390 maiorem
1258 1320 1325 1390 in
1371 1320 1638 1388 modum
1677 1331 1827 1408 peto
1873 1331 2072 1404 atque
2108 1319 2430 1398 contendo,
2457 1328 2520 1390 ut,

516 1437 664 1480 cum
696 1415 985 1482 fortunas
1016 1415 1127 1502 agi
1159 1415 1297 1486 eius
1334 1414 1668 1501 municipii
1700 1415 2064 1501 intellegas,
2100 1415 2273 1501 quod
2304 1413 2378 1481 sit
2407 1410 2520 1476 mihi

514 1509 1013 1587 necessitudine,
1059 1509 1319 1587 officiis,
1366 1509 1812 1576 benevolentia
1845 1510 2440 1584 coniunctissimum,
2474 1504 2520 1568 id

512 1603 671 1670 mihi
706 1604 847 1674 des-³
894 1603 1071 1689 quod
1106 1604 1227 1670 erit
1260 1604 1452 1670 huius
1495 1603 1700 1680 modi,
1745 1615 1846 1682 ut,
1891 1604 1947 1670 si
1985 1627 2027 1670 a
2065 1601 2362 1679 Caesare,
2391 1597 2521 1686 quod

513 1721 867 1786 speramus,
900 1698 1404 1785 impetrarimus,
1444 1710 1558 1764 tuo
1592 1697 1904 1764 beneficio
1939 1720 2065 1763 nos
2099 1698 2169 1764 id
2203 1706 2519 1762 consecutos

514 1815 655 1861 esse
689 1793 1075 1870 iudicemus,
1128 1793 1227 1860 sin
1262 1793 1507 1870 minus,
1563 1813 1680 1878 pro
1715 1813 1791 1858 eo
1827 1802 2050 1858 tamen
2093 1792 2161 1857 id
2203 1791 2516 1861 habeamus,

512 1886 816 1972 quoniam
851 1910 891 1953 a
924 1899 989 1954 te
1024 1888 1176 1954 data
1212 1887 1293 1952 sit
1328 1909 1543 1974 opera,
1578 1898 1650 1952 ut
1686 1886 2206 1972 impetraremus.
2273 1884 2383 1950 hoc
2411 1904 2518 1948 cum

510 1981 670 2048 mihi
721 1982 1157 2070 gratissimum
1210 1981 1467 2059 feceris,
1521 1993 1658 2046 tum
1709 1980 1881 2046 viros
1924 1981 2234 2066 optimos,
2283 1977 2514 2048 homines

510 2076 991 2143 honestissimos
1048 2077 1438 2160 eosdemque
1487 2074 1882 2162 gratissimos
1936 2086 2007 2140 et
2069 2087 2184 2142 tua
2229 2071 2517 2140 necessitu-

508 2170 658 2238 dine
686 2170 1115 2256 dignissimos,
1150 2192 1404 2238 summo
1431 2169 1784 2236 beneficio
1767 2193 1848 2250 ιιι,
1868 2181 2254 2256 perpetuum
2279 2166 2382 2234 tibi
2400 2164 2514 2230 tuis-

509 2284 637 2346 que
674 2264 1059 2330 devinxeris.
2412 2289 2419 2296 ·

1458 2412 1623 2469 VIII.

944 2514 1061 2570 Sor.
1080 2515 1295 2572 Romae
1312 2532 1504 2572 mense
1526 2514 1758 2571 Octobri
1777 2534 1828 2574 a.
1848 2533 1902 2570 ιι.
1926 2533 1973 2572 c.
2001 2517 2121 2572 709.

1001 2617 1078 2672 M.
1117 2615 1396 2674 CICERO
1431 2618 1508 2673 M.
1544 2617 1872 2676 RUTILIO
1911 2617 2078 2675 SAL.

635 2732 808 2801 Cum
844 2744 909 2802 et
941 2732 1099 2800 mihi
1143 2733 1437 2799 conscius
1473 2755 1709 2811 essem,
1761 2734 1985 2817 quanti
2029 2745 2096 2800 te
2139 2733 2424 2806 facerem,
2467 2735 2510 2790 et

502 2839 680 2894 tuam
717 2851 872 2916 erga
909 2850 1013 2894 me
1058 2827 1570 2894 benevolentiam
1605 2839 1906 2914 expertus
1940 2851 2177 2907 essem,
2212 2838 2335 2893 non
2365 2820 2512 2889 dubi-

430 2995 437 3000 ,
500 2924 634 2988 tavi
668 2947 709 2989 a
743 2934 806 2990 te
840 2934 1080 3032 petere,
1118 2922 1292 3008 quod
1326 2923 1486 2990 mihi
1519 2923 1868 3010 petendum
1899 2935 2092 2992 esset.
2161 2923 2239 2990 Ρ.
2276 2917 2509 2988 Sestium

500 3018 726 3100 quanti
760 3016 1072 3096 faciam,
1053 3039 1191 3104 ipse
1226 3017 1532 3104 optimes
1501 3017 1656 3095 scio,
1690 3018 1915 3101 quanti
1950 3029 2171 3085 autem
2203 3016 2397 3082 facere
2427 3009 2509 3074 de·

499 3112 719 3190 beam,
756 3124 821 3178 et
854 3123 926 3178 tu
961 3123 1027 3179 et
1062 3133 1285 3178 omnes
1320 3113 1609 3180 homines
1651 3113 1890 3178 sciunt.
1927 3113 1983 3178 is
2021 3135 2169 3180 cum
2205 3135 2282 3178 ex
2313 3107 2433 3174 aliis
2461 3113 2506 3166 te

498 3206 626 3274 mei
661 3205 1196 3274 studiosissimum
1232 3228 1374 3272 esse
1419 3217 1786 3294 cognosset,
1839 3208 2067 3294 petivit
2102 3231 2142 3274 a
2174 3229 2304 3281 me,
2353 3212 2415 3271 ut
2441 3195 2503 3262 ad

496 3312 561 3367 te
596 3321 793 3386 quam
830 3300 1307 3368 accuratissime
1351 3301 1695 3373 scriberem
1741 3301 1822 3368 de
1857 3324 1928 3369 re
1965 3299 2045 3368 O.
2081 3297 2321 3367 Albinii
2359 3313 2504 3360 sena·

496 3393 679 3470 toris,
726 3394 908 3460 cuius
944 3417 1027 3461 ex
1058 3394 1192 3462 filia
1226 3406 1417 3464 natus
1453 3406 1552 3461 est
1585 3395 1668 3460 L.
1707 3393 1988 3506 Sestius,
2025 3396 2294 3483 optimus
2327 3385 2504 3456 adule-

494 3509 715 3565 scens,
710 3487 905 3552 filius
940 3487 1019 3552 Ρ.
1060 3487 1275 3554 Sestii.
1330 3487 1454 3554 hoc
1486 3488 1726 3554 idcirco
1763 3489 2007 3574 scripsi,
2044 3500 2115 3554 ut
2148 3485 2500 3568 intellegeres

492 3602 623 3645 non
660 3580 869 3646 solum
896 3603 999 3646 me
1034 3603 1152 3666 pro
1179 3581 1259 3646 Ρ.
1283 3580 1496 3648 Sestio
1531 3581 1823 3648 laborare
1845 3582 2098 3660 debere,
2135 3580 2246 3648 sed
2263 3574 2498 3646 Sestium

493 3673 688 3740 etiam
732 3696 851 3760 pro
894 3675 1183 3741 Albinio.
1271 3699 1373 3742 res
1419 3687 1633 3744 autem
1679 3688 1778 3742 est
1818 3677 2007 3744 haec.
2055 3701 2094 3742 a
2135 3675 2230 3744 Μ.
2263 3662 2497 3736 Laberio

494 3765 572 3834 C.
594 3767 897 3838 Albinius
932 3769 1248 3854 praedia
1228 3793 1297 3836 m
1326 3770 1832 3838 aestimationem
1866 3770 2130 3862 accepit,
2164 3787 2317 3852 quae
2346 3777 2496 3862 prae·

491 3859 597 3924 dia
632 3861 951 3928 Laberius
987 3876 1232 3933 emerat
1264 3887 1305 3929 a
1343 3860 1623 3933 Caesare
1659 3864 1742 3932 de
1778 3864 1962 3932 bonis
1997 3855 2312 3936 Plotianis.
2358 3876 2422 3922 ea
2449 3845 2492 3912 εἰ

490 3950 701 4016 dicam
732 3954 862 4020 non
896 3979 1039 4022 esse
1074 3980 1113 4024 e
1144 3980 1216 4024 re
1252 3958 1513 4045 publica
1539 3958 1759 4037 dividi,
1796 3959 2024 4038 docere
2051 3970 2112 4025 te
2135 3956 2354 4028 videar,
2383 3965 2486 4012 11011

489 4061 744 4124 rogare3
798 4050 913 4116 sed
956 4062 1173 4118 tamen
1214 4075 1365 4120 cum
1415 4051 1659 4121 Caesar
1695 4051 1996 4122 Sullanas
2041 4049 2396 4121 venditiones
2429 4045 2479 4101 et
