2675 4559
480 252 564 317 96
1089 263 1164 316 Μ.
1201 260 1476 319 TULLII
1510 259 1911 318 CICERONIS

473 400 717 455 tantam
761 388 930 456 enim
973 410 1154 474 spem
1197 385 1310 451 otii
1356 384 1715 465 ostendisti,
1768 394 2078 469 quantam
2112 406 2237 471 ego
2282 406 2539 473 semper

407 525 409 529 -
475 484 769 548 omnibus
805 494 868 549 te
902 504 1032 547 uno
1067 483 1268 549 fretus
1303 479 1651 565 pollicebar
1658 503 1681 557 3
1718 479 1832 544 sed
1864 478 1989 544 hoc
2024 479 2203 558 seito,
2239 490 2387 545 tuos
2422 502 2538 547 ve-

473 589 640 642 teres
676 577 908 655 hostis,
942 598 1146 641 novos
1181 574 1449 651 amicos,
1494 572 1908 639 vehementer
1940 572 2169 640 litteris
2202 574 2536 660 perculsos

413 694 438 732 2
471 680 666 755 atque
720 694 802 737 ex
853 694 1091 757 magna
1141 692 1256 755 spe
1309 667 1680 734 deturbatos
1721 668 1949 734 iacere.
2040 669 2123 734 ad
2166 692 2271 733 me
2315 680 2537 735 autem

473 766 733 843 litteras,
769 787 929 851 quas
958 766 1205 842 misisti,
1241 783 1633 850 quamquam
1661 762 1963 849 exiguam
1998 763 2533 850 significationem

471 870 622 926 tuae
657 882 813 946 erga
855 882 960 925 me
1004 858 1350 925 voluntatis
1386 857 1737 934 habebant,
1784 868 1998 925 tamen
2034 858 2190 923 mihi
2234 859 2395 924 scito
2431 860 2534 923 iu-

472 954 713 1020 cundas
766 954 995 1031 fuisse3
1055 954 1234 1019 nulla
1285 952 1457 1018 enim
1516 974 1587 1017 re
1636 962 1771 1016 tam
1830 953 2055 1018 laetari
2107 954 2281 1019 soleo
2330 974 2531 1037 quam

470 1069 762 1115 meorum
813 1047 1174 1113 officiorum
1227 1044 1661 1121 conscientia,
1695 1045 1929 1128 quibus
1981 1046 2036 1111 si
2086 1046 2349 1131 quando
2398 1068 2531 1113 non

470 1153 692 1208 mutue
717 1141 1156 1227 respondetur,
1192 1140 1368 1225 apud
1391 1160 1495 1203 me
1527 1138 1687 1225 plus>
1702 1139 1897 1204 officii
1922 1141 2198 1207 residere
2227 1139 2528 1207 facillime

472 1238 707 1323 patior:
752 1237 913 1301 illud
947 1258 1076 1300 nen
1113 1235 1357 1310 dubito,
1392 1234 1583 1317 quin,
1620 1235 1675 1298 si
1709 1245 1772 1309 te
1805 1258 1953 1299 mea
1986 1258 2239 1302 summa
2272 1259 2430 1323 erga
2463 1247 2526 1301 te

473 1330 685 1396 studia
719 1351 948 1414 parum
982 1328 1139 1392 mihi
1175 1327 1602 1405 adiunxerint‚
1638 1350 1741 1393 res
1777 1328 2037 1414 publica
2058 1351 2176 1394 nos
2210 1330 2377 1395 inter
2409 1352 2527 1395 nos

412 1446 438 1485 3
473 1423 884 1491 conciliatura
919 1422 1463 1506 coniuncturaque
1500 1422 1599 1485 sit.
1673 1444 1749 1509 ac
1784 1445 1866 1487 ne
1899 1423 2177 1510 ignores,
2212 1424 2372 1507 quid
2405 1446 2531 1509 ego

473 1520 542 1583 in
575 1518 700 1584 tuis
745 1518 970 1585 litteris
1005 1517 1451 1594 desiderarim‚
1486 1516 1762 1582 scribam
1798 1529 2044 1603 aperte,
2082 1518 2248 1583 sieut
2282 1528 2350 1583 et
2382 1540 2529 1583 mea

470 1623 700 1679 natura
735 1622 800 1679 et
830 1623 1052 1677 nostra
1085 1611 1363 1677 amicitia
1395 1612 1705 1697 postulat:
1740 1632 1843 1677 res
1881 1634 1988 1676 eas
2024 1612 2216 1696 gessi,
2253 1631 2527 1695 quarum

473 1707 754 1791 aliquam
804 1706 872 1771 in
916 1706 1042 1771 tuis
1094 1705 1320 1773 litteris
1376 1715 1443 1771 et
1492 1716 1749 1769 nostrae
1790 1704 2275 1771 necessitudinis
2319 1714 2385 1770 et
2435 1705 2528 1769 rei

354 1800 359 1804 ’
471 1800 768 1887 publicae
803 1822 997 1865 eausa
1033 1799 1527 1885 gratulationem
1572 1800 1966 1884 exspectavi3
2021 1820 2215 1883 quam
2252 1820 2378 1885 ego
2410 1798 2527 1863 abs

472 1906 537 1961 te
579 1894 1092 1981 praetermissam
1145 1916 1285 1959 esse
1331 1893 1630 1969 arbitror,
1684 1892 1858 1976 quod
1896 1914 2183 1959 vererere
2226 1914 2309 1958 ne
2344 1893 2527 1958 euius

473 1990 758 2055 animum
803 1988 1178 2055 offenderes.
1268 1987 1385 2053 sed
1425 1987 1586 2052 scito
1630 1998 1707 2053 ea
1720 2034 1737 2063 ,
1792 2008 1957 2074 quae
1998 2008 2117 2052 nos
2158 2007 2277 2072 pro
2322 1988 2527 2051 salute

470 2083 716 2169 patriae
748 2082 1065 2168 gessimus
1080 2128 1099 2158 ,
1145 2082 1318 2146 orbis
1352 2093 1561 2147 terrae
1594 2081 1831 2147 iudicio
1868 2104 1943 2147 ae
1976 2082 2341 2147 testimonio
2376 2104 2529 2147 con-
2660 2159 2662 2161 ,

473 2176 758 2262 probari3
796 2198 981 2261 quae,
1019 2198 1167 2241 cum
1195 2176 1466 2254 veneris,
1504 2186 1680 2242 tanto
1710 2176 1970 2242 consilio
1996 2186 2301 2263 tantaque
2332 2178 2528 2243 animi
2647 2214 2663 2249 >.

471 2270 911 2355 magnitudine
957 2294 998 2335 a
1039 2293 1144 2335 me
1189 2282 1373 2355 gesta
1417 2289 1556 2335 esse
1600 2290 1947 2355 cognosces
1960 2318 1978 2348 ,
2029 2281 2105 2335 ut
2154 2269 2272 2335 tibi
2322 2272 2527 2337 multo

472 2364 726 2441 maiori,
779 2386 974 2448 quam
1016 2364 1367 2429 Africanus
1420 2363 1573 2436 fuit,
1627 2386 1730 2429 me
1781 2387 1913 2429 non
1960 2365 2164 2429 multo
2215 2365 2529 2432 minorem

471 2479 667 2542 quam
701 2456 1003 2523 Laelium
1049 2458 1238 2523 facile
1284 2468 1349 2523 et
1390 2456 1460 2522 in
1494 2480 1562 2522 re
1599 2458 1857 2543 publica
1892 2469 1957 2525 et
1998 2458 2065 2523 in
2100 2457 2383 2524 amicitia
2416 2460 2528 2525 ad-

471 2553 757 2619 iunctum
793 2575 934 2618 esse
968 2554 1231 2638 patiare.

1410 2786 1570 2841 VIII.

1018 2887 1132 2943 Ser.
1155 2905 1344 2943 mense
1362 2888 1625 2945 Ianuario
1644 2906 1693 2945 a.
1713 2908 1768 2943 u.
1789 2908 1834 2945 c.
1857 2890 1974 2946 700.

809 2990 884 3045 Μ..
923 2988 1198 3046 CICERO
1234 2991 1310 3045 M.
1348 2990 1643 3049 LICINIO
1676 2992 1743 3046 P.
1768 2992 1835 3047 F.
1875 2991 2177 3049 CRASSO.

407 3134 430 3171 1
597 3112 932 3195 Quantum
969 3135 1184 3178 meum
1221 3114 1505 3178 studium
1534 3114 1845 3180 exstiterit
1878 3114 2205 3200 dignitatis
2240 3126 2396 3183 tuae
2422 3118 2527 3184 vel

467 3211 742 3276 tuendae
773 3210 876 3275 vel
903 3207 1094 3275 etiam
1121 3210 1477 3295 augendae,
1506 3231 1637 3275 non
1662 3209 1885 3274 dubito
1913 3210 2071 3293 quin
2096 3210 2180 3275 ad
2208 3221 2277 3275 te
2302 3226 2525 3279 omn'es

465 3306 561 3370 tui
597 3304 990 3391 scripserint3
1026 3326 1156 3370 non
1182 3305 1353 3370 enim
1388 3304 1511 3368 fuit
1544 3315 1657 3367 aut
1692 3303 2011 3369 mediocre
2040 3314 2149 3369 aut
2176 3304 2523 3373 obscurum

467 3409 579 3465 aut
629 3399 765 3465 eius
817 3399 1022 3475 modi,
1075 3398 1252 3483 quod
1295 3397 1545 3463 silentio
1590 3409 1809 3482 posset
1851 3398 2207 3483 praeteriri:
2263 3422 2421 3476 nam
2462 3410 2523 3465 et

465 3512 616 3556 cum
659 3491 1031 3557 consulibus
1077 3503 1142 3557 et
1193 3514 1342 3557 cum
1388 3491 1604 3556 multis
1648 3492 2088 3558 consularibus
2142 3502 2319 3558 tanta
2374 3516 2524 3559 eon-

467 3583 746 3649 tentione
773 3584 1114 3663 decertavi,
1152 3596 1395 3669 quanta
1426 3606 1779 3669 numquam
1814 3597 2004 3652 antea
2037 3586 2170 3651 ulla
2200 3586 2271 3650 in
2306 3608 2523 3664 eausa,

465 3678 844 3766 suscepique
877 3678 1037 3745 mihi
1069 3691 1445 3765 perpetuam
1470 3680 2046 3767 propugnationem
2080 3700 2193 3765 pro
2222 3681 2527 3746 omnibus

465 3772 851 3839 ornamentis
896 3772 1024 3838 tuis
1069 3773 1399 3857 veterique
1442 3784 1699 3839 nostrae
1740 3773 2191 3841 necessitudini
2235 3774 2367 3839 iam
2413 3774 2527 3840 diu

465 3868 751 3933 debitum
764 3915 783 3945 ,
846 3868 959 3935 sed
1021 3869 1224 3935 multa
1285 3868 1593 3935 varietate
1655 3880 2016 3956 temporum
2074 3869 2528 3957 interruptum,
2631 3941 2640 3950 ,

402 3978 428 4016 2
463 3960 746 4027 officium
797 3963 1117 4029 cumulate
1169 3964 1435 4028 reddidi.
1542 3985 1752 4047 neque
1804 3961 2167 4031 mehercule
2210 3984 2521 4047 umquam
2631 3973 2640 3982 “

461 4051 618 4116 mihi
669 4054 764 4120 tui
818 4064 930 4119 aut
981 4056 1229 4121 colendi
1281 4067 1396 4121 aut
1446 4056 1713 4121 ornandi
1766 4056 2063 4122 voluntas
2117 4055 2349 4133 defuit3
2406 4058 2526 4122 sed
2647 4052 2648 4055 '
