2675 4559
2196 0 2198 2 ,
2242 2 2419 45 ‘'5⁹³2''

539 234 664 301 176
1148 245 1224 299 Μ.
1263 244 1537 302 TULLII
1570 243 1973 303 CICERONIS

536 396 677 440 eam
710 392 847 438 rem
891 370 976 437 ad
1018 391 1122 436 me
1157 369 1347 436 valde
1390 369 1736 455 pertinere3
1782 369 1938 436 item
1983 368 2063 435 de
2105 368 2437 456 pantheris,
2474 390 2525 437 ιιι
2608 386 2609 391 ’

536 468 875 552 Cibyratas
911 487 1195 532 arcessas
1224 484 1556 548 curesque,
1591 475 1665 529 ut
1695 463 1853 529 mihi
1879 463 2220 541 vehantur3
2253 474 2528 550 praeterea

535 561 897 626 nuntiatum
929 559 1114 625 nobis
1142 571 1229 624 est
1257 568 1323 626 et
1355 579 1473 645 pro
1501 568 1672 624 certo
1698 557 1830 624 iam
1863 556 2155 636 habetur,
2189 580 2392 644 regem
2408 559 2529 623 Ale-

532 680 656 720 xan
664 655 916 722 drinum
960 664 1317 731 mortuum3
1362 653 1517 737 quid
1564 652 1721 718 mihi
1754 652 2059 731 suadeas,
2096 675 2225 739 quo
2258 653 2428 721 modo
2456 675 2529 718 re·

532 772 731 836 gnum
783 749 945 816 illud
1004 771 1075 815 se
1137 748 1395 823 habeat,
1448 746 1592 831 quis
1653 759 1978 834 procuret,
2039 748 2369 834 diligenter
2411 747 2529 812 mihi

532 843 906 928 perscribam
995 843 1087 908 K.
1126 840 1306 910 Sext.

1524 990 1598 1048 V.

995 1095 1113 1152 Ser.
1132 1095 1348 1151 Romae
1366 1111 1556 1151 mense
1576 1093 1772 1150 Sextili
1792 1111 1846 1150 a.
1863 1111 1920 1149 ιι.
1944 1110 1993 1148 c.
2012 1095 2134 1150 703.

1093 1197 1382 1255 CAELIU
1385 1195 1425 1253 S
1461 1194 1822 1256 CICERONI
1857 1195 2020 1253 SAL.

664 1311 812 1394 Qua
844 1323 917 1379 tu
946 1333 1100 1378 cura
1127 1311 1234 1388 sis,
1269 1310 1445 1395 quod
1480 1310 1565 1378 ad
1597 1332 1825 1397 pacem
1858 1310 2226 1396 provinciae
2260 1322 2396 1376 tuae
2424 1307 2528 1373 fini·
2606 1323 2607 1354 ³

532 1408 952 1490 timarumque
986 1405 1325 1491 regionum
1362 1405 1616 1483 attinet,
1651 1407 1867 1472 neseio
1879 1430 1898 1482 3
1939 1427 2064 1491 ego
2101 1404 2355 1490 quidem
2382 1402 2528 1469 vehe-
2604 1403 2605 1406 ’

528 1509 771 1564 menter
806 1499 1003 1565 animi
1045 1499 1315 1586 pendeo·
1405 1522 1558 1565 nam
1601 1499 1656 1566 si
1699 1499 1824 1566 hoe
1857 1500 2052 1567 modo
2087 1522 2227 1566 rem
2268 1495 2528 1564 moderari
2602 1514 2603 1517 ’

528 1616 568 1676 1]
576 1615 888 1671 canemus,
933 1604 1009 1659 ιιι
1050 1615 1167 1680 pro
1202 1593 1447 1662 viribus
1483 1593 1812 1679 copiarum
1848 1604 2109 1661 tuarum
2142 1593 2291 1663 belli
2323 1610 2526 1676 quoque

528 1712 604 1752 er
612 1688 857 1754 sisteret
908 1687 1285 1774 magnitudo
1330 1699 1424 1764 et,
1476 1698 1788 1772 quantum
1839 1688 2086 1773 gloriae
2136 1684 2526 1772 triumphoque

528 1804 686 1864 epus
722 1792 920 1859 esset,
966 1782 1492 1866 adsequeremur,
1536 1782 1958 1868 periculosam
1994 1794 2060 1850 et
2104 1804 2360 1869 gravem
2395 1778 2524 1844 illam

528 1876 997 1942 dimicationem
1022 1877 1430 1954 evitaremus,
1456 1877 1614 1944 nihil
1639 1887 1772 1947 tam
1800 1887 1968 1947 esset
1993 1876 2367 1963 optandum
2399 1890 2525 1938 nunc

528 1972 576 2032 si
616 1968 895 2035 Parthus
928 1980 1145 2036 movet
1179 1970 1422 2053 aliquid
1435 2016 1455 2046 ,
1502 1970 1634 2036 scio
1670 1992 1800 2036 non
1833 1971 2226 2039 mediocrem
2257 1971 2386 2036 fore
2414 1987 2526 2032 con·

528 2064 890 2129 tentionem.
979 2075 1129 2128 tuus
1170 2085 1362 2148 porro
1396 2065 1713 2131 exercitus
1759 2065 1870 2132 vix
1902 2087 2109 2135 unum
2145 2066 2368 2136 saltum
2403 2058 2524 2126 tueri
2607 2113 2610 2120 .

524 2166 750 2240 potest.
846 2155 1013 2225 hanc
1064 2168 1279 2225 autem
1336 2179 1525 2223 nemo
1579 2158 1755 2225 ducit
1803 2159 2151 2238 rationem,
2205 2159 2314 2226 sed
2360 2154 2524 2222 omnia
2607 2191 2610 2217 ς

524 2248 962 2315 desiderantur
1006 2249 1089 2315 ab
1136 2271 1211 2318 eo
1244 2287 1333 2298 -
1367 2262 1696 2338 tamquam
1740 2253 1898 2319 nihil
1944 2254 2334 2341 denegatum
2364 2250 2432 2316 sit
2466 2248 2521 2322 ei,
2598 2255 2601 2271 ²

524 2364 648 2424 qus
684 2342 895 2411 minus
938 2364 1136 2427 quam
1178 2345 1620 2432 paratissimus
1657 2358 1826 2414 esset
1855 2383 1973 2426 -,
2016 2349 2136 2433 qui
2179 2347 2416 2435 publico
2442 2364 2522 2407 ne·

462 2468 484 2500 ἒ
524 2440 695 2524 gestio
738 2438 1139 2524 praepositus
1182 2453 1300 2506 est.
1390 2441 1637 2508 accedit
1677 2443 1836 2520 huc,
1892 2443 2068 2526 quod
2115 2441 2519 2510 successionem
2605 2463 2607 2500 ι

524 2532 803 2598 suturam
863 2543 1124 2620 propter
1185 2533 1547 2601 Galliarum
1608 2538 2111 2603 controversiam
2178 2559 2306 2603 non
2359 2531 2519 2599 video.

522 2627 769 2692 tametsi
821 2626 944 2694 hac
998 2627 1078 2695 de
1129 2653 1201 2698 re
1249 2642 1408 2716 puto
1460 2642 1524 2696 te
1577 2631 2020 2707 constitutum,
2084 2631 2241 2716 quid
2288 2629 2521 2695 facturus

524 2744 720 2799 efflas,
772 2721 1039 2801 habere,
1091 2734 1335 2801 tamen,
1391 2745 1518 2808 quo
1562 2726 1872 2792 maturius
1926 2727 2366 2801 constitueres,
2411 2739 2520 2785 cum

520 2816 560 2876 h
568 2837 689 2881 nnc
722 2827 1025 2881 eventum
1057 2817 1503 2902 providebam,
1539 2818 1752 2885 visum
1787 2831 1884 2887 est
1917 2830 1991 2886 ut
2024 2831 2090 2886 te
2124 2820 2388 2891 facerem
2419 2834 2520 2879 oer-

522 2912 762 2976 tiurem.
848 2911 1018 2977 nosti
1052 2912 1223 2976 enim
1258 2912 1420 2978 haec
1454 2913 1799 2983 tralaticia:
1843 2914 1926 2980 de
1962 2912 2196 2981 Galliis
2229 2910 2518 2980 constitue‘
2566 2927 2568 2930 ·

520 3020 652 3080 tut-3
704 3003 823 3071 erit
856 3004 967 3086 qui
1012 3004 1394 3084 intercedat3
1447 3006 1678 3074 deinde
1715 3009 1876 3074 alius
1913 3008 2203 3086 exsistet,
2254 3005 2383 3091 qui,
2427 2995 2517 3065 nisi
2603 3025 2605 3062 ι

520 3096 713 3162 libere
745 3096 937 3164 liceat
971 3097 1051 3164 de
1086 3099 1384 3169 omnibus
1418 3101 1762 3187 provinciis
1791 3101 2132 3169 decernere
2168 3097 2418 3172 senatui,
2445 3113 2520 3156 re·
2578 3116 2589 3131 ²

516 3192 721 3272 liques
756 3191 1068 3277 inpediat:
1106 3193 1200 3260 sic
1224 3195 1502 3260 multum
1529 3214 1606 3262 ac
1633 3195 1746 3262 diu
1776 3195 2053 3274 ludetur,
2091 3208 2282 3279 atque
2312 3194 2396 3257 ita
2418 3188 2517 3258 diu,
2601 3225 2603 3242 ι

456 3335 465 3348 ,
520 3300 580 3348 ιιι
620 3286 764 3372 plus
800 3286 1130 3355 biennium
1163 3288 1231 3353 in
1264 3287 1365 3354 his
1400 3289 1574 3354 tricis
1608 3312 1949 3356 moremur.
2022 3290 2077 3360 si
2110 3289 2267 3373 quid
2297 3282 2430 3351 novi
2457 3278 2516 3342 de

520 3404 580 3444 re
619 3380 875 3464 publica
900 3381 1075 3464 quod
1109 3382 1228 3447 tibi
1262 3382 1604 3449 scriberem
1638 3384 1963 3462 haberem,
1998 3407 2154 3450 usus
2183 3402 2378 3449 essem
2407 3393 2517 3440 ωθῦ

516 3473 998 3552 ffimsuetudine,
1042 3488 1112 3541 ut
1148 3477 1515 3563 diligenter,
1559 3488 1623 3543 et
1657 3478 1813 3562 quid
1849 3490 2065 3550 actum
2097 3486 2267 3547 esset
2298 3484 2358 3539 et
2395 3462 2515 3553 quid

516 3592 592 3632 ezr
632 3586 703 3633 eo
748 3567 1038 3634 futurum
1085 3592 1437 3654 sperarem,
1484 3570 1960 3656 perscriberem.
2050 3593 2201 3638 sane
2235 3579 2514 3648 tamquam

512 3664 576 3724 in
608 3661 886 3744 quodam
909 3661 1083 3728 incili
1115 3663 1247 3729 iam
1272 3665 1489 3739 omnia
1513 3665 1960 3735 adhaeserunt.
2008 3663 2348 3738 Marcellus
2378 3654 2516 3721 idem

512 3756 668 3820 illud
714 3755 796 3822 de
844 3757 1186 3843 provinciis
1229 3769 1448 3846 urget,
1500 3780 1712 3843 neque
1755 3761 1966 3831 adhuc
2019 3759 2402 3843 frequentem
2437 3767 2517 3851 89·

512 3864 731 3916 natum
782 3850 1035 3919 efficere
1085 3852 1314 3939 potuit.
1418 3853 1542 3918 hoc
1593 3854 1688 3919 sic
1747 3852 2085 3941 praeterito
2138 3869 2300 3919 anno
2349 3840 2513 3909 Cuno

512 3947 801 4012 tribunus
830 3949 942 4012 erit
976 3957 1040 4014 et
1074 3946 1302 4014 eadem
1335 3948 1503 4015 actio
1531 3946 1613 4014 de
1645 3949 1984 4033 provineiis
2018 3943 2320 4020 introibit:
2353 3949 2512 4021 quam

512 4040 697 4104 fae-ile
732 4050 883 4107 tunc
918 4040 1003 4107 sit
1035 4042 1251 4113 omnia
1294 4041 1580 4129 inpedire
1616 4053 1681 4110 et
1716 4064 1910 4127 quam
1945 4042 2064 4108 hoc
2102 4036 2335 4105 Caesar
2360 4030 2509 4112 iiqtaes
