<?xml version="1.0" encoding="UTF-8"?>
<!DOCTYPE html PUBLIC "-//W3C//DTD XHTML 1.0 Transitional//EN"
    "http://www.w3.org/TR/xhtml1/DTD/xhtml1-transitional.dtd">
<html xmlns="http://www.w3.org/1999/xhtml" xml:lang="en" lang="en">
 <head>
  <title>
</title>
<meta http-equiv="Content-Type" content="text/html;charset=utf-8" />
  <meta name='ocr-system' content='tesseract 3.04.00' />
  <meta name='ocr-capabilities' content='ocr_page ocr_carea ocr_par ocr_line ocrx_word'/>
</head>
<body>
  <div class='ocr_page' id='page_1' title='image "./mtulliiciceroni12unkngoog/mtulliiciceroni12unkngoog_0252.png"; bbox 0 0 2675 4559; ppageno 0'>
   <div class='ocr_carea' id='block_1_1' title="bbox 2179 0 2385 54">
    <p class='ocr_par' dir='ltr' id='par_1_1' title="bbox 2179 0 2385 54">
     <span class='ocr_line' id='line_1_1' title="bbox 2179 0 2385 54; baseline 0 -32"><span class='ocrx_word' id='word_1_1' title='bbox 2179 0 2212 22; x_wconf 66' lang='lat'>2·</span> <span class='ocrx_word' id='word_1_2' title='bbox 2231 0 2245 9; x_wconf 87' lang='lat'>&#39;¹</span> <span class='ocrx_word' id='word_1_3' title='bbox 2275 0 2385 54; x_wconf 43' lang='lat'>{1453</span> 
     </span>
    </p>
   </div>
   <div class='ocr_carea' id='block_1_2' title="bbox 487 203 1915 273">
    <p class='ocr_par' dir='ltr' id='par_1_2' title="bbox 487 203 1915 273">
     <span class='ocr_line' id='line_1_2' title="bbox 487 203 1915 273; baseline -0.001 -2"><span class='ocrx_word' id='word_1_4' title='bbox 487 203 613 271; x_wconf 84' lang='lat'>168</span> <span class='ocrx_word' id='word_1_5' title='bbox 1093 215 1171 270; x_wconf 86' lang='grc' dir='ltr'>Μ.</span> <span class='ocrx_word' id='word_1_6' title='bbox 1208 213 1482 273; x_wconf 83' lang='lat' dir='ltr'><strong>TULLII</strong></span> <span class='ocrx_word' id='word_1_7' title='bbox 1514 212 1915 272; x_wconf 82' lang='lat' dir='ltr'>CICERONIS</span> 
     </span>
    </p>
   </div>
   <div class='ocr_carea' id='block_1_3' title="bbox 883 385 2136 648">
    <p class='ocr_par' dir='ltr' id='par_1_3' title="bbox 883 385 2136 648">
     <span class='ocr_line' id='line_1_3' title="bbox 1405 385 1627 440; baseline 0 -1"><span class='ocrx_word' id='word_1_8' title='bbox 1405 385 1627 440; x_wconf 88' lang='lat' dir='ltr'>XXXI.</span> 
     </span>
     <span class='ocr_line' id='line_1_4' title="bbox 883 487 2136 545; baseline -0.001 0"><span class='ocrx_word' id='word_1_9' title='bbox 883 488 1001 545; x_wconf 84' lang='lat' dir='ltr'>Ser.</span> <span class='ocrx_word' id='word_1_10' title='bbox 1020 488 1235 544; x_wconf 86' lang='lat' dir='ltr'>Romae</span> <span class='ocrx_word' id='word_1_11' title='bbox 1252 504 1444 543; x_wconf 89' lang='lat' dir='ltr'>mense</span> <span class='ocrx_word' id='word_1_12' title='bbox 1462 487 1770 543; x_wconf 80' lang='lat' dir='ltr'>Februario</span> <span class='ocrx_word' id='word_1_13' title='bbox 1792 504 1843 542; x_wconf 72' lang='lat' dir='ltr'>a,</span> <span class='ocrx_word' id='word_1_14' title='bbox 1865 504 1919 542; x_wconf 92' lang='lat' dir='ltr'>u.</span> <span class='ocrx_word' id='word_1_15' title='bbox 1941 505 1987 542; x_wconf 91' lang='lat' dir='ltr'>c.</span> <span class='ocrx_word' id='word_1_16' title='bbox 2011 488 2136 544; x_wconf 80' lang='lat'>710.</span> 
     </span>
     <span class='ocr_line' id='line_1_5' title="bbox 1133 588 1885 648; baseline -0.005 0"><span class='ocrx_word' id='word_1_17' title='bbox 1133 588 1410 648; x_wconf 77' lang='lat' dir='ltr'>CICERO</span> <span class='ocrx_word' id='word_1_18' title='bbox 1446 588 1680 647; x_wconf 82' lang='lat' dir='ltr'>CURIO</span> <span class='ocrx_word' id='word_1_19' title='bbox 1717 588 1774 646; x_wconf 79' lang='lat' dir='ltr'>S.</span> <span class='ocrx_word' id='word_1_20' title='bbox 1809 589 1885 644; x_wconf 90' lang='lat' dir='ltr'>D.</span> 
     </span>
    </p>
   </div>
   <div class='ocr_carea' id='block_1_4' title="bbox 428 710 2547 2023">
    <p class='ocr_par' dir='ltr' id='par_1_4' title="bbox 428 710 2547 1157">
     <span class='ocr_line' id='line_1_6' title="bbox 428 710 2547 801; baseline -0.002 -20"><span class='ocrx_word' id='word_1_21' title='bbox 428 740 448 772; x_wconf 72' lang='grc' dir='ltr'>ι</span> <span class='ocrx_word' id='word_1_22' title='bbox 612 713 831 780; x_wconf 83' lang='lat' dir='ltr'>Facile</span> <span class='ocrx_word' id='word_1_23' title='bbox 871 713 1170 801; x_wconf 80' lang='lat' dir='ltr'>perspexi</span> <span class='ocrx_word' id='word_1_24' title='bbox 1214 735 1294 778; x_wconf 88' lang='lat' dir='ltr'>ex</span> <span class='ocrx_word' id='word_1_25' title='bbox 1330 712 1456 778; x_wconf 90' lang='lat' dir='ltr'>tuis</span> <span class='ocrx_word' id='word_1_26' title='bbox 1499 710 1751 789; x_wconf 90' lang='lat' dir='ltr'>litteris,</span> <span class='ocrx_word' id='word_1_27' title='bbox 1804 710 2045 796; x_wconf 89' lang='lat' dir='ltr'>quods</span> <span class='ocrx_word' id='word_1_28' title='bbox 2013 735 2273 799; x_wconf 80' lang='lat' dir='ltr'>semper</span> <span class='ocrx_word' id='word_1_29' title='bbox 2304 711 2506 791; x_wconf 88' lang='lat' dir='ltr'>studui,</span> <span class='ocrx_word' id='word_1_30' title='bbox 2542 747 2547 753; x_wconf 89' lang='lat'>·</span> 
     </span>
     <span class='ocr_line' id='line_1_7' title="bbox 488 805 2504 895; baseline -0.003 -18.988"><span class='ocrx_word' id='word_1_31' title='bbox 488 824 548 876; x_wconf 76' lang='lat' dir='ltr'>et</span> <span class='ocrx_word' id='word_1_32' title='bbox 576 831 679 876; x_wconf 76' lang='lat' dir='ltr'>me</span> <span class='ocrx_word' id='word_1_33' title='bbox 706 832 745 876; x_wconf 82' lang='lat' dir='ltr'>a</span> <span class='ocrx_word' id='word_1_34' title='bbox 770 819 835 874; x_wconf 92' lang='lat' dir='ltr'>te</span> <span class='ocrx_word' id='word_1_35' title='bbox 859 807 1120 895; x_wconf 87' lang='lat' dir='ltr'>plurimi</span> <span class='ocrx_word' id='word_1_36' title='bbox 1144 807 1282 872; x_wconf 92' lang='lat' dir='ltr'>fieri</span> <span class='ocrx_word' id='word_1_37' title='bbox 1308 817 1371 872; x_wconf 92' lang='lat' dir='ltr'>et</span> <span class='ocrx_word' id='word_1_38' title='bbox 1406 817 1471 872; x_wconf 92' lang='lat' dir='ltr'>te</span> <span class='ocrx_word' id='word_1_39' title='bbox 1505 805 1896 893; x_wconf 82' lang='lat' dir='ltr'>intellegere,</span> <span class='ocrx_word' id='word_1_40' title='bbox 1933 828 2136 891; x_wconf 89' lang='lat' dir='ltr'>quam</span> <span class='ocrx_word' id='word_1_41' title='bbox 2171 805 2329 872; x_wconf 86' lang='lat' dir='ltr'>mihi</span> <span class='ocrx_word' id='word_1_42' title='bbox 2353 829 2504 872; x_wconf 86' lang='lat' dir='ltr'>carus</span> 
     </span>
     <span class='ocr_line' id='line_1_8' title="bbox 488 900 2506 988; baseline -0.001 -20"><span class='ocrx_word' id='word_1_43' title='bbox 488 928 685 982; x_wconf 55' lang='lat' dir='ltr'>essem</span> <span class='ocrx_word' id='word_1_44' title='bbox 712 903 887 988; x_wconf 90' lang='lat' dir='ltr'>quod</span> <span class='ocrx_word' id='word_1_45' title='bbox 914 902 1216 988; x_wconf 88' lang='lat' dir='ltr'>quoniam</span> <span class='ocrx_word' id='word_1_46' title='bbox 1241 913 1510 986; x_wconf 90' lang='lat' dir='ltr'>uterque</span> <span class='ocrx_word' id='word_1_47' title='bbox 1528 912 1816 966; x_wconf 88' lang='lat' dir='ltr'>nostrum</span> <span class='ocrx_word' id='word_1_48' title='bbox 1847 911 2236 967; x_wconf 89' lang='lat' dir='ltr'>consecutus</span> <span class='ocrx_word' id='word_1_49' title='bbox 2256 909 2368 978; x_wconf 90' lang='lat' dir='ltr'>est,</span> <span class='ocrx_word' id='word_1_50' title='bbox 2392 900 2506 967; x_wconf 82' lang='lat' dir='ltr'>reli-</span> 
     </span>
     <span class='ocr_line' id='line_1_9' title="bbox 488 993 2504 1080; baseline -0.001 -20"><span class='ocrx_word' id='word_1_51' title='bbox 488 1019 687 1080; x_wconf 73' lang='lat' dir='ltr'>quum</span> <span class='ocrx_word' id='word_1_52' title='bbox 705 1008 801 1063; x_wconf 89' lang='lat' dir='ltr'>est</span> <span class='ocrx_word' id='word_1_53' title='bbox 818 1007 891 1061; x_wconf 90' lang='lat' dir='ltr'>ut</span> <span class='ocrx_word' id='word_1_54' title='bbox 911 995 1137 1062; x_wconf 84' lang='lat' dir='ltr'>officiis</span> <span class='ocrx_word' id='word_1_55' title='bbox 1156 1005 1471 1061; x_wconf 79' lang='lat' dir='ltr'>certemus</span> <span class='ocrx_word' id='word_1_56' title='bbox 1488 993 1654 1060; x_wconf 86' lang='lat' dir='ltr'>inter</span> <span class='ocrx_word' id='word_1_57' title='bbox 1676 1015 1816 1071; x_wconf 91' lang='lat' dir='ltr'>nos,</span> <span class='ocrx_word' id='word_1_58' title='bbox 1836 994 2074 1078; x_wconf 87' lang='lat' dir='ltr'>quibus</span> <span class='ocrx_word' id='word_1_59' title='bbox 2094 1015 2305 1079; x_wconf 88' lang='lat' dir='ltr'>aequo</span> <span class='ocrx_word' id='word_1_60' title='bbox 2330 994 2504 1059; x_wconf 88' lang='lat' dir='ltr'>animo</span> 
     </span>
     <span class='ocr_line' id='line_1_10' title="bbox 492 1087 2505 1157; baseline -0.001 -5"><span class='ocrx_word' id='word_1_61' title='bbox 492 1092 588 1156; x_wconf 64' lang='lat' dir='ltr'>vel</span> <span class='ocrx_word' id='word_1_62' title='bbox 618 1090 869 1156; x_wconf 80' lang='lat' dir='ltr'>vineam</span> <span class='ocrx_word' id='word_1_63' title='bbox 894 1101 959 1157; x_wconf 89' lang='lat' dir='ltr'>te</span> <span class='ocrx_word' id='word_1_64' title='bbox 985 1089 1087 1155; x_wconf 86' lang='lat' dir='ltr'>vel</span> <span class='ocrx_word' id='word_1_65' title='bbox 1115 1089 1335 1154; x_wconf 85' lang='lat' dir='ltr'>vincar</span> <span class='ocrx_word' id='word_1_66' title='bbox 1362 1089 1477 1153; x_wconf 88' lang='lat' dir='ltr'>abs</span> <span class='ocrx_word' id='word_1_67' title='bbox 1512 1098 1595 1153; x_wconf 90' lang='lat' dir='ltr'>te.</span> <span class='ocrx_word' id='word_1_68' title='bbox 1648 1087 1862 1154; x_wconf 89' lang='lat' dir='ltr'>Acilio</span> <span class='ocrx_word' id='word_1_69' title='bbox 1893 1109 2026 1153; x_wconf 89' lang='lat' dir='ltr'>non</span> <span class='ocrx_word' id='word_1_70' title='bbox 2055 1088 2260 1154; x_wconf 74' lang='lat' dir='ltr'>fiiisse</span> <span class='ocrx_word' id='word_1_71' title='bbox 2286 1108 2505 1154; x_wconf 81' lang='lat' dir='ltr'>necesse</span> 
     </span>
    </p>

    <p class='ocr_par' dir='ltr' id='par_1_5' title="bbox 428 1179 2510 2023">
     <span class='ocr_line' id='line_1_11' title="bbox 489 1179 2505 1268; baseline 0 -24"><span class='ocrx_word' id='word_1_72' title='bbox 489 1207 659 1252; x_wconf 71' lang='lat' dir='ltr'>meas</span> <span class='ocrx_word' id='word_1_73' title='bbox 705 1184 844 1248; x_wconf 88' lang='lat' dir='ltr'>dari</span> <span class='ocrx_word' id='word_1_74' title='bbox 883 1183 1124 1248; x_wconf 79' lang='lat' dir='ltr'>litteras</span> <span class='ocrx_word' id='word_1_75' title='bbox 1166 1182 1355 1248; x_wconf 80' lang='lat' dir='ltr'>facile</span> <span class='ocrx_word' id='word_1_76' title='bbox 1399 1181 1635 1267; x_wconf 82' lang='lat' dir='ltr'>patior3</span> <span class='ocrx_word' id='word_1_77' title='bbox 1684 1179 1952 1267; x_wconf 79' lang='lat' dir='ltr'>Sulpicii</span> <span class='ocrx_word' id='word_1_78' title='bbox 1995 1179 2119 1250; x_wconf 82' lang='lat' dir='ltr'>tibi</span> <span class='ocrx_word' id='word_1_79' title='bbox 2155 1202 2406 1268; x_wconf 77' lang='lat' dir='ltr'>operam</span> <span class='ocrx_word' id='word_1_80' title='bbox 2431 1179 2505 1244; x_wconf 86' lang='lat' dir='ltr'>in·</span> 
     </span>
     <span class='ocr_line' id='line_1_12' title="bbox 490 1274 2508 1365; baseline -0.004 -21"><span class='ocrx_word' id='word_1_81' title='bbox 490 1280 717 1365; x_wconf 68' lang='lat' dir='ltr'>rellego</span> <span class='ocrx_word' id='word_1_82' title='bbox 761 1301 842 1343; x_wconf 88' lang='lat' dir='ltr'>ex</span> <span class='ocrx_word' id='word_1_83' title='bbox 887 1274 1014 1341; x_wconf 87' lang='lat' dir='ltr'>tuis</span> <span class='ocrx_word' id='word_1_84' title='bbox 1065 1275 1290 1341; x_wconf 87' lang='lat' dir='ltr'>litteris</span> <span class='ocrx_word' id='word_1_85' title='bbox 1333 1297 1465 1340; x_wconf 91' lang='lat' dir='ltr'>non</span> <span class='ocrx_word' id='word_1_86' title='bbox 1507 1275 1782 1340; x_wconf 88' lang='lat' dir='ltr'>multum</span> <span class='ocrx_word' id='word_1_87' title='bbox 1830 1299 1992 1362; x_wconf 87' lang='lat' dir='ltr'>opus</span> <span class='ocrx_word' id='word_1_88' title='bbox 2038 1276 2246 1342; x_wconf 84' lang='lat' dir='ltr'>fuisse</span> <span class='ocrx_word' id='word_1_89' title='bbox 2290 1283 2508 1361; x_wconf 87' lang='lat' dir='ltr'>propter</span> 
     </span>
     <span class='ocr_line' id='line_1_13' title="bbox 488 1368 2506 1455; baseline -0.002 -19"><span class='ocrx_word' id='word_1_90' title='bbox 488 1392 628 1436; x_wconf 77' lang='lat' dir='ltr'>tuas</span> <span class='ocrx_word' id='word_1_91' title='bbox 663 1394 765 1438; x_wconf 89' lang='lat' dir='ltr'>res</span> <span class='ocrx_word' id='word_1_92' title='bbox 798 1371 890 1435; x_wconf 89' lang='lat' dir='ltr'>ita</span> <span class='ocrx_word' id='word_1_93' title='bbox 923 1380 1309 1449; x_wconf 88' lang='lat' dir='ltr'>contractas,</span> <span class='ocrx_word' id='word_1_94' title='bbox 1345 1381 1446 1448; x_wconf 89' lang='lat' dir='ltr'>ut,</span> <span class='ocrx_word' id='word_1_95' title='bbox 1481 1392 1674 1455; x_wconf 89' lang='lat' dir='ltr'>quem</span> <span class='ocrx_word' id='word_1_96' title='bbox 1712 1370 1795 1435; x_wconf 88' lang='lat' dir='ltr'>ad</span> <span class='ocrx_word' id='word_1_97' title='bbox 1830 1370 2101 1436; x_wconf 90' lang='lat' dir='ltr'>modum</span> <span class='ocrx_word' id='word_1_98' title='bbox 2137 1368 2383 1446; x_wconf 85' lang='lat' dir='ltr'>scribis,</span> <span class='ocrx_word' id='word_1_99' title='bbox 2412 1388 2506 1432; x_wconf 85' lang='lat' dir='ltr'>nec</span> 
     </span>
     <span class='ocr_line' id='line_1_14' title="bbox 488 1463 2510 1552; baseline -0.002 -24"><span class='ocrx_word' id='word_1_100' title='bbox 488 1476 679 1552; x_wconf 60' lang='lat' dir='ltr'>caput</span> <span class='ocrx_word' id='word_1_101' title='bbox 710 1485 831 1531; x_wconf 87' lang='lat' dir='ltr'>nec</span> <span class='ocrx_word' id='word_1_102' title='bbox 863 1464 1087 1550; x_wconf 82' lang='lat' dir='ltr'>pedes:</span> <span class='ocrx_word' id='word_1_103' title='bbox 1126 1464 1424 1549; x_wconf 87' lang='lat' dir='ltr'>equidem</span> <span class='ocrx_word' id='word_1_104' title='bbox 1458 1464 1689 1530; x_wconf 82' lang='lat' dir='ltr'>vellem</span> <span class='ocrx_word' id='word_1_105' title='bbox 1724 1465 1819 1530; x_wconf 86' lang='lat' dir='ltr'>uti</span> <span class='ocrx_word' id='word_1_106' title='bbox 1853 1464 2056 1551; x_wconf 87' lang='lat' dir='ltr'>pedes</span> <span class='ocrx_word' id='word_1_107' title='bbox 2091 1463 2419 1540; x_wconf 87' lang='lat' dir='ltr'>haberent,</span> <span class='ocrx_word' id='word_1_108' title='bbox 2455 1470 2510 1525; x_wconf 86' lang='lat' dir='ltr'>ut</span> 
     </span>
     <span class='ocr_line' id='line_1_15' title="bbox 488 1552 2505 1644; baseline -0.003 -20"><span class='ocrx_word' id='word_1_109' title='bbox 488 1559 829 1644; x_wconf 74' lang='lat' dir='ltr'>aliquando</span> <span class='ocrx_word' id='word_1_110' title='bbox 880 1559 1137 1625; x_wconf 82' lang='lat' dir='ltr'>redires.</span> <span class='ocrx_word' id='word_1_111' title='bbox 1246 1559 1424 1625; x_wconf 86' lang='lat' dir='ltr'>vides</span> <span class='ocrx_word' id='word_1_112' title='bbox 1479 1558 1648 1624; x_wconf 89' lang='lat' dir='ltr'>enim</span> <span class='ocrx_word' id='word_1_113' title='bbox 1695 1559 2021 1625; x_wconf 81' lang='lat' dir='ltr'>exaruisse</span> <span class='ocrx_word' id='word_1_114' title='bbox 2078 1552 2213 1625; x_wconf 86' lang='lat' dir='ltr'>iam</span> <span class='ocrx_word' id='word_1_115' title='bbox 2264 1569 2505 1624; x_wconf 82' lang='lat' dir='ltr'>veterem</span> 
     </span>
     <span class='ocr_line' id='line_1_16' title="bbox 488 1646 2506 1740; baseline -0.001 -24"><span class='ocrx_word' id='word_1_116' title='bbox 488 1655 931 1731; x_wconf 74' lang='lat' dir='ltr'>urbanitatem,</span> <span class='ocrx_word' id='word_1_117' title='bbox 968 1664 1041 1719; x_wconf 88' lang='lat' dir='ltr'>ut</span> <span class='ocrx_word' id='word_1_118' title='bbox 1074 1653 1472 1739; x_wconf 85' lang='lat' dir='ltr'>Pomponius</span> <span class='ocrx_word' id='word_1_119' title='bbox 1505 1663 1720 1718; x_wconf 88' lang='lat' dir='ltr'>noster</span> <span class='ocrx_word' id='word_1_120' title='bbox 1755 1675 1870 1718; x_wconf 87' lang='lat' dir='ltr'>suo</span> <span class='ocrx_word' id='word_1_121' title='bbox 1898 1653 2042 1719; x_wconf 90' lang='lat' dir='ltr'>iure</span> <span class='ocrx_word' id='word_1_122' title='bbox 2069 1646 2284 1740; x_wconf 61' lang='lat' dir='ltr'>&#39;possit</span> <span class='ocrx_word' id='word_1_123' title='bbox 2315 1650 2506 1724; x_wconf 86' lang='lat' dir='ltr'>dicere,</span> 
     </span>
     <span class='ocr_line' id='line_1_17' title="bbox 488 1743 2504 1834; baseline -0.001 -22"><span class='ocrx_word' id='word_1_124' title='bbox 488 1756 504 1780; x_wconf 63' lang='lat'>⁸</span> <span class='ocrx_word' id='word_1_125' title='bbox 520 1748 638 1812; x_wconf 74' lang='lat' dir='ltr'>nisi</span> <span class='ocrx_word' id='word_1_126' title='bbox 678 1769 796 1813; x_wconf 89' lang='lat' dir='ltr'>nos</span> <span class='ocrx_word' id='word_1_127' title='bbox 840 1747 1032 1834; x_wconf 88' lang='lat' dir='ltr'>pauci</span> <span class='ocrx_word' id='word_1_128' title='bbox 1074 1747 1461 1813; x_wconf 85' lang='lat' dir='ltr'>retineamus</span> <span class='ocrx_word' id='word_1_129' title='bbox 1511 1747 1782 1834; x_wconf 85' lang='lat' dir='ltr'>gloriam</span> <span class='ocrx_word' id='word_1_130' title='bbox 1833 1747 2174 1831; x_wconf 88' lang='lat' dir='ltr'>antiquam</span> <span class='ocrx_word' id='word_1_131' title='bbox 2219 1743 2504 1810; x_wconf 63' lang='lat' dir='ltr'>Atticam?</span> 
     </span>
     <span class='ocr_line' id='line_1_18' title="bbox 492 1841 2506 1929; baseline -0.003 -21"><span class='ocrx_word' id='word_1_132' title='bbox 492 1867 639 1928; x_wconf 70' lang='lat' dir='ltr'>ergo</span> <span class='ocrx_word' id='word_1_133' title='bbox 674 1842 729 1907; x_wconf 90' lang='lat' dir='ltr'>is</span> <span class='ocrx_word' id='word_1_134' title='bbox 763 1841 911 1919; x_wconf 91' lang='lat' dir='ltr'>tibi,</span> <span class='ocrx_word' id='word_1_135' title='bbox 947 1862 1065 1906; x_wconf 89' lang='lat' dir='ltr'>nos</span> <span class='ocrx_word' id='word_1_136' title='bbox 1101 1841 1161 1907; x_wconf 91' lang='lat' dir='ltr'>ei</span> <span class='ocrx_word' id='word_1_137' title='bbox 1197 1842 1618 1908; x_wconf 75' lang='lat' dir='ltr'>succedimus.</span> <span class='ocrx_word' id='word_1_138' title='bbox 1705 1842 1854 1908; x_wconf 83' lang='lat' dir='ltr'>veni</span> <span class='ocrx_word' id='word_1_139' title='bbox 1889 1842 2123 1929; x_wconf 83' lang='lat' dir='ltr'>igitur,</span> <span class='ocrx_word' id='word_1_140' title='bbox 2163 1861 2414 1927; x_wconf 80' lang='lat' dir='ltr'>quaeso,</span> <span class='ocrx_word' id='word_1_141' title='bbox 2444 1859 2506 1902; x_wconf 81' lang='lat' dir='ltr'>ne</span> 
     </span>
     <span class='ocr_line' id='line_1_19' title="bbox 488 1935 2424 2023; baseline 0 -26"><span class='ocrx_word' id='word_1_142' title='bbox 488 1952 700 2004; x_wconf 70' lang='lat' dir='ltr'>tamen</span> <span class='ocrx_word' id='word_1_143' title='bbox 736 1957 953 2002; x_wconf 88' lang='lat' dir='ltr'>semen</span> <span class='ocrx_word' id='word_1_144' title='bbox 988 1935 1366 2000; x_wconf 81' lang='lat' dir='ltr'>urbanitatis</span> <span class='ocrx_word' id='word_1_145' title='bbox 1402 1958 1534 2001; x_wconf 88' lang='lat' dir='ltr'>una</span> <span class='ocrx_word' id='word_1_146' title='bbox 1569 1958 1716 2001; x_wconf 88' lang='lat' dir='ltr'>cum</span> <span class='ocrx_word' id='word_1_147' title='bbox 1751 1959 1820 2002; x_wconf 94' lang='lat' dir='ltr'>re</span> <span class='ocrx_word' id='word_1_148' title='bbox 1854 1936 2123 2023; x_wconf 86' lang='lat' dir='ltr'>publica</span> <span class='ocrx_word' id='word_1_149' title='bbox 2156 1936 2424 2001; x_wconf 85' lang='lat' dir='ltr'>intereat.</span> 
     </span>
    </p>
   </div>
   <div class='ocr_carea' id='block_1_5' title="bbox 944 2157 2068 2442">
    <p class='ocr_par' dir='ltr' id='par_1_6' title="bbox 944 2157 2068 2442">
     <span class='ocr_line' id='line_1_20' title="bbox 1388 2157 1639 2224; baseline 0 0"><span class='ocrx_word' id='word_1_150' title='bbox 1388 2157 1639 2224; x_wconf 87' lang='lat' dir='ltr'>XXXII.</span> 
     </span>
     <span class='ocr_line' id='line_1_21' title="bbox 1236 2268 1775 2362; baseline 0.006 -37"><span class='ocrx_word' id='word_1_151' title='bbox 1236 2268 1354 2362; x_wconf 83' lang='lat' dir='ltr'>Scr.</span> <span class='ocrx_word' id='word_1_152' title='bbox 1377 2289 1524 2328; x_wconf 89' lang='lat' dir='ltr'>anno</span> <span class='ocrx_word' id='word_1_153' title='bbox 1542 2273 1775 2328; x_wconf 84' lang='lat' dir='ltr'>incerto.</span> 
     </span>
     <span class='ocr_line' id='line_1_22' title="bbox 944 2371 2068 2442; baseline 0.006 -16"><span class='ocrx_word' id='word_1_154' title='bbox 944 2371 1074 2442; x_wconf 90' lang='grc' dir='ltr'><strong>[Μ.]</strong></span> <span class='ocrx_word' id='word_1_155' title='bbox 1115 2371 1391 2430; x_wconf 82' lang='lat' dir='ltr'>CICERO</span> <span class='ocrx_word' id='word_1_156' title='bbox 1429 2373 1486 2430; x_wconf 90' lang='lat' dir='ltr'>S.</span> <span class='ocrx_word' id='word_1_157' title='bbox 1523 2374 1598 2429; x_wconf 92' lang='lat' dir='ltr'>D.</span> <span class='ocrx_word' id='word_1_158' title='bbox 1635 2375 2068 2434; x_wconf 85' lang='lat' dir='ltr'><strong>VOLUMNIO.</strong></span> 
     </span>
    </p>
   </div>
   <div class='ocr_carea' id='block_1_6' title="bbox 420 2493 2500 4090">
    <p class='ocr_par' dir='ltr' id='par_1_7' title="bbox 428 2493 2500 3433">
     <span class='ocr_line' id='line_1_23' title="bbox 428 2493 2499 2580; baseline 0.002 -22"><span class='ocrx_word' id='word_1_159' title='bbox 428 2516 443 2548; x_wconf 93' lang='lat'>1</span> <span class='ocrx_word' id='word_1_160' title='bbox 612 2493 807 2577; x_wconf 83' lang='lat' dir='ltr'>Quod</span> <span class='ocrx_word' id='word_1_161' title='bbox 853 2494 987 2560; x_wconf 90' lang='lat' dir='ltr'>sinc</span> <span class='ocrx_word' id='word_1_162' title='bbox 1032 2495 1444 2580; x_wconf 84' lang='lat' dir='ltr'>praenomine</span> <span class='ocrx_word' id='word_1_163' title='bbox 1497 2496 1921 2578; x_wconf 84' lang='lat' dir='ltr'>familiariter,</span> <span class='ocrx_word' id='word_1_164' title='bbox 1973 2511 2050 2565; x_wconf 92' lang='lat' dir='ltr'>ut</span> <span class='ocrx_word' id='word_1_165' title='bbox 2094 2499 2391 2573; x_wconf 88' lang='lat' dir='ltr'>debebas,</span> <span class='ocrx_word' id='word_1_166' title='bbox 2436 2493 2499 2557; x_wconf 84' lang='lat' dir='ltr'>ad</span> 
     </span>
     <span class='ocr_line' id='line_1_24' title="bbox 488 2588 2500 2675; baseline 0.001 -23"><span class='ocrx_word' id='word_1_167' title='bbox 488 2612 584 2656; x_wconf 72' lang='lat' dir='ltr'>me</span> <span class='ocrx_word' id='word_1_168' title='bbox 624 2588 963 2675; x_wconf 15' lang='lat' dir='ltr'>epistolam,</span> <span class='ocrx_word' id='word_1_169' title='bbox 990 2589 1239 2667; x_wconf 86' lang='lat' dir='ltr'>misisti,</span> <span class='ocrx_word' id='word_1_170' title='bbox 1274 2590 1553 2675; x_wconf 88' lang='lat' dir='ltr'>primum</span> <span class='ocrx_word' id='word_1_171' title='bbox 1588 2591 1982 2669; x_wconf 85' lang='lat' dir='ltr'>addubitavi,</span> <span class='ocrx_word' id='word_1_172' title='bbox 2020 2617 2180 2660; x_wconf 90' lang='lat' dir='ltr'>num</span> <span class='ocrx_word' id='word_1_173' title='bbox 2205 2617 2245 2658; x_wconf 89' lang='lat' dir='ltr'>a</span> <span class='ocrx_word' id='word_1_174' title='bbox 2267 2591 2500 2659; x_wconf 88' lang='lat' dir='ltr'>Volum-</span> 
     </span>
     <span class='ocr_line' id='line_1_25' title="bbox 484 2681 2499 2773; baseline 0 -25"><span class='ocrx_word' id='word_1_175' title='bbox 484 2684 588 2748; x_wconf 73' lang='lat' dir='ltr'>nio</span> <span class='ocrx_word' id='word_1_176' title='bbox 624 2694 914 2750; x_wconf 80' lang='lat' dir='ltr'>senatore</span> <span class='ocrx_word' id='word_1_177' title='bbox 944 2694 1129 2759; x_wconf 90' lang='lat' dir='ltr'>esset,</span> <span class='ocrx_word' id='word_1_178' title='bbox 1167 2707 1443 2768; x_wconf 91' lang='lat' dir='ltr'>quocum</span> <span class='ocrx_word' id='word_1_179' title='bbox 1469 2684 1626 2750; x_wconf 89' lang='lat' dir='ltr'>mihi</span> <span class='ocrx_word' id='word_1_180' title='bbox 1653 2697 1750 2752; x_wconf 91' lang='lat' dir='ltr'>est</span> <span class='ocrx_word' id='word_1_181' title='bbox 1783 2710 2058 2773; x_wconf 85' lang='lat' dir='ltr'>magnus</span> <span class='ocrx_word' id='word_1_182' title='bbox 2087 2709 2272 2765; x_wconf 85' lang='lat' dir='ltr'>usus3</span> <span class='ocrx_word' id='word_1_183' title='bbox 2307 2681 2499 2750; x_wconf 83' lang='lat' dir='ltr'>deinde</span> 
     </span>
     <span class='ocr_line' id='line_1_26' title="bbox 484 2776 2496 2867; baseline 0.005 -27"><span class='ocrx_word' id='word_1_184' title='bbox 484 2776 879 2864; x_wconf 64' lang='grc' dir='ltr'>ειῗτραπελία</span> <span class='ocrx_word' id='word_1_185' title='bbox 930 2777 1282 2844; x_wconf 85' lang='lat' dir='ltr'>litterarum</span> <span class='ocrx_word' id='word_1_186' title='bbox 1333 2778 1487 2845; x_wconf 83' lang='lat' dir='ltr'>fecit</span> <span class='ocrx_word' id='word_1_187' title='bbox 1539 2790 1612 2844; x_wconf 89' lang='lat' dir='ltr'>ut</span> <span class='ocrx_word' id='word_1_188' title='bbox 1670 2780 2112 2867; x_wconf 85' lang='lat' dir='ltr'>intellegerem</span> <span class='ocrx_word' id='word_1_189' title='bbox 2171 2793 2312 2848; x_wconf 87' lang='lat' dir='ltr'>tuas</span> <span class='ocrx_word' id='word_1_190' title='bbox 2360 2797 2496 2850; x_wconf 79' lang='lat' dir='ltr'>esse3</span> 
     </span>
     <span class='ocr_line' id='line_1_27' title="bbox 480 2871 2499 2960; baseline -0 -24"><span class='ocrx_word' id='word_1_191' title='bbox 480 2876 711 2956; x_wconf 69' lang='lat' dir='ltr'>quibus</span> <span class='ocrx_word' id='word_1_192' title='bbox 746 2873 815 2937; x_wconf 89' lang='lat' dir='ltr'>in</span> <span class='ocrx_word' id='word_1_193' title='bbox 858 2873 1082 2938; x_wconf 87' lang='lat' dir='ltr'>litteris</span> <span class='ocrx_word' id='word_1_194' title='bbox 1118 2873 1334 2938; x_wconf 88' lang='lat' dir='ltr'>omnia</span> <span class='ocrx_word' id='word_1_195' title='bbox 1366 2871 1524 2939; x_wconf 89' lang='lat' dir='ltr'>mihi</span> <span class='ocrx_word' id='word_1_196' title='bbox 1558 2875 1958 2960; x_wconf 84' lang='lat' dir='ltr'>periucunda</span> <span class='ocrx_word' id='word_1_197' title='bbox 1992 2877 2254 2943; x_wconf 83' lang='lat' dir='ltr'>fuerunt</span> <span class='ocrx_word' id='word_1_198' title='bbox 2283 2881 2499 2960; x_wconf 85' lang='lat' dir='ltr'>praeter</span> 
     </span>
     <span class='ocr_line' id='line_1_28' title="bbox 480 2966 2497 3057; baseline 0.001 -29"><span class='ocrx_word' id='word_1_199' title='bbox 480 2968 656 3042; x_wconf 81' lang='lat' dir='ltr'>illud,</span> <span class='ocrx_word' id='word_1_200' title='bbox 692 2966 864 3049; x_wconf 92' lang='lat' dir='ltr'>quod</span> <span class='ocrx_word' id='word_1_201' title='bbox 898 2989 1126 3051; x_wconf 86' lang='lat' dir='ltr'>parum</span> <span class='ocrx_word' id='word_1_202' title='bbox 1153 2967 1492 3057; x_wconf 54' lang='lat' dir='ltr'>diligenter</span> <span class='ocrx_word' id='word_1_203' title='bbox 1525 2970 1845 3055; x_wconf 88' lang='lat' dir='ltr'>possessio</span> <span class='ocrx_word' id='word_1_204' title='bbox 1873 2970 2222 3036; x_wconf 85' lang='lat' dir='ltr'>salinarum</span> <span class='ocrx_word' id='word_1_205' title='bbox 2249 2982 2497 3034; x_wconf 84' lang='lat' dir='ltr'>mearum</span> 
     </span>
     <span class='ocr_line' id='line_1_29' title="bbox 480 3057 2495 3152; baseline 0.002 -28"><span class='ocrx_word' id='word_1_206' title='bbox 480 3084 519 3124; x_wconf 70' lang='lat' dir='ltr'>a</span> <span class='ocrx_word' id='word_1_207' title='bbox 556 3072 616 3124; x_wconf 67' lang='lat' dir='ltr'>te</span> <span class='ocrx_word' id='word_1_208' title='bbox 650 3071 1059 3146; x_wconf 85' lang='lat' dir='ltr'>procuratore</span> <span class='ocrx_word' id='word_1_209' title='bbox 1095 3061 1483 3128; x_wconf 83' lang='lat' dir='ltr'>defenditur:</span> <span class='ocrx_word' id='word_1_210' title='bbox 1522 3063 1615 3129; x_wconf 89' lang='lat' dir='ltr'>ais</span> <span class='ocrx_word' id='word_1_211' title='bbox 1642 3065 1830 3140; x_wconf 92' lang='lat' dir='ltr'>enim,</span> <span class='ocrx_word' id='word_1_212' title='bbox 1868 3076 1939 3130; x_wconf 91' lang='lat' dir='ltr'>ut</span> <span class='ocrx_word' id='word_1_213' title='bbox 1965 3087 2090 3152; x_wconf 84' lang='lat' dir='ltr'>ego</span> <span class='ocrx_word' id='word_1_214' title='bbox 2118 3057 2495 3131; x_wconf 76' lang='lat' dir='ltr'>discesserim,</span> 
     </span>
     <span class='ocr_line' id='line_1_30' title="bbox 484 3153 2495 3235; baseline 0.003 -20"><span class='ocrx_word' id='word_1_215' title='bbox 484 3153 693 3220; x_wconf 73' lang='lat' dir='ltr'>munia</span> <span class='ocrx_word' id='word_1_216' title='bbox 728 3155 1015 3221; x_wconf 90' lang='lat' dir='ltr'>omnium</span> <span class='ocrx_word' id='word_1_217' title='bbox 1050 3155 1245 3234; x_wconf 87' lang='lat' dir='ltr'>dicta,</span> <span class='ocrx_word' id='word_1_218' title='bbox 1281 3156 1351 3222; x_wconf 90' lang='lat' dir='ltr'>in</span> <span class='ocrx_word' id='word_1_219' title='bbox 1384 3156 1485 3222; x_wconf 89' lang='lat' dir='ltr'>his</span> <span class='ocrx_word' id='word_1_220' title='bbox 1529 3157 1722 3223; x_wconf 83' lang='lat' dir='ltr'>etiam</span> <span class='ocrx_word' id='word_1_221' title='bbox 1758 3157 2086 3235; x_wconf 85' lang='lat' dir='ltr'>Sestiana,</span> <span class='ocrx_word' id='word_1_222' title='bbox 2131 3160 2199 3224; x_wconf 90' lang='lat' dir='ltr'>in</span> <span class='ocrx_word' id='word_1_223' title='bbox 2235 3177 2333 3222; x_wconf 86' lang='lat' dir='ltr'>me</span> <span class='ocrx_word' id='word_1_224' title='bbox 2373 3171 2495 3216; x_wconf 81' lang='lat'><strong>0011·</strong></span> 
     </span>
     <span class='ocr_line' id='line_1_31' title="bbox 484 3238 2494 3336; baseline 0 -24"><span class='ocrx_word' id='word_1_225' title='bbox 484 3252 647 3314; x_wconf 60' lang='lat' dir='ltr'>ferri.</span> <span class='ocrx_word' id='word_1_226' title='bbox 693 3249 886 3334; x_wconf 77' lang='lat' dir='ltr'>quid?</span> <span class='ocrx_word' id='word_1_227' title='bbox 921 3261 992 3315; x_wconf 85' lang='lat' dir='ltr'>tu</span> <span class='ocrx_word' id='word_1_228' title='bbox 1025 3250 1091 3314; x_wconf 87' lang='lat' dir='ltr'>id</span> <span class='ocrx_word' id='word_1_229' title='bbox 1126 3251 1402 3336; x_wconf 77' lang='lat' dir='ltr'>pateris?</span> <span class='ocrx_word' id='word_1_230' title='bbox 1436 3273 1566 3317; x_wconf 89' lang='lat' dir='ltr'>non</span> <span class='ocrx_word' id='word_1_231' title='bbox 1599 3275 1694 3317; x_wconf 84' lang='lat' dir='ltr'>me</span> <span class='ocrx_word' id='word_1_232' title='bbox 1729 3252 2058 3318; x_wconf 83' lang='lat' dir='ltr'>defendis?</span> <span class='ocrx_word' id='word_1_233' title='bbox 2092 3274 2222 3317; x_wconf 91' lang='lat' dir='ltr'>non</span> <span class='ocrx_word' id='word_1_234' title='bbox 2248 3238 2494 3318; x_wconf 74' lang='lat' dir='ltr'>resistis?</span> 
     </span>
     <span class='ocr_line' id='line_1_32' title="bbox 484 3339 2493 3433; baseline 0 -25"><span class='ocrx_word' id='word_1_235' title='bbox 484 3341 777 3424; x_wconf 71' lang='lat' dir='ltr'>squidem</span> <span class='ocrx_word' id='word_1_236' title='bbox 814 3343 1151 3429; x_wconf 85' lang='lat' dir='ltr'>sperabam</span> <span class='ocrx_word' id='word_1_237' title='bbox 1184 3345 1276 3410; x_wconf 89' lang='lat' dir='ltr'>ita</span> <span class='ocrx_word' id='word_1_238' title='bbox 1307 3355 1529 3410; x_wconf 84' lang='lat' dir='ltr'>notata</span> <span class='ocrx_word' id='word_1_239' title='bbox 1561 3368 1665 3412; x_wconf 91' lang='lat' dir='ltr'>me</span> <span class='ocrx_word' id='word_1_240' title='bbox 1693 3340 2027 3430; x_wconf 87' lang='lat' dir='ltr'>reliquisse</span> <span class='ocrx_word' id='word_1_241' title='bbox 2062 3366 2297 3433; x_wconf 87' lang='lat' dir='ltr'>genera</span> <span class='ocrx_word' id='word_1_242' title='bbox 2326 3339 2493 3404; x_wconf 68' lang='lat' dir='ltr'>dioto·</span> 
     </span>
    </p>

    <p class='ocr_par' dir='ltr' id='par_1_8' title="bbox 420 3435 2493 4090">
     <span class='ocr_line' id='line_1_33' title="bbox 420 3435 2493 3527; baseline 0.002 -29"><span class='ocrx_word' id='word_1_243' title='bbox 420 3452 440 3484; x_wconf 54' lang='grc' dir='ltr'>Ἰ</span> <span class='ocrx_word' id='word_1_244' title='bbox 480 3460 620 3500; x_wconf 66' lang='lat' dir='ltr'>ium</span> <span class='ocrx_word' id='word_1_245' title='bbox 652 3458 962 3513; x_wconf 88' lang='lat' dir='ltr'>meorum,</span> <span class='ocrx_word' id='word_1_246' title='bbox 999 3448 1072 3502; x_wconf 90' lang='lat' dir='ltr'>ut</span> <span class='ocrx_word' id='word_1_247' title='bbox 1103 3439 1406 3524; x_wconf 87' lang='lat' dir='ltr'>cognosci</span> <span class='ocrx_word' id='word_1_248' title='bbox 1443 3463 1560 3505; x_wconf 87' lang='lat' dir='ltr'>sua</span> <span class='ocrx_word' id='word_1_249' title='bbox 1595 3451 1820 3525; x_wconf 89' lang='lat' dir='ltr'>sponte</span> <span class='ocrx_word' id='word_1_250' title='bbox 1856 3451 2135 3527; x_wconf 84' lang='lat' dir='ltr'>possent.</span> <span class='ocrx_word' id='word_1_251' title='bbox 2225 3435 2332 3502; x_wconf 88' lang='lat' dir='ltr'>sed</span> <span class='ocrx_word' id='word_1_252' title='bbox 2362 3449 2493 3515; x_wconf 75' lang='lat' dir='ltr'>quo·</span> 
     </span>
     <span class='ocr_line' id='line_1_34' title="bbox 480 3529 2487 3612; baseline 0.004 -20"><span class='ocrx_word' id='word_1_253' title='bbox 480 3532 649 3596; x_wconf 77' lang='lat' dir='ltr'>niam</span> <span class='ocrx_word' id='word_1_254' title='bbox 692 3541 871 3596; x_wconf 88' lang='lat' dir='ltr'>tanta</span> <span class='ocrx_word' id='word_1_255' title='bbox 912 3531 1062 3596; x_wconf 82' lang='lat' dir='ltr'>&#39;faex</span> <span class='ocrx_word' id='word_1_256' title='bbox 1106 3543 1204 3597; x_wconf 91' lang='lat' dir='ltr'>est</span> <span class='ocrx_word' id='word_1_257' title='bbox 1246 3531 1315 3600; x_wconf 87' lang='lat' dir='ltr'>in</span> <span class='ocrx_word' id='word_1_258' title='bbox 1350 3534 1539 3611; x_wconf 89' lang='lat' dir='ltr'>urbe,</span> <span class='ocrx_word' id='word_1_259' title='bbox 1585 3545 1658 3600; x_wconf 87' lang='lat' dir='ltr'>ut</span> <span class='ocrx_word' id='word_1_260' title='bbox 1691 3533 1850 3600; x_wconf 88' lang='lat' dir='ltr'>nihil</span> <span class='ocrx_word' id='word_1_261' title='bbox 1885 3545 2018 3601; x_wconf 86' lang='lat' dir='ltr'>tam</span> <span class='ocrx_word' id='word_1_262' title='bbox 2055 3534 2137 3602; x_wconf 86' lang='lat' dir='ltr'>sit</span> <span class='ocrx_word' id='word_1_263' title='bbox 2171 3529 2487 3612; x_wconf 60' lang='grc' dir='ltr'>ἆκύθηρθν</span> 
     </span>
     <span class='ocr_line' id='line_1_35' title="bbox 476 3620 2490 3716; baseline -0.003 -28"><span class='ocrx_word' id='word_1_264' title='bbox 476 3624 648 3704; x_wconf 67' lang='lat' dir='ltr'>quad</span> <span class='ocrx_word' id='word_1_265' title='bbox 681 3646 812 3689; x_wconf 90' lang='lat' dir='ltr'>non</span> <span class='ocrx_word' id='word_1_266' title='bbox 856 3624 1046 3690; x_wconf 88' lang='lat' dir='ltr'>alicui</span> <span class='ocrx_word' id='word_1_267' title='bbox 1088 3638 1430 3691; x_wconf 85' lang='lat' dir='ltr'>venustum</span> <span class='ocrx_word' id='word_1_268' title='bbox 1465 3649 1606 3694; x_wconf 89' lang='lat' dir='ltr'>esse</span> <span class='ocrx_word' id='word_1_269' title='bbox 1646 3628 1974 3707; x_wconf 86' lang='lat' dir='ltr'>videatur,</span> <span class='ocrx_word' id='word_1_270' title='bbox 2025 3650 2270 3716; x_wconf 82' lang='lat' dir='ltr'>pugna,</span> <span class='ocrx_word' id='word_1_271' title='bbox 2319 3620 2371 3688; x_wconf 90' lang='lat' dir='ltr'>si</span> <span class='ocrx_word' id='word_1_272' title='bbox 2407 3634 2490 3682; x_wconf 80' lang='lat' dir='ltr'>me</span> 
     </span>
     <span class='ocr_line' id='line_1_36' title="bbox 480 3704 2489 3809; baseline 0.003 -30.048"><span class='ocrx_word' id='word_1_273' title='bbox 480 3738 652 3781; x_wconf 65' lang='lat' dir='ltr'>fimas</span> <span class='ocrx_word' id='word_1_274' title='bbox 663 3764 682 3795; x_wconf 88' lang='grc'><em>,</em></span> <span class='ocrx_word' id='word_1_275' title='bbox 718 3717 842 3783; x_wconf 88' lang='lat' dir='ltr'>nisi</span> <span class='ocrx_word' id='word_1_276' title='bbox 876 3728 1067 3782; x_wconf 88' lang='lat' dir='ltr'>acuta</span> <span class='ocrx_word' id='word_1_277' title='bbox 1104 3712 1506 3806; x_wconf 72' lang='grc' dir='ltr'>ἀμφιβολία,</span> <span class='ocrx_word' id='word_1_278' title='bbox 1556 3721 1680 3786; x_wconf 89' lang='lat' dir='ltr'>nisi</span> <span class='ocrx_word' id='word_1_279' title='bbox 1714 3722 1975 3809; x_wconf 83' lang='lat' dir='ltr'>elegans</span> <span class='ocrx_word' id='word_1_280' title='bbox 2011 3715 2356 3809; x_wconf 73' lang='grc' dir='ltr'><em>ὑπερβολή,</em></span> <span class='ocrx_word' id='word_1_281' title='bbox 2389 3704 2489 3774; x_wconf 73' lang='lat' dir='ltr'>nim</span> 
     </span>
     <span class='ocr_line' id='line_1_37' title="bbox 480 3807 2483 3916; baseline 0.004 -44.085"><span class='ocrx_word' id='word_1_282' title='bbox 480 3809 929 3895; x_wconf 62' lang='grc' dir='ltr'>ιιιράγραμμα</span> <span class='ocrx_word' id='word_1_283' title='bbox 972 3810 1242 3889; x_wconf 89' lang='lat' dir='ltr'>bellum,</span> <span class='ocrx_word' id='word_1_284' title='bbox 1293 3814 1419 3879; x_wconf 90' lang='lat' dir='ltr'>nisi</span> <span class='ocrx_word' id='word_1_285' title='bbox 1469 3814 1812 3882; x_wconf 87' lang='lat' dir='ltr'>ridiculum</span> <span class='ocrx_word' id='word_1_286' title='bbox 1867 3814 2054 3904; x_wconf 80' lang='grc' dir='ltr'><strong><em>παρὰ</em></strong></span> <span class='ocrx_word' id='word_1_287' title='bbox 2103 3807 2483 3916; x_wconf 40' lang='lat' dir='ltr'>amafionios</span> 
     </span>
     <span class='ocr_line' id='line_1_38' title="bbox 476 3889 2482 3989; baseline 0.003 -25"><span class='ocrx_word' id='word_1_288' title='bbox 476 3900 561 3964; x_wconf 77' lang='lat' dir='ltr'>ni</span> <span class='ocrx_word' id='word_1_289' title='bbox 548 3904 596 3964; x_wconf 89' lang='lat' dir='ltr'>i</span> <span class='ocrx_word' id='word_1_290' title='bbox 632 3913 860 3980; x_wconf 88' lang='lat' dir='ltr'>cetera,</span> <span class='ocrx_word' id='word_1_291' title='bbox 896 3926 1062 3989; x_wconf 89' lang='lat' dir='ltr'>quae</span> <span class='ocrx_word' id='word_1_292' title='bbox 1097 3918 1243 3972; x_wconf 91' lang='lat' dir='ltr'>sunt</span> <span class='ocrx_word' id='word_1_293' title='bbox 1280 3931 1320 3973; x_wconf 92' lang='lat' dir='ltr'>a</span> <span class='ocrx_word' id='word_1_294' title='bbox 1355 3931 1457 3974; x_wconf 90' lang='lat' dir='ltr'>me</span> <span class='ocrx_word' id='word_1_295' title='bbox 1492 3909 1559 3974; x_wconf 90' lang='lat' dir='ltr'>in</span> <span class='ocrx_word' id='word_1_296' title='bbox 1595 3911 1875 3976; x_wconf 88' lang='lat' dir='ltr'>secundo</span> <span class='ocrx_word' id='word_1_297' title='bbox 1902 3911 2064 3976; x_wconf 87' lang='lat' dir='ltr'>libro</span> <span class='ocrx_word' id='word_1_298' title='bbox 2100 3909 2206 3974; x_wconf 86' lang='lat' dir='ltr'>‘de</span> <span class='ocrx_word' id='word_1_299' title='bbox 2241 3889 2482 3971; x_wconf 69' lang='lat' dir='ltr'>oratore’</span> 
     </span>
     <span class='ocr_line' id='line_1_39' title="bbox 476 3992 2481 4090; baseline 0.008 -36"><span class='ocrx_word' id='word_1_300' title='bbox 476 3992 624 4076; x_wconf 74' lang='lat' dir='ltr'>[per</span> <span class='ocrx_word' id='word_1_301' title='bbox 665 3995 933 4063; x_wconf 86' lang='lat' dir='ltr'>Antonii</span> <span class='ocrx_word' id='word_1_302' title='bbox 972 4000 1342 4088; x_wconf 88' lang='lat' dir='ltr'>personam]</span> <span class='ocrx_word' id='word_1_303' title='bbox 1402 4001 1723 4090; x_wconf 84' lang='lat' dir='ltr'>disputata</span> <span class='ocrx_word' id='word_1_304' title='bbox 1775 4004 1853 4071; x_wconf 89' lang='lat' dir='ltr'>de</span> <span class='ocrx_word' id='word_1_305' title='bbox 1906 4003 2214 4080; x_wconf 85' lang='lat' dir='ltr'>ridiculis,</span> <span class='ocrx_word' id='word_1_306' title='bbox 2265 3995 2481 4071; x_wconf 59' lang='grc' dir='ltr'>ἕντέἵνα</span> 
     </span>
    </p>
   </div>
   <div class='ocr_carea' id='block_1_7' title="bbox 2602 1720 2604 2306">
    <p class='ocr_par' dir='ltr' id='par_1_9' title="bbox 2602 1720 2604 2306">
     <span class='ocr_line' id='line_1_40' title="bbox 2602 1720 2604 2306; baseline 0 0"><span class='ocrx_word' id='word_1_307' title='bbox 2602 1720 2604 2306; x_wconf 95' lang='lat' dir='ltr'> </span> 
     </span>
    </p>
   </div>
   <div class='ocr_carea' id='block_1_8' title="bbox 2601 3092 2604 3633">
    <p class='ocr_par' dir='ltr' id='par_1_10' title="bbox 2601 3092 2604 3633">
     <span class='ocr_line' id='line_1_41' title="bbox 2601 3092 2604 3633; baseline 0 0"><span class='ocrx_word' id='word_1_308' title='bbox 2601 3092 2604 3633; x_wconf 95' lang='lat' dir='ltr'> </span> 
     </span>
    </p>
   </div>
   <div class='ocr_carea' id='block_1_9' title="bbox 2601 3092 2604 4176">
    <p class='ocr_par' dir='ltr' id='par_1_11' title="bbox 2601 3092 2604 4176">
     <span class='ocr_line' id='line_1_42' title="bbox 2601 3092 2604 4176; baseline 0 0"><span class='ocrx_word' id='word_1_309' title='bbox 2601 3092 2604 4176; x_wconf 95' lang='lat' dir='ltr'> </span> 
     </span>
    </p>
   </div>
   <div class='ocr_carea' id='block_1_10' title="bbox 2602 3092 2605 4507">
    <p class='ocr_par' dir='ltr' id='par_1_12' title="bbox 2602 3092 2605 4507">
     <span class='ocr_line' id='line_1_43' title="bbox 2602 3092 2605 4507; baseline 0 0"><span class='ocrx_word' id='word_1_310' title='bbox 2602 3092 2605 4507; x_wconf 95' lang='lat' dir='ltr'> </span> 
     </span>
    </p>
   </div>
  </div>
 </body>
</html>
