<?xml version="1.0" encoding="UTF-8"?>
<!DOCTYPE html PUBLIC "-//W3C//DTD XHTML 1.0 Transitional//EN"
    "http://www.w3.org/TR/xhtml1/DTD/xhtml1-transitional.dtd">
<html xmlns="http://www.w3.org/1999/xhtml" xml:lang="en" lang="en">
 <head>
  <title>
</title>
<meta http-equiv="Content-Type" content="text/html;charset=utf-8" />
  <meta name='ocr-system' content='tesseract 3.04.00' />
  <meta name='ocr-capabilities' content='ocr_page ocr_carea ocr_par ocr_line ocrx_word'/>
</head>
<body>
  <div class='ocr_page' id='page_1' title='image "./mtulliiciceroni12unkngoog/mtulliiciceroni12unkngoog_0255.png"; bbox 0 0 2675 4559; ppageno 0'>
   <div class='ocr_carea' id='block_1_1' title="bbox 555 216 2250 306">
    <p class='ocr_par' dir='ltr' id='par_1_1' title="bbox 555 216 2250 306">
     <span class='ocr_line' id='line_1_1' title="bbox 555 216 2250 306; baseline 0.005 -9"><span class='ocrx_word' id='word_1_1' title='bbox 555 241 1102 301; x_wconf 78' lang='lat' dir='ltr'>EPISTOLARUM</span> <span class='ocrx_word' id='word_1_2' title='bbox 1136 244 1267 301; x_wconf 83' lang='lat' dir='ltr'>v11.</span> <span class='ocrx_word' id='word_1_3' title='bbox 1303 244 1389 299; x_wconf 83' lang='lat'><strong>33.</strong></span> <span class='ocrx_word' id='word_1_4' title='bbox 1427 216 1589 304; x_wconf 69' lang='lat' dir='ltr'><strong>vm.</strong></span> <span class='ocrx_word' id='word_1_5' title='bbox 1628 250 1679 303; x_wconf 89' lang='lat'><strong>1.</strong></span> <span class='ocrx_word' id='word_1_6' title='bbox 2008 238 2132 306; x_wconf 77' lang='lat'><strong>171</strong></span> <span class='ocrx_word' id='word_1_7' title='bbox 2242 248 2250 255; x_wconf 88' lang='lat'><em>·</em></span> 
     </span>
    </p>
   </div>
   <div class='ocr_carea' id='block_1_2' title="bbox 587 788 1627 957">
    <p class='ocr_par' dir='ltr' id='par_1_2' title="bbox 587 788 1627 957">
     <span class='ocr_line' id='line_1_2' title="bbox 587 788 1627 859; baseline 0.002 -2"><span class='ocrx_word' id='word_1_8' title='bbox 587 790 684 857; x_wconf 90' lang='lat' dir='ltr'><strong>M.</strong></span> <span class='ocrx_word' id='word_1_9' title='bbox 739 788 1070 857; x_wconf 86' lang='lat' dir='ltr'>TULLII</span> <span class='ocrx_word' id='word_1_10' title='bbox 1124 790 1627 859; x_wconf 85' lang='lat' dir='ltr'>CICERONIS</span> 
     </span>
     <span class='ocr_line' id='line_1_3' title="bbox 1044 898 1158 957; baseline 0.018 -2"><span class='ocrx_word' id='word_1_11' title='bbox 1044 898 1158 957; x_wconf 88' lang='grc' dir='ltr'><strong>ΕΤ</strong></span> 
     </span>
    </p>
   </div>
   <div class='ocr_carea' id='block_1_3' title="bbox 328 972 1867 1179">
    <p class='ocr_par' dir='ltr' id='par_1_3' title="bbox 328 972 1867 1179">
     <span class='ocr_line' id='line_1_4' title="bbox 328 972 1867 1067; baseline 0.003 -4"><span class='ocrx_word' id='word_1_12' title='bbox 328 996 472 1065; x_wconf 84' lang='lat' dir='ltr'><strong>AD</strong></span> <span class='ocrx_word' id='word_1_13' title='bbox 527 998 630 1065; x_wconf 87' lang='lat' dir='ltr'><strong>M.</strong></span> <span class='ocrx_word' id='word_1_14' title='bbox 681 995 1180 1065; x_wconf 76' lang='lat' dir='ltr'>TULLIUM</span> <span class='ocrx_word' id='word_1_15' title='bbox 1233 972 1867 1067; x_wconf 74' lang='lat' dir='ltr'><strong>cmERONEM</strong></span> 
     </span>
     <span class='ocr_line' id='line_1_5' title="bbox 709 1098 1485 1179; baseline 0.001 -13"><span class='ocrx_word' id='word_1_16' title='bbox 709 1098 1485 1179; x_wconf 74' lang='lat' dir='ltr'>EPISTOLARUM</span> 
     </span>
    </p>
   </div>
   <div class='ocr_carea' id='block_1_4' title="bbox 635 1233 1570 1293">
    <p class='ocr_par' dir='ltr' id='par_1_4' title="bbox 635 1233 1570 1293">
     <span class='ocr_line' id='line_1_6' title="bbox 635 1233 1570 1293; baseline 0.002 -4"><span class='ocrx_word' id='word_1_17' title='bbox 635 1233 974 1289; x_wconf 83' lang='lat' dir='ltr'><strong>LIBER</strong></span> <span class='ocrx_word' id='word_1_18' title='bbox 1027 1234 1570 1293; x_wconf 82' lang='lat' dir='ltr'>OCTAVUS.</span> 
     </span>
    </p>
   </div>
   <div class='ocr_carea' id='block_1_5' title="bbox 365 1334 1820 1495">
    <p class='ocr_par' dir='ltr' id='par_1_5' title="bbox 365 1334 1820 1495">
     <span class='ocr_line' id='line_1_7' title="bbox 365 1334 1820 1495; baseline 0.003 -91"><span class='ocrx_word' id='word_1_19' title='bbox 365 1334 1820 1495; x_wconf 51' lang='lat' dir='ltr'><strong>M.OAE·L11A1⁴}P1ST·OLAE</strong></span> 
     </span>
    </p>
   </div>
   <div class='ocr_carea' id='block_1_6' title="bbox 491 1524 1686 1593">
    <p class='ocr_par' dir='ltr' id='par_1_6' title="bbox 491 1524 1686 1593">
     <span class='ocr_line' id='line_1_8' title="bbox 491 1524 1686 1593; baseline 0.003 -3"><span class='ocrx_word' id='word_1_20' title='bbox 491 1526 596 1591; x_wconf 89' lang='grc' dir='ltr'><strong>Μ.</strong></span> <span class='ocrx_word' id='word_1_21' title='bbox 635 1524 1075 1592; x_wconf 85' lang='lat' dir='ltr'>TULLIUM</span> <span class='ocrx_word' id='word_1_22' title='bbox 1112 1524 1686 1593; x_wconf 84' lang='lat' dir='ltr'>CICERONEM.</span> 
     </span>
    </p>
   </div>
   <div class='ocr_carea' id='block_1_7' title="bbox 1077 1712 1124 1765">
    <p class='ocr_par' dir='ltr' id='par_1_7' title="bbox 1077 1712 1124 1765">
     <span class='ocr_line' id='line_1_9' title="bbox 1077 1712 1124 1765; baseline 0 0"><span class='ocrx_word' id='word_1_23' title='bbox 1077 1712 1124 1765; x_wconf 86' lang='lat' dir='ltr'><strong>I·.</strong></span> 
     </span>
    </p>
   </div>
   <div class='ocr_carea' id='block_1_8' title="bbox 76 1804 1646 1915">
    <p class='ocr_par' dir='ltr' id='par_1_8' title="bbox 76 1804 1646 1915">
     <span class='ocr_line' id='line_1_10' title="bbox 76 1804 1646 1915; baseline -0.003 -45"><span class='ocrx_word' id='word_1_24' title='bbox 76 1820 79 1915; x_wconf 37' lang='grc' dir='ltr'>ᾗ</span> <span class='ocrx_word' id='word_1_25' title='bbox 552 1812 680 1869; x_wconf 86' lang='lat' dir='ltr'><strong>Ser.</strong></span> <span class='ocrx_word' id='word_1_26' title='bbox 695 1812 912 1869; x_wconf 83' lang='lat' dir='ltr'><strong>B‘omae</strong></span> <span class='ocrx_word' id='word_1_27' title='bbox 929 1830 1121 1869; x_wconf 88' lang='lat' dir='ltr'><strong>mense</strong></span> <span class='ocrx_word' id='word_1_28' title='bbox 1139 1804 1291 1868; x_wconf 79' lang='lat' dir='ltr'><strong>Maio</strong></span> <span class='ocrx_word' id='word_1_29' title='bbox 1311 1830 1366 1869; x_wconf 84' lang='lat' dir='ltr'><strong>a.</strong></span> <span class='ocrx_word' id='word_1_30' title='bbox 1382 1830 1437 1868; x_wconf 90' lang='lat' dir='ltr'><strong>u.</strong></span> <span class='ocrx_word' id='word_1_31' title='bbox 1457 1830 1506 1868; x_wconf 86' lang='lat' dir='ltr'><strong>c.</strong></span> <span class='ocrx_word' id='word_1_32' title='bbox 1528 1813 1646 1867; x_wconf 77' lang='lat'><strong>703.</strong></span> 
     </span>
    </p>
   </div>
   <div class='ocr_carea' id='block_1_9' title="bbox 76 1912 2219 4110">
    <p class='ocr_par' dir='ltr' id='par_1_9' title="bbox 76 1912 2219 4110">
     <span class='ocr_line' id='line_1_11' title="bbox 76 1912 1563 2015; baseline -0.001 -44"><span class='ocrx_word' id='word_1_33' title='bbox 76 1950 79 2015; x_wconf 31' lang='grc' dir='ltr'><em>ᾖ</em></span> <span class='ocrx_word' id='word_1_34' title='bbox 636 1914 924 1972; x_wconf 85' lang='lat' dir='ltr'><strong>CAELIU</strong></span> <span class='ocrx_word' id='word_1_35' title='bbox 926 1914 965 1971; x_wconf 89' lang='lat' dir='ltr'>S</span> <span class='ocrx_word' id='word_1_36' title='bbox 1001 1912 1364 1972; x_wconf 86' lang='lat' dir='ltr'>CICERONI</span> <span class='ocrx_word' id='word_1_37' title='bbox 1400 1914 1563 1971; x_wconf 88' lang='lat' dir='ltr'>SAL.</span> 
     </span>
     <span class='ocr_line' id='line_1_12' title="bbox 76 2016 2182 2140; baseline 0.001 -21"><span class='ocrx_word' id='word_1_38' title='bbox 76 2016 79 2103; x_wconf 51' lang='lat' dir='ltr'><strong>l</strong></span> <span class='ocrx_word' id='word_1_39' title='bbox 219 2048 390 2132; x_wconf 84' lang='lat' dir='ltr'><strong>Quod</strong></span> <span class='ocrx_word' id='word_1_40' title='bbox 414 2055 534 2123; x_wconf 84' lang='lat' dir='ltr'><strong>tibi</strong></span> <span class='ocrx_word' id='word_1_41' title='bbox 562 2054 901 2121; x_wconf 75' lang='lat' dir='ltr'><strong>discedens</strong></span> <span class='ocrx_word' id='word_1_42' title='bbox 927 2054 1246 2140; x_wconf 80' lang='lat' dir='ltr'>pollicitus</span> <span class='ocrx_word' id='word_1_43' title='bbox 1275 2076 1418 2121; x_wconf 89' lang='lat' dir='ltr'><strong>sum</strong></span> <span class='ocrx_word' id='word_1_44' title='bbox 1444 2076 1549 2121; x_wconf 89' lang='lat' dir='ltr'><strong>me</strong></span> <span class='ocrx_word' id='word_1_45' title='bbox 1567 2054 1773 2120; x_wconf 90' lang='lat' dir='ltr'><strong>omnis</strong></span> <span class='ocrx_word' id='word_1_46' title='bbox 1801 2076 1904 2121; x_wconf 92' lang='lat' dir='ltr'><strong>res</strong></span> <span class='ocrx_word' id='word_1_47' title='bbox 1930 2056 2123 2121; x_wconf 89' lang='lat' dir='ltr'><strong>urba-</strong></span> <span class='ocrx_word' id='word_1_48' title='bbox 2158 2076 2182 2113; x_wconf 85' lang='lat'><strong>1</strong></span> 
     </span>
     <span class='ocr_line' id='line_1_13' title="bbox 124 2143 2121 2235; baseline 0.001 -22"><span class='ocrx_word' id='word_1_49' title='bbox 124 2159 207 2203; x_wconf 70' lang='lat'><strong>118⁸</strong></span> <span class='ocrx_word' id='word_1_50' title='bbox 235 2143 702 2232; x_wconf 76' lang='lat' dir='ltr'>diligentissime</span> <span class='ocrx_word' id='word_1_51' title='bbox 736 2148 855 2213; x_wconf 90' lang='lat' dir='ltr'><strong>tibi</strong></span> <span class='ocrx_word' id='word_1_52' title='bbox 887 2148 1417 2235; x_wconf 79' lang='lat' dir='ltr'><strong>perscripturum,</strong></span> <span class='ocrx_word' id='word_1_53' title='bbox 1471 2148 1621 2214; x_wconf 87' lang='lat' dir='ltr'><strong>data</strong></span> <span class='ocrx_word' id='word_1_54' title='bbox 1654 2170 1848 2235; x_wconf 85' lang='lat' dir='ltr'><strong>opera</strong></span> <span class='ocrx_word' id='word_1_55' title='bbox 1880 2149 2121 2234; x_wconf 84' lang='lat' dir='ltr'><strong>paravi,</strong></span> 
     </span>
     <span class='ocr_line' id='line_1_14' title="bbox 128 2232 2122 2327; baseline -0.002 -15"><span class='ocrx_word' id='word_1_56' title='bbox 128 2232 206 2312; x_wconf 69' lang='lat' dir='ltr'><strong>&lt;lui</strong></span> <span class='ocrx_word' id='word_1_57' title='bbox 241 2236 319 2305; x_wconf 83' lang='lat' dir='ltr'><strong>sic</strong></span> <span class='ocrx_word' id='word_1_58' title='bbox 360 2243 573 2309; x_wconf 87' lang='lat' dir='ltr'><strong>omnia</strong></span> <span class='ocrx_word' id='word_1_59' title='bbox 619 2253 1137 2327; x_wconf 77' lang='lat' dir='ltr'><strong>persequeretur,</strong></span> <span class='ocrx_word' id='word_1_60' title='bbox 1191 2253 1263 2307; x_wconf 89' lang='lat' dir='ltr'><strong>ut</strong></span> <span class='ocrx_word' id='word_1_61' title='bbox 1305 2264 1528 2308; x_wconf 86' lang='lat' dir='ltr'><strong>verear</strong></span> <span class='ocrx_word' id='word_1_62' title='bbox 1564 2264 1646 2307; x_wconf 88' lang='lat' dir='ltr'><strong>ne</strong></span> <span class='ocrx_word' id='word_1_63' title='bbox 1692 2241 1807 2306; x_wconf 91' lang='lat' dir='ltr'><strong>tibi</strong></span> <span class='ocrx_word' id='word_1_64' title='bbox 1848 2242 2122 2308; x_wconf 88' lang='lat' dir='ltr'><strong>nimium</strong></span> 
     </span>
     <span class='ocr_line' id='line_1_15' title="bbox 128 2332 2119 2419; baseline 0.002 -22"><span class='ocrx_word' id='word_1_65' title='bbox 128 2340 302 2409; x_wconf 76' lang='lat' dir='ltr'><strong>arguta</strong></span> <span class='ocrx_word' id='word_1_66' title='bbox 329 2332 484 2403; x_wconf 88' lang='lat' dir='ltr'><strong>haec</strong></span> <span class='ocrx_word' id='word_1_67' title='bbox 519 2335 830 2411; x_wconf 78' lang='lat' dir='ltr'><strong>sedulitas</strong></span> <span class='ocrx_word' id='word_1_68' title='bbox 867 2336 1175 2404; x_wconf 83' lang='lat' dir='ltr'><strong>videatur.</strong></span> <span class='ocrx_word' id='word_1_69' title='bbox 1247 2334 1502 2401; x_wconf 84' lang='lat' dir='ltr'><strong>tametsi</strong></span> <span class='ocrx_word' id='word_1_70' title='bbox 1533 2347 1606 2399; x_wconf 90' lang='lat' dir='ltr'><strong>tu</strong></span> <span class='ocrx_word' id='word_1_71' title='bbox 1642 2335 1773 2401; x_wconf 88' lang='lat' dir='ltr'><strong>scio</strong></span> <span class='ocrx_word' id='word_1_72' title='bbox 1800 2355 1996 2419; x_wconf 87' lang='lat' dir='ltr'><strong>quam</strong></span> <span class='ocrx_word' id='word_1_73' title='bbox 2030 2336 2119 2401; x_wconf 86' lang='lat' dir='ltr'><strong>sis</strong></span> 
     </span>
     <span class='ocr_line' id='line_1_16' title="bbox 129 2420 2219 2515; baseline 0.005 -33"><span class='ocrx_word' id='word_1_74' title='bbox 129 2420 354 2491; x_wconf 80' lang='lat' dir='ltr'><strong>curiosus</strong></span> <span class='ocrx_word' id='word_1_75' title='bbox 401 2441 466 2495; x_wconf 90' lang='lat' dir='ltr'><strong>et</strong></span> <span class='ocrx_word' id='word_1_76' title='bbox 515 2452 720 2515; x_wconf 87' lang='lat' dir='ltr'><strong>quam</strong></span> <span class='ocrx_word' id='word_1_77' title='bbox 775 2430 1070 2497; x_wconf 88' lang='lat' dir='ltr'><strong>omnibus</strong></span> <span class='ocrx_word' id='word_1_78' title='bbox 1123 2429 1677 2515; x_wconf 84' lang='lat' dir='ltr'><strong>peregrinantibus</strong></span> <span class='ocrx_word' id='word_1_79' title='bbox 1728 2439 1984 2515; x_wconf 83' lang='lat' dir='ltr'><strong>gratum</strong></span> <span class='ocrx_word' id='word_1_80' title='bbox 2038 2430 2119 2494; x_wconf 85' lang='lat' dir='ltr'><strong>sit</strong></span> <span class='ocrx_word' id='word_1_81' title='bbox 2207 2460 2219 2476; x_wconf 92' lang='lat'><strong>·</strong></span> 
     </span>
     <span class='ocr_line' id='line_1_17' title="bbox 126 2510 2119 2609; baseline 0.001 -24"><span class='ocrx_word' id='word_1_82' title='bbox 126 2510 466 2589; x_wconf 76' lang='lat' dir='ltr'><strong>minimarum</strong></span> <span class='ocrx_word' id='word_1_83' title='bbox 520 2545 784 2609; x_wconf 90' lang='lat' dir='ltr'><strong>quoque</strong></span> <span class='ocrx_word' id='word_1_84' title='bbox 837 2546 1080 2601; x_wconf 88' lang='lat' dir='ltr'><strong>rerum,</strong></span> <span class='ocrx_word' id='word_1_85' title='bbox 1143 2545 1307 2607; x_wconf 89' lang='lat' dir='ltr'><strong>quae</strong></span> <span class='ocrx_word' id='word_1_86' title='bbox 1362 2523 1537 2589; x_wconf 88' lang='lat' dir='ltr'><strong>domi</strong></span> <span class='ocrx_word' id='word_1_87' title='bbox 1588 2532 1919 2608; x_wconf 83' lang='lat' dir='ltr'><strong>gerantur,</strong></span> <span class='ocrx_word' id='word_1_88' title='bbox 1980 2521 2119 2587; x_wconf 88' lang='lat' dir='ltr'><strong>fieri</strong></span> 
     </span>
     <span class='ocr_line' id='line_1_18' title="bbox 128 2607 2118 2701; baseline 0.007 -34"><span class='ocrx_word' id='word_1_89' title='bbox 128 2607 392 2693; x_wconf 79' lang='lat' dir='ltr'><strong>certiores,</strong></span> <span class='ocrx_word' id='word_1_90' title='bbox 439 2628 662 2685; x_wconf 86' lang='lat' dir='ltr'><strong>tamen</strong></span> <span class='ocrx_word' id='word_1_91' title='bbox 704 2617 772 2681; x_wconf 89' lang='lat' dir='ltr'><strong>in</strong></span> <span class='ocrx_word' id='word_1_92' title='bbox 805 2616 926 2683; x_wconf 90' lang='lat' dir='ltr'><strong>hoc</strong></span> <span class='ocrx_word' id='word_1_93' title='bbox 962 2628 1024 2683; x_wconf 90' lang='lat' dir='ltr'><strong>te</strong></span> <span class='ocrx_word' id='word_1_94' title='bbox 1061 2617 1396 2701; x_wconf 86' lang='lat' dir='ltr'><strong>deprecor,</strong></span> <span class='ocrx_word' id='word_1_95' title='bbox 1449 2638 1532 2681; x_wconf 88' lang='lat' dir='ltr'><strong>ne</strong></span> <span class='ocrx_word' id='word_1_96' title='bbox 1566 2638 1783 2681; x_wconf 87' lang='lat' dir='ltr'><strong>meum</strong></span> <span class='ocrx_word' id='word_1_97' title='bbox 1814 2614 1940 2679; x_wconf 92' lang='lat' dir='ltr'><strong>hoc</strong></span> <span class='ocrx_word' id='word_1_98' title='bbox 1974 2614 2118 2681; x_wconf 85' lang='lat' dir='ltr'>offi-</span> 
     </span>
     <span class='ocr_line' id='line_1_19' title="bbox 126 2695 2118 2797; baseline 0.001 -27"><span class='ocrx_word' id='word_1_99' title='bbox 126 2695 250 2766; x_wconf 80' lang='lat' dir='ltr'><strong>cium</strong></span> <span class='ocrx_word' id='word_1_100' title='bbox 283 2706 691 2797; x_wconf 77' lang='lat' dir='ltr'><strong>adrogantiae</strong></span> <span class='ocrx_word' id='word_1_101' title='bbox 736 2710 1150 2789; x_wconf 89' lang='lat' dir='ltr'><strong>condemnes,</strong></span> <span class='ocrx_word' id='word_1_102' title='bbox 1195 2710 1371 2795; x_wconf 87' lang='lat' dir='ltr'><strong>quod</strong></span> <span class='ocrx_word' id='word_1_103' title='bbox 1401 2709 1573 2774; x_wconf 91' lang='lat' dir='ltr'><strong>hunc</strong></span> <span class='ocrx_word' id='word_1_104' title='bbox 1617 2708 1904 2773; x_wconf 88' lang='lat' dir='ltr'><strong>laborem</strong></span> <span class='ocrx_word' id='word_1_105' title='bbox 1937 2708 2118 2773; x_wconf 87' lang='lat' dir='ltr'><strong>alteri</strong></span> 
     </span>
     <span class='ocr_line' id='line_1_20' title="bbox 128 2786 2117 2888; baseline 0.002 -25"><span class='ocrx_word' id='word_1_106' title='bbox 128 2786 383 2879; x_wconf 74' lang='lat' dir='ltr'><strong>delegaviz</strong></span> <span class='ocrx_word' id='word_1_107' title='bbox 427 2827 560 2871; x_wconf 89' lang='lat' dir='ltr'><strong>non</strong></span> <span class='ocrx_word' id='word_1_108' title='bbox 607 2804 764 2888; x_wconf 89' lang='lat' dir='ltr'><strong>quin</strong></span> <span class='ocrx_word' id='word_1_109' title='bbox 797 2802 955 2868; x_wconf 86' lang='lat' dir='ltr'><strong>mihi</strong></span> <span class='ocrx_word' id='word_1_110' title='bbox 998 2804 1449 2870; x_wconf 85' lang='lat' dir='ltr'><strong>suavissimum</strong></span> <span class='ocrx_word' id='word_1_111' title='bbox 1490 2802 1573 2868; x_wconf 90' lang='lat' dir='ltr'><strong>sit</strong></span> <span class='ocrx_word' id='word_1_112' title='bbox 1608 2812 1671 2867; x_wconf 89' lang='lat' dir='ltr'><strong>et</strong></span> <span class='ocrx_word' id='word_1_113' title='bbox 1707 2810 2016 2886; x_wconf 87' lang='lat' dir='ltr'><strong>occupato</strong></span> <span class='ocrx_word' id='word_1_114' title='bbox 2052 2812 2117 2866; x_wconf 92' lang='lat' dir='ltr'><strong>et</strong></span> 
     </span>
     <span class='ocr_line' id='line_1_21' title="bbox 127 2880 2118 2985; baseline 0.003 -31"><span class='ocrx_word' id='word_1_115' title='bbox 127 2880 184 2985; x_wconf 60' lang='lat' dir='ltr'><strong>affl</strong></span> <span class='ocrx_word' id='word_1_116' title='bbox 207 2885 421 2960; x_wconf 82' lang='lat' dir='ltr'><strong>litteras</strong></span> <span class='ocrx_word' id='word_1_117' title='bbox 457 2897 850 2975; x_wconf 83' lang='lat' dir='ltr'><strong>scribendas,</strong></span> <span class='ocrx_word' id='word_1_118' title='bbox 885 2908 958 2963; x_wconf 94' lang='lat' dir='ltr'><strong>ut</strong></span> <span class='ocrx_word' id='word_1_119' title='bbox 991 2908 1064 2961; x_wconf 85' lang='lat' dir='ltr'><strong>tu</strong></span> <span class='ocrx_word' id='word_1_120' title='bbox 1097 2897 1286 2975; x_wconf 88' lang='lat' dir='ltr'><strong>nosti,</strong></span> <span class='ocrx_word' id='word_1_121' title='bbox 1321 2895 1667 2983; x_wconf 88' lang='lat' dir='ltr'><strong>pigerrimo</strong></span> <span class='ocrx_word' id='word_1_122' title='bbox 1692 2904 1842 2961; x_wconf 85' lang='lat' dir='ltr'><strong>tuae</strong></span> <span class='ocrx_word' id='word_1_123' title='bbox 1878 2914 2118 2960; x_wconf 89' lang='lat' dir='ltr'><strong>memo—</strong></span> 
     </span>
     <span class='ocr_line' id='line_1_22' title="bbox 125 2982 2113 3077; baseline 0.002 -28"><span class='ocrx_word' id='word_1_124' title='bbox 125 2990 217 3041; x_wconf 71' lang='lat' dir='ltr'><strong>nae</strong></span> <span class='ocrx_word' id='word_1_125' title='bbox 253 2982 390 3053; x_wconf 82' lang='lat' dir='ltr'><strong>dare</strong></span> <span class='ocrx_word' id='word_1_126' title='bbox 434 3011 728 3077; x_wconf 88' lang='lat' dir='ltr'><strong>operam,</strong></span> <span class='ocrx_word' id='word_1_127' title='bbox 780 2990 895 3055; x_wconf 88' lang='lat' dir='ltr'><strong>sed</strong></span> <span class='ocrx_word' id='word_1_128' title='bbox 937 2990 1148 3076; x_wconf 86' lang='lat' dir='ltr'><strong>ipsum</strong></span> <span class='ocrx_word' id='word_1_129' title='bbox 1191 2989 1520 3064; x_wconf 87' lang='lat' dir='ltr'><strong>volumen,</strong></span> <span class='ocrx_word' id='word_1_130' title='bbox 1574 2988 1748 3072; x_wconf 91' lang='lat' dir='ltr'><strong>quod</strong></span> <span class='ocrx_word' id='word_1_131' title='bbox 1790 2988 1909 3053; x_wconf 90' lang='lat' dir='ltr'><strong>tibi</strong></span> <span class='ocrx_word' id='word_1_132' title='bbox 1949 2988 2113 3065; x_wconf 83' lang='lat' dir='ltr'><strong>misi,</strong></span> 
     </span>
     <span class='ocr_line' id='line_1_23' title="bbox 123 3062 2112 3170; baseline -0.003 -17"><span class='ocrx_word' id='word_1_133' title='bbox 123 3062 288 3153; x_wconf 77' lang='lat' dir='ltr'><strong>facile,</strong></span> <span class='ocrx_word' id='word_1_134' title='bbox 333 3091 401 3145; x_wconf 86' lang='lat' dir='ltr'><strong>ut</strong></span> <span class='ocrx_word' id='word_1_135' title='bbox 444 3106 570 3170; x_wconf 88' lang='lat' dir='ltr'><strong>ego</strong></span> <span class='ocrx_word' id='word_1_136' title='bbox 617 3083 915 3162; x_wconf 82' lang='lat' dir='ltr'><strong>arbitror,</strong></span> <span class='ocrx_word' id='word_1_137' title='bbox 967 3106 1072 3149; x_wconf 90' lang='lat' dir='ltr'><strong>me</strong></span> <span class='ocrx_word' id='word_1_138' title='bbox 1125 3093 1408 3148; x_wconf 83' lang='lat' dir='ltr'><strong>excusat.</strong></span> <span class='ocrx_word' id='word_1_139' title='bbox 1505 3082 1720 3147; x_wconf 85' lang='lat' dir='ltr'><strong>nescio</strong></span> <span class='ocrx_word' id='word_1_140' title='bbox 1774 3082 1955 3146; x_wconf 87' lang='lat' dir='ltr'><strong>cuius</strong></span> <span class='ocrx_word' id='word_1_141' title='bbox 1999 3083 2112 3147; x_wconf 89' lang='lat' dir='ltr'><strong>otii</strong></span> 
     </span>
     <span class='ocr_line' id='line_1_24' title="bbox 123 3174 2115 3263; baseline 0.01 -44"><span class='ocrx_word' id='word_1_142' title='bbox 123 3175 247 3228; x_wconf 80' lang='lat' dir='ltr'><strong>esset</strong></span> <span class='ocrx_word' id='word_1_143' title='bbox 280 3192 402 3238; x_wconf 87' lang='lat' dir='ltr'><strong>non</strong></span> <span class='ocrx_word' id='word_1_144' title='bbox 444 3177 638 3243; x_wconf 87' lang='lat' dir='ltr'><strong>modo</strong></span> <span class='ocrx_word' id='word_1_145' title='bbox 683 3177 1072 3263; x_wconf 82' lang='lat' dir='ltr'><strong>perscribere</strong></span> <span class='ocrx_word' id='word_1_146' title='bbox 1116 3174 1306 3252; x_wconf 90' lang='lat' dir='ltr'><strong>haec,</strong></span> <span class='ocrx_word' id='word_1_147' title='bbox 1362 3175 1475 3241; x_wconf 88' lang='lat' dir='ltr'><strong>sed</strong></span> <span class='ocrx_word' id='word_1_148' title='bbox 1520 3174 1777 3239; x_wconf 86' lang='lat' dir='ltr'><strong>omnino</strong></span> <span class='ocrx_word' id='word_1_149' title='bbox 1830 3174 2115 3239; x_wconf 87' lang='lat' dir='ltr'><strong>animad-</strong></span> 
     </span>
     <span class='ocr_line' id='line_1_25' title="bbox 122 3266 2113 3344; baseline -0.006 -2"><span class='ocrx_word' id='word_1_150' title='bbox 122 3268 340 3341; x_wconf 53' lang='grc' dir='ltr'><strong>νεηθῖθῖ</strong></span> <span class='ocrx_word' id='word_1_151' title='bbox 389 3272 604 3338; x_wconf 90' lang='lat' dir='ltr'><strong>omnia</strong></span> <span class='ocrx_word' id='word_1_152' title='bbox 649 3272 818 3338; x_wconf 90' lang='lat' dir='ltr'><strong>enim</strong></span> <span class='ocrx_word' id='word_1_153' title='bbox 862 3282 1012 3337; x_wconf 90' lang='lat' dir='ltr'><strong>sunt</strong></span> <span class='ocrx_word' id='word_1_154' title='bbox 1061 3270 1153 3335; x_wconf 92' lang='lat' dir='ltr'><strong>ibi</strong></span> <span class='ocrx_word' id='word_1_155' title='bbox 1199 3278 1456 3335; x_wconf 85' lang='lat' dir='ltr'><strong>senatus</strong></span> <span class='ocrx_word' id='word_1_156' title='bbox 1512 3267 1830 3343; x_wconf 87' lang='lat' dir='ltr'><strong>consulta,</strong></span> <span class='ocrx_word' id='word_1_157' title='bbox 1886 3266 2113 3344; x_wconf 85' lang='lat' dir='ltr'><strong>edicta,</strong></span> 
     </span>
     <span class='ocr_line' id='line_1_26' title="bbox 123 3340 2187 3451; baseline -0.007 -12"><span class='ocrx_word' id='word_1_158' title='bbox 123 3340 352 3437; x_wconf 63' lang='lat' dir='ltr'><strong>fabulae,</strong></span> <span class='ocrx_word' id='word_1_159' title='bbox 393 3386 709 3444; x_wconf 85' lang='lat' dir='ltr'><strong>rumores3</strong></span> <span class='ocrx_word' id='word_1_160' title='bbox 756 3366 932 3451; x_wconf 90' lang='lat' dir='ltr'><strong>quod</strong></span> <span class='ocrx_word' id='word_1_161' title='bbox 967 3365 1331 3451; x_wconf 87' lang='lat' dir='ltr'><strong>exemplum</strong></span> <span class='ocrx_word' id='word_1_162' title='bbox 1368 3363 1423 3429; x_wconf 85' lang='lat' dir='ltr'><strong>si</strong></span> <span class='ocrx_word' id='word_1_163' title='bbox 1456 3362 1622 3428; x_wconf 81' lang='lat' dir='ltr'><strong>forte</strong></span> <span class='ocrx_word' id='word_1_164' title='bbox 1658 3360 1870 3425; x_wconf 87' lang='lat' dir='ltr'><strong>minus</strong></span> <span class='ocrx_word' id='word_1_165' title='bbox 1903 3370 1969 3425; x_wconf 91' lang='lat' dir='ltr'><strong>te</strong></span> <span class='ocrx_word' id='word_1_166' title='bbox 1994 3360 2115 3429; x_wconf 70' lang='lat' dir='ltr'><strong>‚de-</strong></span> <span class='ocrx_word' id='word_1_167' title='bbox 2184 3404 2187 3407; x_wconf 86' lang='lat'>-</span> 
     </span>
     <span class='ocr_line' id='line_1_27' title="bbox 123 3432 2113 3543; baseline -0.002 -21"><span class='ocrx_word' id='word_1_168' title='bbox 123 3432 342 3529; x_wconf 59' lang='lat' dir='ltr'><strong>lectam,</strong></span> <span class='ocrx_word' id='word_1_169' title='bbox 383 3478 463 3523; x_wconf 91' lang='lat' dir='ltr'><strong>ne</strong></span> <span class='ocrx_word' id='word_1_170' title='bbox 506 3460 864 3527; x_wconf 84' lang='lat' dir='ltr'><strong>molestiam</strong></span> <span class='ocrx_word' id='word_1_171' title='bbox 905 3459 1026 3525; x_wconf 89' lang='lat' dir='ltr'><strong>tibi</strong></span> <span class='ocrx_word' id='word_1_172' title='bbox 1071 3481 1219 3526; x_wconf 92' lang='lat' dir='ltr'><strong>cum</strong></span> <span class='ocrx_word' id='word_1_173' title='bbox 1261 3458 1534 3543; x_wconf 86' lang='lat' dir='ltr'><strong>inpensa</strong></span> <span class='ocrx_word' id='word_1_174' title='bbox 1575 3476 1722 3521; x_wconf 88' lang='lat' dir='ltr'><strong>mea</strong></span> <span class='ocrx_word' id='word_1_175' title='bbox 1756 3452 2113 3529; x_wconf 83' lang='lat' dir='ltr'><strong>exhibeam,</strong></span> 
     </span>
     <span class='ocr_line' id='line_1_28' title="bbox 125 3524 2175 3639; baseline -0.003 -23"><span class='ocrx_word' id='word_1_176' title='bbox 125 3524 200 3639; x_wconf 58' lang='lat' dir='ltr'><strong>fa?</strong></span> <span class='ocrx_word' id='word_1_177' title='bbox 231 3561 322 3609; x_wconf 73' lang='lat' dir='ltr'><strong>me</strong></span> <span class='ocrx_word' id='word_1_178' title='bbox 363 3553 708 3620; x_wconf 86' lang='lat' dir='ltr'><strong>certiorem.</strong></span> <span class='ocrx_word' id='word_1_179' title='bbox 798 3553 853 3618; x_wconf 87' lang='lat' dir='ltr'><strong>si</strong></span> <span class='ocrx_word' id='word_1_180' title='bbox 907 3554 1062 3637; x_wconf 86' lang='lat' dir='ltr'><strong>quid</strong></span> <span class='ocrx_word' id='word_1_181' title='bbox 1114 3553 1182 3617; x_wconf 92' lang='lat' dir='ltr'><strong>in</strong></span> <span class='ocrx_word' id='word_1_182' title='bbox 1227 3574 1297 3617; x_wconf 94' lang='lat' dir='ltr'><strong>re</strong></span> <span class='ocrx_word' id='word_1_183' title='bbox 1348 3549 1606 3637; x_wconf 85' lang='lat' dir='ltr'><strong>publica</strong></span> <span class='ocrx_word' id='word_1_184' title='bbox 1650 3548 1855 3613; x_wconf 86' lang='lat' dir='ltr'><strong>maius</strong></span> <span class='ocrx_word' id='word_1_185' title='bbox 1902 3556 2113 3613; x_wconf 87' lang='lat' dir='ltr'><strong>actum</strong></span> <span class='ocrx_word' id='word_1_186' title='bbox 2148 3566 2175 3605; x_wconf 74' lang='lat'>2</span> 
     </span>
     <span class='ocr_line' id='line_1_29' title="bbox 126 3640 2113 3733; baseline -0.004 -23"><span class='ocrx_word' id='word_1_187' title='bbox 126 3640 226 3705; x_wconf 84' lang='lat' dir='ltr'><strong>ent,</strong></span> <span class='ocrx_word' id='word_1_188' title='bbox 255 3641 413 3720; x_wconf 82' lang='lat' dir='ltr'><strong>quod</strong></span> <span class='ocrx_word' id='word_1_189' title='bbox 446 3646 550 3713; x_wconf 84' lang='lat' dir='ltr'><strong>isti</strong></span> <span class='ocrx_word' id='word_1_190' title='bbox 583 3646 855 3733; x_wconf 86' lang='lat' dir='ltr'><strong>operarii</strong></span> <span class='ocrx_word' id='word_1_191' title='bbox 900 3647 1110 3713; x_wconf 87' lang='lat' dir='ltr'><strong>minus</strong></span> <span class='ocrx_word' id='word_1_192' title='bbox 1147 3645 1479 3713; x_wconf 88' lang='lat' dir='ltr'><strong>commode</strong></span> <span class='ocrx_word' id='word_1_193' title='bbox 1514 3642 1813 3729; x_wconf 86' lang='lat' dir='ltr'><strong>persequi</strong></span> <span class='ocrx_word' id='word_1_194' title='bbox 1846 3640 2113 3727; x_wconf 82' lang='lat' dir='ltr'><strong>possint,</strong></span> 
     </span>
     <span class='ocr_line' id='line_1_30' title="bbox 127 3728 2115 3824; baseline -0.003 -20"><span class='ocrx_word' id='word_1_195' title='bbox 127 3728 173 3776; x_wconf 78' lang='lat' dir='ltr'><strong>et</strong></span> <span class='ocrx_word' id='word_1_196' title='bbox 197 3742 360 3804; x_wconf 77' lang='lat' dir='ltr'><strong>quem</strong></span> <span class='ocrx_word' id='word_1_197' title='bbox 392 3738 475 3803; x_wconf 90' lang='lat' dir='ltr'><strong>ad</strong></span> <span class='ocrx_word' id='word_1_198' title='bbox 505 3740 768 3808; x_wconf 87' lang='lat' dir='ltr'><strong>modum</strong></span> <span class='ocrx_word' id='word_1_199' title='bbox 803 3751 1018 3807; x_wconf 89' lang='lat' dir='ltr'><strong>actum</strong></span> <span class='ocrx_word' id='word_1_200' title='bbox 1053 3740 1134 3806; x_wconf 85' lang='lat' dir='ltr'><strong>sit</strong></span> <span class='ocrx_word' id='word_1_201' title='bbox 1169 3751 1233 3807; x_wconf 94' lang='lat' dir='ltr'><strong>et</strong></span> <span class='ocrx_word' id='word_1_202' title='bbox 1277 3761 1442 3824; x_wconf 86' lang='lat' dir='ltr'><strong>quae</strong></span> <span class='ocrx_word' id='word_1_203' title='bbox 1478 3734 1860 3805; x_wconf 82' lang='lat' dir='ltr'><strong>existimatio</strong></span> <span class='ocrx_word' id='word_1_204' title='bbox 1895 3744 2115 3800; x_wconf 90' lang='lat' dir='ltr'><strong>secuta</strong></span> 
     </span>
     <span class='ocr_line' id='line_1_31' title="bbox 129 3824 2115 3921; baseline -0.007 -17"><span class='ocrx_word' id='word_1_205' title='bbox 129 3824 364 3903; x_wconf 59' lang='lat' dir='ltr'><strong>quaeque</strong></span> <span class='ocrx_word' id='word_1_206' title='bbox 397 3830 476 3899; x_wconf 79' lang='lat' dir='ltr'><strong>de</strong></span> <span class='ocrx_word' id='word_1_207' title='bbox 510 3854 586 3900; x_wconf 90' lang='lat' dir='ltr'><strong>eo</strong></span> <span class='ocrx_word' id='word_1_208' title='bbox 623 3856 768 3919; x_wconf 89' lang='lat' dir='ltr'><strong>spes</strong></span> <span class='ocrx_word' id='word_1_209' title='bbox 806 3834 908 3912; x_wconf 88' lang='lat' dir='ltr'><strong>sit,</strong></span> <span class='ocrx_word' id='word_1_210' title='bbox 947 3833 1285 3920; x_wconf 85' lang='lat' dir='ltr'><strong>diligenter</strong></span> <span class='ocrx_word' id='word_1_211' title='bbox 1317 3831 1437 3896; x_wconf 89' lang='lat' dir='ltr'><strong>tibi</strong></span> <span class='ocrx_word' id='word_1_212' title='bbox 1469 3828 1954 3917; x_wconf 83' lang='lat' dir='ltr'><strong>perscribemus.</strong></span> <span class='ocrx_word' id='word_1_213' title='bbox 1990 3916 1995 3921; x_wconf 91' lang='lat'>.</span> <span class='ocrx_word' id='word_1_214' title='bbox 2043 3837 2115 3891; x_wconf 93' lang='lat' dir='ltr'><strong>ut</strong></span> 
     </span>
     <span class='ocr_line' id='line_1_32' title="bbox 128 3918 2115 4015; baseline -0.007 -15"><span class='ocrx_word' id='word_1_215' title='bbox 128 3918 260 3974; x_wconf 49' lang='grc' dir='ltr'><strong>ΜΝ</strong></span> <span class='ocrx_word' id='word_1_216' title='bbox 288 3931 404 4000; x_wconf 56' lang='lat' dir='ltr'><strong>est,</strong></span> <span class='ocrx_word' id='word_1_217' title='bbox 434 3930 609 3995; x_wconf 87' lang='lat' dir='ltr'><strong>nulla</strong></span> <span class='ocrx_word' id='word_1_218' title='bbox 643 3951 880 4015; x_wconf 88' lang='lat' dir='ltr'><strong>magno</strong></span> <span class='ocrx_word' id='word_1_219' title='bbox 915 3950 1108 4015; x_wconf 87' lang='lat' dir='ltr'><strong>opere</strong></span> <span class='ocrx_word' id='word_1_220' title='bbox 1143 3926 1534 4013; x_wconf 83' lang='lat' dir='ltr'><strong>exspectatio</strong></span> <span class='ocrx_word' id='word_1_221' title='bbox 1572 3934 1696 3991; x_wconf 85' lang='lat' dir='ltr'><strong>est:</strong></span> <span class='ocrx_word' id='word_1_222' title='bbox 1741 3944 1893 3987; x_wconf 90' lang='lat' dir='ltr'><strong>nam</strong></span> <span class='ocrx_word' id='word_1_223' title='bbox 1924 3930 1991 3987; x_wconf 89' lang='lat' dir='ltr'><strong>et</strong></span> <span class='ocrx_word' id='word_1_224' title='bbox 2022 3921 2115 3987; x_wconf 88' lang='lat' dir='ltr'><strong>illi</strong></span> 
     </span>
     <span class='ocr_line' id='line_1_33' title="bbox 135 4008 2111 4110; baseline 0.004 -38"><span class='ocrx_word' id='word_1_225' title='bbox 135 4008 362 4077; x_wconf 74' lang='lat' dir='ltr'><strong>rumores</strong></span> <span class='ocrx_word' id='word_1_226' title='bbox 409 4018 485 4085; x_wconf 89' lang='lat' dir='ltr'><strong>de</strong></span> <span class='ocrx_word' id='word_1_227' title='bbox 537 4023 808 4089; x_wconf 87' lang='lat' dir='ltr'><strong>comitiis</strong></span> <span class='ocrx_word' id='word_1_228' title='bbox 857 4022 1466 4110; x_wconf 83' lang='lat' dir='ltr'><strong>Transpadanorum</strong></span> <span class='ocrx_word' id='word_1_229' title='bbox 1520 4016 1875 4083; x_wconf 85' lang='lat' dir='ltr'><strong>Cumarum</strong></span> <span class='ocrx_word' id='word_1_230' title='bbox 1926 4026 2111 4082; x_wconf 89' lang='lat' dir='ltr'><strong>tenus</strong></span> 
     </span>
    </p>
   </div>
  </div>
 </body>
</html>
