2675 4559
717 290 1274 349 EPISTOLARUM
1307 292 1378 348 V.
1415 294 1585 348 5-7.
2092 282 2178 349 95

1091 460 1190 518 VI.

797 564 914 621 Ser.
933 565 1149 621 Romae
1170 581 1219 619 a.
1240 583 1294 619 u.
1316 582 1365 621 c.
1385 567 1503 621 692.

413 666 487 722 M.
521 665 800 725 CICERO
837 665 891 723 S.
929 666 1001 721 D.
1037 667 1106 723 P.
1145 664 1415 724 SESTIO
1453 669 1520 724 L.
1556 668 1621 726 F.
1660 668 1881 736 PROQ.

267 788 425 855 Cum
484 789 570 855 ad
628 812 732 855 me
793 788 1038 856 Decius
1109 790 1410 857 librarius
1474 791 1749 859 venisset
1812 793 2173 880 egissetque
2210 825 2237 867 ι

164 904 401 961 meeum,
435 895 510 949 ut
543 904 805 970 operam
841 884 1092 963 darem,
1127 906 1210 949 ne
1244 882 1363 949 tibi
1394 885 1519 951 hoc
1554 896 1837 973 tempore
1872 888 2174 955 succede-

163 989 326 1055 retur,
374 998 766 1063 quamquam
819 978 1000 1047 illum
1042 978 1367 1045 hominem
1411 980 1587 1066 frugi
1628 992 1695 1046 et
1738 981 1855 1047 tibi
1898 983 2175 1051 amicum

165 1072 586 1151 existimabam,
620 1085 856 1151 tamen,
891 1072 1064 1158 quod
1097 1073 1406 1141 memoria
1430 1075 1749 1154 tenebam,
1782 1077 1967 1141 cuius
2001 1076 2176 1142 modi

165 1167 230 1231 sd
256 1190 344 1233 me
381 1169 632 1235 litteras
677 1179 867 1235 antea
909 1168 1190 1235 misisses
1203 1216 1224 1246 ‚
1276 1190 1407 1235 non
1451 1170 1605 1235 satis
1648 1170 1891 1256 credidi
1934 1170 2176 1237 homini

166 1262 436 1345 prudenti,
471 1275 610 1329 tam
645 1264 832 1329 valde
867 1284 1008 1330 esse
1042 1274 1355 1331 mutatam
1381 1265 1774 1331 voluntatem
1808 1276 2007 1333 tuam.
2062 1266 2176 1331 sed

163 1367 344 1438 postea
382 1377 582 1441 quam
617 1368 683 1423 et
719 1354 1022 1423 Cornelia
1063 1369 1176 1423 tua
1211 1358 1579 1425 Terentiam
1612 1360 1909 1427 convenit
1943 1371 2009 1427 et
2052 1380 2178 1446 ego

165 1470 280 1517 cum
310 1450 388 1534 Q.
426 1449 732 1519 Cornelio
767 1453 1021 1519 locutus
1057 1474 1229 1530 sum,
1264 1453 1529 1521 adhibui
1564 1454 1981 1539 diligentiam,
2014 1474 2175 1539 quo-

161 1542 558 1632 tienscumque
589 1558 846 1614 senatus
875 1546 1018 1623 fuit,
1053 1559 1125 1612 ut
1155 1548 1467 1626 adessem,
1500 1548 1973 1632 plurimumque
2004 1548 2074 1615 in
2098 1570 2175 1615 eo

164 1639 360 1723 negotii
391 1640 624 1719 habui,
663 1652 735 1707 ut
769 1640 854 1724 Q.
891 1640 1154 1707 Fufium
1188 1641 1518 1707 tribunum
1550 1641 1637 1726 pl.
1674 1652 1740 1707 et
1780 1653 2023 1707 ceteros
2036 1688 2055 1720 ‚
2091 1642 2174 1706 ad

165 1750 292 1813 quos
329 1746 398 1801 tu
440 1736 820 1822 scripseras,
875 1758 1174 1821 cogerem
1220 1734 1379 1801 mihi
1420 1735 1633 1821 potius
1681 1735 1939 1801 credere
1980 1754 2173 1818 quam
2238 1763 2244 1768 ·

165 1824 262 1889 tuis
287 1826 521 1895 litteris.
617 1828 874 1895 omnino
920 1852 1024 1895 res
1068 1839 1204 1894 tota
1235 1828 1306 1893 in
1350 1850 1637 1895 mensem
1668 1826 2041 1893 Ianuarium
2074 1849 2177 1893 re-

164 1916 292 1984 ieota
321 1934 480 2001 erat,
535 1922 655 1989 sed
698 1923 886 1990 facile
921 1922 1349 2013 obtinebatur.
1442 1943 1565 2009 ego
1599 1932 1710 1987 tua
1748 1922 2174 2009 gratulatione
2208 1954 2234 1993 2

165 2027 470 2082 commotus
483 2064 503 2095 ,
547 2017 730 2101 quod
765 2018 850 2083 ad
895 2040 1013 2083 me¹
1031 2017 1281 2103 pridem
1318 2016 1662 2103 scripseras
1709 2016 1873 2082 velle
1914 2026 1979 2083 te
2012 2014 2176 2081 bene

164 2107 392 2187 evenire,
426 2110 608 2195 quod
639 2110 719 2175 de
739 2108 978 2177 Crasso
1007 2112 1268 2177 domum
1295 2111 1615 2189 emissem,
1644 2110 1771 2179 emi
1788 2132 1942 2176 eam
1970 2110 2175 2197 ipsam

60 2264 65 2301 ,ι
165 2197 384 2267 domum
405 2204 554 2273 HS.
574 2202 883 2272 XXXV.
907 2206 1230 2289 aliquanto
1265 2216 1411 2291 post
1445 2217 1622 2271 tuam
1656 2192 2173 2292 grassulationem3

62 2324 65 2337 ·
164 2290 340 2377 itaque
370 2322 542 2365 nunc
578 2320 682 2364 me
717 2300 880 2365 scito
925 2311 1174 2365 tantum
1221 2298 1459 2366 habere
1494 2300 1659 2366 aeris
1696 2299 1911 2378 alieni,
1956 2310 2031 2367 ut
2064 2321 2176 2365 cu-

165 2385 304 2468 piam
349 2393 714 2471 coniurare,
770 2394 824 2457 si
870 2393 1209 2477 quisquam
1253 2394 1548 2479 recipiat,
1592 2394 1707 2459 sed
1750 2395 1985 2480 partim
2028 2393 2176 2459 odio

167 2477 368 2549 inducti
414 2510 516 2555 me
576 2488 928 2554 excludunt
980 2500 1045 2555 et
1098 2498 1314 2573 aperte
1362 2488 1681 2553 vindicem
1725 2487 2174 2555 coniurationis

167 2572 420 2657 oderunt,
471 2582 714 2667 partim
755 2603 887 2647 non
932 2582 1202 2647 credunt
1235 2593 1299 2647 et
1346 2606 1384 2646 a
1419 2604 1523 2647 me
1566 2580 1827 2647 insidias
1863 2591 2174 2656 metuunt,

167 2687 260 2732 nec
287 2684 502 2756 putant
527 2675 593 2741 ei
618 2698 916 2741 nummos
945 2674 1166 2742 deesse
1193 2697 1403 2761 posse,
1439 2675 1550 2758 qui
1577 2698 1657 2739 ex
1684 2675 2013 2740 obsidione
2041 2673 2177 2738 fae-

168 2776 442 2833 neratores
477 2770 808 2837 exemerit.
862 2770 1118 2835 omnino
1155 2768 1525 2835 semissibus
1560 2789 1798 2855 magna
1832 2767 2016 2853 copia
2048 2777 2173 2844 est3

171 2872 264 2937 ego
294 2872 495 2927 autem
531 2863 696 2929 meis
731 2863 924 2930 rebus
957 2864 1154 2951 gestis
1198 2864 1321 2928 hoc
1358 2886 1501 2927 sum
1536 2864 1909 2940 adsecutus,
1954 2868 2027 2926 ut
2060 2861 2175 2925 bo-

171 2966 292 3015 num
318 2976 546 3023 nomen
594 2958 934 3025 existimer.
1023 2958 1286 3023 domum
1332 2969 1511 3023 tuam
1556 2968 1746 3045 atque
1792 2955 2176 3023 aedificatio·
2209 2983 2237 3023 s

171 3062 287 3108 nem
309 3069 554 3118 omnem
589 3054 886 3139 perspexi
921 3062 984 3119 et
1010 3054 1421 3120 vehementer
1453 3053 1741 3139 probavi.
1795 3053 2174 3129 Antonium,

68 3224 70 3231 .
171 3137 263 3201 etsi
293 3142 418 3211 eius
449 3148 519 3213 in
556 3169 660 3213 me
687 3149 899 3214 officia
925 3168 1148 3212 omnes
1177 3146 1563 3223 desiderant,
1599 3157 1815 3211 tamen
1846 3148 1914 3211 in
1950 3156 2176 3214 senatu

68 3232 70 3235 ’
171 3234 500 3312 gravissime
545 3264 624 3309 ac
675 3241 1159 3328 diligentissime
1214 3238 1475 3304 defendi
1520 3249 1940 3322 senatumque
1987 3240 2179 3307 vehe-

68 3386 70 3391 .
173 3338 376 3397 menter
407 3336 692 3403 oratione
734 3359 882 3403 mea
925 3347 1120 3419 atque
1163 3332 1543 3399 auctoritate
1580 3331 1917 3399 commovi.
1988 3343 2061 3397 tu
2094 3333 2177 3397 ad

175 3435 254 3485 me
281 3426 475 3493 velim-
490 3431 732 3499 litteras
767 3430 1051 3497 crebrius
1082 3428 1322 3495 mittas.

1086 3580 1216 3638 VII.

798 3682 914 3739 Ser.
935 3683 1149 3738 Romae
1170 3699 1220 3737 a.
1242 3700 1296 3737 u.
1317 3701 1367 3738 c.
1387 3683 1505 3739 692.

204 3770 264 3828 M.
295 3778 618 3843 TULLIUS
653 3786 730 3841 M.
767 3786 834 3841 F.
871 3785 1145 3842 CICERO
1184 3784 1239 3841 S.
1276 3785 1351 3841 D.
1388 3784 1504 3843 CN.
1540 3782 1881 3839 POMPEIO
1919 3782 2033 3839 GN.
2071 3780 2138 3834 F.

745 3870 1022 3928 MAGNO
1057 3870 1559 3927 IMPERATORI.

285 3984 350 4053 S.
380 3991 456 4057 Τ.
489 3993 568 4060 Ε.
615 3994 700 4079 Q.
735 3996 820 4062 V.
858 3996 937 4061 B.
975 3994 1056 4061 E.
1145 3994 1253 4059 Ex
1286 3993 1515 4061 litteris
1550 3992 1697 4069 tuis,
1734 4014 1895 4076 quas
1926 3990 2182 4077 publice
2217 4012 2239 4049 ι

191 4076 398 4163 misisti,
432 4090 568 4177 cepi
610 4112 740 4155 una
775 4112 923 4155 cum
960 4088 1257 4156 omnibus
1291 4086 1728 4153 incredibilem
1761 4084 2152 4173 voluptatem
2164 4109 2184 4160 ;
