2675 4559
729 228 1288 291 EPISTOLARUM
1320 234 1676 291 11.14-16.
1876 252 1883 257 ·
2151 226 2237 293 39

171 353 352 436 quod
399 363 463 417 et
514 351 723 419 bonus
769 353 926 419 civis
971 364 1038 420 et
1081 354 1333 421 bonus
1329 356 1574 425 amicus
1618 380 1707 425 es.
1794 380 1918 445 ego
1965 360 2045 427 de
2086 382 2296 447 pro-4

173 446 386 512 vincia
427 446 744 513 decedens
790 459 1193 531 quaestorem
1239 447 1536 517 Caelium
1587 453 1932 539 praeposui
1976 455 2237 543 provin·-

169 540 332 607 ciae.
435 542 802 626 ‘’puerum?
863 541 1096 652 inquis.
1203 554 1268 609 at
1328 555 1765 629 quaestorem,
1826 557 1892 616 at
1951 546 2233 615 nobilem

168 634 668 712 adulescentem,
704 646 772 701 at
799 637 1086 705 omnium
1121 636 1255 707 fere
1283 639 1605 725 exemp103
1642 662 1851 724 neque
1880 652 2017 707 erat
2042 665 2235 729 supe-

163 730 337 795 riore
371 728 612 799 honore
647 753 836 809 usus,
871 752 1065 815 quem
1099 732 1535 819 praeficerem.
1606 733 1991 821 Pomptinus
2027 738 2229 802 multo

165 834 321 889 ante
357 822 764 902 discesseram
809 848 850 891 a
885 824 1128 906 Quinto
1163 825 1363 895 fratre
1402 826 1729 937 impetrari
1772 850 1900 896 non
1948 840 2227 914 poterat3

167 938 364 1000 quem
395 929 618 985 tamen
643 919 702 983 si
734 920 1152 1003 reliquissem,
1189 920 1525 985 dicerent
1505 921 1711 1005 miqui
1744 944 1875 989 non
1900 946 2003 989 me
2040 925 2229 1009 plane

163 1022 314 1096 post
345 1034 612 1089 annum,
649 1024 724 1079 ut
751 1026 1010 1081 senatus
1036 1014 1361 1091 voluisset,
1399 1015 1480 1081 de
1508 1016 1837 1101 provincia
1862 1016 2230 1095 decessisse,

165 1105 476 1189 quoniam
523 1108 800 1173 alterum
840 1131 943 1175 me
998 1108 1418 1192 reliquissem.
1504 1110 1775 1177 fortasse
1828 1110 2021 1177 etiam
2072 1112 2234 1179 illud

165 1198 508 1277 adderent,
557 1213 852 1267 senatum
885 1223 996 1269 eos
1032 1202 1310 1269 voluisse
1354 1203 1697 1288 provinciis
1739 1226 2067 1291 praeesse,
2120 1205 2232 1287 qui

163 1306 355 1361 antea
399 1316 535 1363 non
577 1295 1035 1381 praefuissent3
1089 1296 1351 1367 fratrem
1394 1321 1609 1364 meum
1656 1298 1997 1367 triennium
2030 1300 2231 1377 Asiae

157 1388 543 1473 praefuisse.
635 1390 909 1474 denique
943 1414 1118 1457 nunc
1151 1392 1457 1460 sollicitus
1493 1414 1623 1458 non
1659 1416 1831 1463 sum:
1880 1393 1934 1457 si
1968 1393 2233 1459 fratrem

153 1483 597 1566 reliquissem,
653 1484 868 1551 omnia
927 1486 1238 1552 timerem.
1344 1497 1665 1571 postremo
1717 1510 1847 1552 non
1900 1498 2033 1553 tam
2084 1510 2231 1553 mea

155 1588 395 1661 sponte
429 1596 632 1659 quam
665 1578 1250 1662 potentissimorum
1286 1579 1560 1643 duorum
1600 1581 1915 1664 exemplo,
1950 1582 2062 1663 qui
2096 1604 2233 1645 om·

151 1671 256 1735 nis
297 1666 570 1737 Cassios
605 1671 1052 1757 Antoniosque
1100 1672 1395 1759 conplexi
1430 1682 1609 1750 sunt,
1653 1672 1973 1739 hominem
2011 1673 2232 1739 adule-

155 1778 456 1830 scentem
515 1786 647 1829 non
707 1780 840 1831 tam
893 1767 1170 1833 adlicere
1235 1766 1411 1829 volui
1466 1786 1663 1849 quam
1716 1766 1990 1831 alienare
2034 1765 2231 1831 nolui.

155 1857 282 1923 hoc
323 1869 398 1921 tu
433 1881 654 1923 meum
688 1860 1024 1925 consilium
1057 1858 1284 1925 laudes
1317 1880 1581 1925 necesse
1616 1870 1741 1937 est3
1794 1859 2027 1923 mutari
2060 1859 2232 1923 enim

153 1973 292 2017 non
333 1962 565 2036 potest.
654 1953 734 2019 de
772 1952 1001 2023 Ocella
1034 1977 1264 2041 parum
1299 1954 1523 2021 ad³me
1556 1954 1747 2040 plane
1790 1954 2135 2040 scripseras
2168 1962 2235 2017 et
2266 1974 2297 2014 5

145 2046 226 2111 in
264 2046 434 2111 actis
469 2068 602 2111 non
635 2058 798 2113 erat:
836 2059 987 2115 tuae
1011 2070 1116 2114 res
1149 2059 1373 2134 gestae
1404 2048 1499 2113 ita
1522 2058 1713 2115 notae
1746 2059 1915 2124 sunt,
1950 2058 2024 2111 ut
2058 2058 2233 2111 trans

143 2150 454 2206 montem
497 2140 788 2207 Taurum
841 2143 1032 2208 etiam
1081 2142 1162 2209 de
1205 2142 1517 2207 Matrinio
1566 2142 1649 2209 sit
1694 2142 2001 2210 auditum.
2090 2162 2232 2227 eg0‚

147 2234 288 2299 nisi
347 2234 668 2393 qgidmme
722 2237 958 2303 etesiae
1010 2236 1465 2313 morabuntur,
1528 2236 1843 2314 celeriter,
1898 2248 1972 2301 ut
2022 2257 2229 2323 spem,

153 2350 282 2395 vos
322 2350 388 2395 vi
435 2350 470 2395 e
561 2376 580 2393 .

1129 2564 1241 2621 XV
1242 2565 1288 2619 1.

524 2665 642 2721 Scr.
678 2666 738 2721 in
775 2666 1024 2721 Cumano
1061 2684 1251 2723 mense
1287 2668 1475 2739 Aprili
1516 2686 1565 2722 a.
1603 2684 1657 2721 u.
1688 2684 1736 2721 c.
1775 2667 1892 2720 705.

581 2768 657 2823 M.
695 2767 969 2824 CICERO
1005 2768 1160 2824 IMP.
1206 2768 1263 2825 S.
1299 2770 1373 2823 D.
1411 2770 1489 2823 M.
1528 2766 1828 2824 CAELIO.

303 2893 556 2978 Magno
604 2892 820 2957 dolore
865 2914 968 2957 me
1005 2892 1392 2959 adfecissent
1426 2904 1577 2959 tuae
1621 2890 1899 2967 litterae,
1940 2888 2065 2953 nisi
2106 2887 2234 2953 iam
2273 2914 2294 2951 1

169 3000 236 3053 et
283 2985 450 3051 ratio
493 2986 636 3073 ipsa
679 2985 1029 3072 depulisset
1064 2986 1268 3053 omnis
1317 2986 1641 3053 molestias
1679 2997 1744 3053 et
1791 2984 2091 3050 diuturna
2125 2982 2237 3048 de·

172 3080 542 3167 speratione
577 3102 790 3145 rerum
816 3079 1224 3145 obduruisset
1260 3081 1509 3145 animus
1546 3081 1629 3145 ad
1655 3080 1939 3145 dolorem
1965 3100 2235 3153 novum3

171 3174 294 3241 sed
345 3184 594 3251 tamen,
657 3194 787 3257 qua
844 3196 914 3239 re
967 3172 1272 3239 acciderit
1323 3184 1401 3236 ut
1450 3196 1531 3239 ex
1592 3173 1753 3236 meis
1804 3170 2238 3255 superioribus

171 3267 408 3335 litteris
442 3268 514 3333 id
546 3267 962 3353 suspicarere,
1001 3267 1174 3350 quod
1207 3266 1457 3343 scribis,
1493 3267 1739 3332 nescio:
1776 3264 1933 3348 quid
1968 3264 2136 3329 enim
2172 3264 2240 3327 in

173 3363 306 3427 illis
351 3360 477 3427 fuit
518 3372 774 3447 praeter
817 3362 1146 3445 querelam
1191 3359 1588 3445 temporum?
1642 3380 1807 3443 quae
1850 3378 1985 3423 non
2024 3376 2241 3419 meum

179 3456 470 3521 animum
507 3456 714 3541 magis
752 3456 1096 3521 sollicitum
1138 3455 1382 3523 habent
1414 3475 1609 3538 quam
1654 3464 1855 3517 tuum.
1924 3473 2077 3517 nam
2110 3471 2243 3516 non

179 3572 328 3617 eam
363 3551 640 3636 cognovi
675 3550 878 3617 aciem
921 3550 1164 3636 ingenii
1199 3549 1324 3627 tui,
1368 3548 1543 3635 quod
1576 3548 1713 3635 ipse
1750 3546 2032 3623 videam,
2076 3554 2141 3611 te
2174 3544 2245 3609 id

179 3654 253 3709 ut
279 3666 420 3713 non
448 3656 674 3730 putem
700 3644 948 3713 videret
984 3642 1146 3711 illud
1171 3644 1387 3721 miror,
1422 3643 1657 3709 adduci
1690 3642 1975 3729 potuisse
2011 3653 2097 3711 te,
2132 3640 2247 3723 qui

179 3762 291 3806 me
321 3740 586 3825 penitus
615 3760 808 3807 nosse
843 3740 1129 3816 deberes,
1165 3750 1237 3805 ut
1271 3737 1665 3807 existimares
1694 3749 1805 3803 aut
1838 3758 1941 3801 me
1978 3746 2109 3799 tam
2144 3734 2243 3795 in-

181 3834 548 3921 providum,
587 3834 698 3919 qui
726 3833 810 3899 ab
839 3835 1116 3902 excitata
1141 3834 1399 3902 fortuna
1426 3835 1509 3899 ad
1542 3831 1912 3901 inclinatam
1948 3838 2013 3891 et
2046 3846 2247 3911 prope

179 3930 502 3995 iacentem
548 3928 1000 4006 desciscerem,
1052 3940 1162 3995 aut
1198 3938 1330 3993 tam
1373 3928 1867 4001 inconstantem,
1922 3932 1995 3985 ut
2036 3919 2249 3984 conle-

183 4040 358 4093 ctam
399 4025 680 4112 gratiam
722 4023 1150 4093 florentissimi
1191 4021 1467 4089 hominis
1514 4018 1908 4088 effunderem
1945 4038 1985 4082 a
2018 4036 2251 4100 meque
