2675 4559
686 199 1245 258 EPISTOLARUM
1278 201 1415 258 XII.
1451 203 1674 258 17—19.
2079 191 2204 259 301

138 337 202 393 et
238 344 571 412 speraram
605 324 946 409 prudentia
980 333 1093 392 tua
1126 323 1331 390 fretus
1365 335 1450 403 et,
1486 337 1559 390 ut
1595 325 2000 406 confiderem,
2035 327 2208 394 fece-

137 431 293 486 runt
326 431 477 486 tuae
510 419 911 505 gratissimae
946 419 1107 486 mihi
1138 419 1418 498 litterae,
1453 421 1648 504 idque
1675 433 1748 486 ut
1782 422 1983 488 facias
2011 443 2206 507 quam

140 513 547 600 saepissime,
592 525 665 578 ut
701 525 766 580 et
800 514 957 599 quid
991 526 1063 581 tu
1098 537 1255 600 agas
1292 526 1360 581 et
1401 515 1560 600 quid
1595 526 1826 601 agatur
1860 515 2024 582 scire
2054 537 2208 602 pos-

139 610 259 674 sim
297 617 365 674 et
400 607 593 673 etiam
627 608 787 691 quid
822 620 1081 674 acturus
1117 609 1226 686 sis,
1262 609 1450 675 valde
1485 620 1549 676 te
1583 632 1762 696 rogo.
1817 611 1937 676 etsi
1969 611 2207 696 perini-

138 725 269 786 quo
304 702 601 788 patiebar
644 703 859 768 animo
894 713 959 768 te
994 726 1035 768 a
1068 726 1173 769 me
1217 702 1498 790 digredi,
1545 714 1762 770 tamen
1805 727 1882 770 eo
1919 715 2205 790 tempore

138 819 242 861 me
290 796 699 873 consolabar,
754 797 927 880 quod
962 808 1027 863 et
1068 798 1139 863 in
1184 821 1510 864 summum
1554 798 1757 863 otium
1791 809 1856 864 te
1897 799 1992 864 ire
2034 799 2207 863 arbi-

139 891 357 954 trabar
410 901 475 957 et
526 891 610 955 ab
668 891 1163 980 inpendentibus
1216 893 1470 979 magnis
1519 893 1794 978 negotiis
1849 893 2202 958 discedere:

140 997 490 1068 utrumque
524 996 743 1053 contra
778 985 1039 1065 accidit3
1092 987 1235 1052 istic
1270 988 1440 1053 enim
1486 987 1726 1054 bellum
1760 997 1859 1053 est
1889 997 2205 1063 exortum,
2239 1006 2264 1044 2

138 1080 243 1144 hie
277 1101 415 1164 pax
448 1091 821 1158 consecuta,
858 1081 974 1146 sed
1008 1093 1227 1148 tamen
1260 1083 1398 1151 eius
1432 1080 1608 1148 modi
1641 1104 1802 1167 pax,
1844 1082 1913 1148 in
1945 1103 2104 1166 qua,
2151 1081 2208 1146 si

138 1174 401 1239 adesses
414 1221 434 1250 ,
488 1175 691 1242 multa
740 1185 805 1242 te
855 1197 989 1242 non
1032 1176 1440 1254 delectarent,
1493 1199 1572 1249 ea
1615 1188 1858 1255 tamen,
1913 1198 2080 1261 quae
2121 1198 2206 1241 ne

138 1269 357 1354 ipsum
392 1266 742 1336 Caesarem
786 1269 1049 1355 quidem
1092 1272 1414 1338 delectant
1421 1297 1441 1350 3
1488 1272 1806 1338 bellorum
1841 1273 2014 1338 enim
2047 1271 2206 1336 civi-

136 1363 299 1428 lium
333 1361 381 1426 ii
414 1385 668 1450 semper
702 1365 911 1430 exitus
946 1377 1127 1444 sunt,
1174 1377 1249 1430 ut
1280 1389 1414 1433 non
1450 1389 1528 1432 ea
1561 1368 1772 1434 solum
1802 1367 1991 1443 fiant,
2037 1388 2206 1450 quae

139 1456 293 1522 velit
332 1457 565 1534 vietor,
606 1458 733 1542 *sed
769 1458 991 1536 etiam,
1046 1469 1121 1524 ut
1153 1459 1231 1524 iis
1267 1482 1408 1526 mos
1445 1460 1768 1546 gerendus
1801 1460 1913 1538 sit,
1967 1459 2204 1545 quibus

139 1551 544 1616 adiutoribus
578 1551 660 1617 sit
692 1565 877 1638 parta
912 1555 1195 1622 victoria.
1265 1554 1568 1638 equidem
1613 1555 1706 1620 sic
1740 1555 1872 1619 iam
1908 1554 2203 1631 obdurui,

137 1657 209 1708 ut
261 1645 434 1710 ludis
480 1643 779 1712 Caesaris
830 1649 1033 1713 nostri
1086 1647 1299 1713 animo
1351 1648 1737 1732 aequissimo
1789 1649 2073 1715 viderem
2124 1653 2203 1712 Τ.

134 1741 480 1818 Plancum,
518 1743 806 1809 audirem
833 1743 1101 1809 Laberii
1130 1737 1200 1810 'et
1223 1743 1446 1809 Publii
1480 1749 1796 1830 poemata.
1854 1743 2012 1808 nihil
2046 1742 2203 1808 mihi

135 1850 269 1903 tam
306 1838 533 1904 deesse
568 1837 729 1902 scito
756 1859 951 1925 quam
977 1838 1239 1922 quicum
1270 1837 1431 1903 haec
1465 1838 1863 1904 familiariter
1889 1838 2204 1922 docteque

33 1941 36 1980 ἴ
134 1932 415 1996 rideam:
468 1932 525 1996 is
567 1943 641 1997 tu
684 1931 839 2008 eris,
894 1932 947 1996 si
991 1953 1187 2016 quam
1241 1932 1520 2018 primum
1570 1932 1849 2010 veneris3
1904 1930 2080 2016 quod
2130 1942 2204 1996 ut

134 2026 360 2104 facias,
395 2049 527 2092 non
561 2049 705 2092 mea
740 2028 969 2105 solum,
1006 2027 1121 2092 sed
1156 2025 1351 2093 etiam
1385 2038 1499 2092 tua
1530 2027 1838 2093 interesse
1876 2025 2166 2092 arbitror.

1094 2187 1256 2241 XIX.

664 2287 781 2344 Ser.
800 2289 1015 2345 Romae
1034 2291 1138 2345 sub
1156 2289 1327 2345 finem
1349 2307 1399 2344 a.
1420 2307 1475 2344 ιι.
1497 2307 1545 2344 c.
1568 2290 1686 2344 708.

689 2390 966 2448 CICERO
1004 2391 1449 2452 CORNIFICIO
1489 2391 1653 2448 SAL.

266 2497 749 2566 Lubentissime
782 2498 915 2584 legi
950 2510 1095 2564 tuas
1130 2499 1374 2565 litteras
1387 2547 1407 2576 ,
1449 2499 1520 2564 in
1553 2498 1786 2583 quibus
1821 2497 2204 2564 iucundissi-
2238 2515 2262 2552 1

132 2616 317 2658 mum
362 2592 523 2658 mihi
565 2592 718 2670 fuit,
772 2593 949 2677 quod
992 2594 1265 2680 cognovi
1308 2617 1486 2659 meas
1539 2592 1658 2658 tibi
1705 2591 1987 2658 redditas
2031 2613 2201 2667 esse3

131 2709 266 2752 non
312 2687 487 2753 enim
531 2686 903 2752 dubitabam
948 2687 1105 2773 quin
1158 2711 1265 2756 eas
1319 2687 1614 2754 lubenter
1665 2687 1946 2752 lecturus
1999 2707 2199 2750 esses:

131 2781 411 2848 verebar
444 2792 518 2847 ut
550 2781 986 2847 redderentur.
1075 2782 1348 2858 bellum,
1385 2781 1560 2866 quod
1593 2792 1690 2846 est
1723 2780 1791 2846 in
1827 2778 2040 2865 Syria,
2077 2775 2204 2864 Sy-

128 2877 433 2959 riamque
464 2874 858 2960 provinciam
892 2876 1011 2941 tibi
1046 2876 1353 2942 tributam
1389 2899 1528 2942 esse
1565 2898 1604 2941 a
1639 2872 1923 2942 Caesare
1959 2893 2040 2940 ex
2075 2873 2200 2942 tuis

132 2971 363 3036 litteris
402 2969 703 3054 cognovi:
750 2991 897 3036 eam
938 2993 1079 3036 rem
1114 2970 1231 3035 tibi
1267 2971 1414 3036 volo
1452 2967 1616 3036 bene
1653 2980 1718 3036 et
1749 2968 2019 3034 feliciter
2051 2989 2202 3034 eve-

133 3066 305 3144 nire3
342 3066 520 3148 quod
552 3065 643 3130 ita
676 3065 817 3131 fore
852 3065 1104 3133 confido
1140 3065 1344 3133 fretus
1382 3076 1446 3131 et
1478 3063 1792 3132 industria
1825 3074 1891 3129 et
1924 3061 2204 3148 pruden-

136 3160 231 3224 tia
280 3171 415 3226 tua.
504 3159 618 3224 sed
666 3159 745 3224 de
778 3158 1067 3226 Parthici
1119 3159 1272 3226 belli
1324 3159 1675 3244 suspitione
1727 3156 1902 3241 quod
1955 3155 2202 3230 scribis,
2238 3181 2264 3220 2

136 3276 296 3318 sane
340 3275 445 3318 me
490 3253 851 3324 commovit.
951 3257 1105 3340 quid
1148 3253 1477 3340 copiarum
1518 3251 1819 3327 haberes,
1874 3271 2022 3315 cum
2067 3248 2205 3334 ipse

136 3347 509 3414 coniectura
536 3349 842 3434 consequi
875 3359 1185 3434 poteram,
1215 3360 1355 3414 tum
1383 3371 1464 3414 ex
1490 3347 1620 3413 tuis
1644 3345 1869 3412 litteris
1899 3342 2203 3430 cognovi3

133 3441 359 3526 itaque
395 3453 568 3528 opt0,
603 3465 685 3510 ne
714 3465 783 3508 se
818 3443 930 3509 illa
963 3466 1124 3529 gens
1154 3455 1410 3510 moveat
1435 3445 1558 3510 hoc
1592 3454 1899 3528 tempore,
1936 3441 2092 3504 dum
2121 3438 2204 3504 ad

134 3546 201 3602 te
232 3536 523 3648 legiones
568 3561 683 3604 eae
726 3537 1187 3625 perducantur,
1230 3560 1394 3623 quas
1443 3538 1634 3607 audio
1681 3535 1852 3602 duci.
1939 3532 2115 3618 quod
2151 3533 2206 3596 si

135 3632 315 3718 paris
347 3633 569 3718 copias
606 3633 690 3698 ad
724 3633 1201 3720 confligendum
1230 3656 1364 3700 non
1397 3631 1668 3698 habebis
1676 3679 1698 3710 ‚
1735 3652 1865 3697 non
1899 3639 1964 3696 te
1999 3627 2207 3714 fugiet

136 3725 237 3790 uti
272 3726 541 3794 consilio
573 3726 673 3792 Μ.
708 3727 958 3806 Bibuli,
1004 3728 1117 3813 qui
1163 3750 1232 3794 se
1266 3727 1506 3814 oppido
1541 3724 1966 3792 munitissimo
1998 3733 2066 3788 et
2102 3742 2208 3786 co·-

136 3820 505 3906 piosissimo
540 3832 675 3886 tam
708 3821 825 3890 diu
858 3823 1091 3899 tenuit,
1136 3843 1331 3906 quam
1366 3822 1532 3891 diu
1512 3845 1581 3888 ιιι
1614 3818 1948 3906 provincia
1979 3813 2210 3884 Parthi

140 3914 426 3981 fuerunt.
478 3915 598 3982 sed
632 3915 791 3982 haec
827 3917 1057 3982 melius
1090 3939 1171 3982 ex
1206 3939 1277 3982 re
1310 3930 1377 3984 et
1413 3939 1494 3983 ex
1527 3931 1812 4002 tempore
1841 3912 2206 3982 constitues.
2243 3932 2267 3971 a

138 4008 301 4076 mihi
335 4009 601 4096 quidem
626 4033 832 4097 usque
866 4033 1059 4080 curae
1087 4011 1206 4078 erit
1240 4011 1396 4098 quid
1424 4033 1601 4102 agae,
1637 4009 1792 4078 dum
1819 4007 1975 4096 quid
2003 4005 2210 4094 egeris
