2675 4559
502 247 633 316 310
1111 257 1186 310 M.
1226 234 1502 316 *runnu
1537 255 1940 316 CICERONIS

500 385 681 452 illum
734 381 995 468 quidem
1047 379 1202 446 mihi
1256 391 1510 467 aptum,
1575 403 1746 447 nunc
1798 403 1952 448 vero
2003 381 2196 447 etiam
2256 382 2508 448 suaveml

501 479 712 544 voltus
746 475 1110 543 mehercule
1152 487 1297 541 tuos
1343 475 1502 540 mihi
1547 475 1859 562 expressit
1893 477 2129 555 omnis,
2175 499 2298 541 non
2339 477 2511 542 solum

501 571 784 638 animum
820 593 896 637 ac
931 570 1131 636 verba
1161 569 1454 656 pertulit3
1490 571 1706 655 itaque
1739 569 1874 636 noli
1908 570 2116 638 vereri
2149 593 2234 638 ne
2264 570 2372 636 tibi
2401 594 2512 635 sus-

501 667 875 743 censuerim,
910 665 1087 751 quod
1122 665 1350 732 eodem
1385 666 1680 752 exemplo
1716 665 1800 730 ad
1833 687 1959 743 me,
1995 685 2128 751 quo
2164 667 2249 732 ad
2281 677 2510 732 ceteros:

498 761 805 845 requisivi
834 759 1133 846 equidem
1166 759 1456 847 proprias
1484 759 1570 825 ad
1601 781 1706 827 me
1743 782 1944 826 unum
1972 783 2012 826 a
2047 772 2114 826 te
2150 761 2396 836 litteras,
2426 760 2512 826 sed

498 875 708 942 neque
744 853 1155 921 vehementer
1190 866 1255 921 et
1290 866 1596 922 amanter.
1687 854 1768 921 de
1803 865 2098 942 sumptu,
2151 877 2338 941 quem
2375 865 2429 920 te
2461 854 2512 918 in

498 971 635 1016 rem
671 949 1011 1016 militarem
1056 949 1267 1016 facere
1302 960 1368 1016 et
1411 949 1643 1015 fecisse
1677 949 1867 1028 dicis,
1910 949 2071 1015 nihil
2105 971 2266 1015 sane
2295 970 2512 1036 possum

498 1043 619 1110 tibi
652 1043 975 1131 opitulari,
1010 1055 1347 1131 propterea
1379 1044 1554 1127 quod
1579 1054 1646 1110 et
1680 1045 1875 1110 orbus
1913 1057 1999 1110 est
2035 1057 2295 1111 senatus
2327 1065 2514 1110 consu·

496 1139 669 1206 libus
696 1139 977 1216 amissis;
1004 1149 1067 1205 et
1100 1138 1504 1206 incredibiles
1531 1139 1870 1226 angustiae
1895 1140 2212 1226 pecuniae
2244 1139 2513 1226 publicae,

500 1254 667 1318 quae
722 1233 1116 1318 conquiritur
1165 1232 1483 1317 undique,
1543 1245 1618 1299 ut
1666 1234 1906 1321 optime
1959 1233 2205 1302 meritis
2253 1232 2509 1300 militibus

498 1329 811 1415 promissa
844 1328 1200 1406 solvantur3
1236 1328 1414 1414 quod
1448 1327 1710 1414 quidem
1745 1329 1883 1395 fieri
1918 1329 2060 1396 sine
2097 1329 2332 1394 tributo
2361 1347 2510 1415 posse

498 1443 626 1486 non
662 1422 951 1487 arbitror.
1004 1421 1087 1488 de
1102 1421 1287 1487 Attio
1316 1421 1635 1510 Dionysio
1670 1423 1830 1489 nihil
1863 1435 2022 1511 puto
2059 1447 2221 1503 esse,
2254 1422 2510 1508 quoniam
2613 1479 2615 1482 Α

498 1515 655 1580 mihi
688 1515 847 1581 nihil
883 1515 1045 1582 dixit
1078 1517 1433 1583 Tratorius.
1508 1519 1586 1583 de
1623 1517 1702 1583 P.
1740 1518 2028 1585 Lucceio
2064 1519 2226 1584 nihil
2258 1518 2366 1584 tibi
2395 1537 2510 1582 con·

499 1610 687 1688 cedo,
741 1631 872 1696 quo
918 1611 1261 1678 studiosior
1295 1613 1434 1678 eius
1470 1612 1555 1678 sis
1568 1660 1587 1691 ,
1642 1635 1836 1698 quam
1873 1636 1996 1700 ego
2034 1636 2178 1681 sum
2190 1640 2208 1692 ;
2258 1626 2348 1680 est
2377 1611 2509 1678 enim

496 1705 683 1771 nobis
718 1707 1136 1772 necessarius.
1228 1707 1342 1774 sed
1378 1731 1417 1772 a
1450 1707 1772 1794 magistris
1811 1730 1957 1796 cum
1995 1710 2422 1776 contenderem
2451 1705 2509 1768 de

496 1799 879 1885 proferendo
918 1801 1051 1878 die,
1086 1800 1440 1887 probarunt
1474 1801 1629 1866 mihi
1665 1823 1836 1880 sese,
1872 1823 2003 1888 quo
2041 1805 2253 1870 minus
2283 1803 2346 1869 id
2375 1801 2508 1866 faee-

497 1905 669 1970 rent,
726 1906 789 1961 et
833 1895 1267 1984 conpromisso
1312 1906 1377 1962 et
1429 1897 1569 1962 iure
1623 1897 1895 1963 iurando
1950 1899 2227 1986 inpediri
2234 1924 2253 1978 3
2302 1921 2416 1983 qua
2453 1915 2505 1960 re

498 1988 885 2054 veniendum
922 1989 1193 2055 arbitror
1226 1989 1540 2056 Lucceiot
1585 2011 2010 2077 quamquam,
2141 1993 2296 2060 meis
2325 1990 2503 2058 litteris

499 2082 983 2169 obtemperavit,
1020 2107 1168 2150 cum
1202 2096 1277 2152 tu
1300 2085 1464 2152 haec
1497 2087 1697 2174 leges,
1731 2087 1913 2154 illum
1930 2088 2184 2156 Romae
2211 2111 2340 2156 esse
2361 2107 2504 2172 opor-

496 2176 685 2241 tebit..
730 2179 955 2243 ceteris
990 2179 1073 2245 de
1107 2181 1300 2246 rebus
1335 2180 1744 2267 maximeque
1771 2183 1854 2248 de
1887 2183 2184 2272 pecunia,
2221 2205 2356 2251 cum
2368 2182 2501 2247 Pan-

496 2283 604 2335 sae
638 2282 910 2338 mortem
942 2272 1294 2358 ignorares,
1330 2275 1660 2361 scripsisti,
1698 2296 1864 2361 quae
1898 2299 2020 2364 per
2043 2301 2164 2346 nos
2193 2279 2272 2344 ab
2297 2297 2365 2344 eo
2387 2296 2502 2340 con·
2610 2271 2613 2342 'a

494 2364 677 2447 sequi
728 2373 792 2431 te
835 2387 1025 2450 posse
1072 2368 1450 2434 arbitrarere
1461 2393 1480 2446 3
1535 2391 1704 2454 quae
1748 2382 1813 2438 te
1855 2393 2015 2438 non-
2041 2373 2420 2447 fefellissent,
2459 2366 2499 2430 si

494 2458 765 2538 viveret3
809 2483 963 2526 nam
996 2472 1063 2528 te
1099 2462 1438 2548 diligebat:
1484 2476 1631 2551 post
1664 2478 1937 2534 mortem
1971 2480 2191 2536 autem
2225 2469 2352 2534 eius
2382 2461 2503 2549 quid

492 2552 630 2618 fieri
655 2565 892 2641 posset,
918 2577 1051 2621 non
1076 2557 1474 2625 videbamus.
1530 2560 1610 2626 de
1627 2561 1965 2641 Venuleio,
1983 2562 2243 2641 Latino,
2260 2557 2501 2632 Horatio,

492 2647 680 2716 valde
714 2650 936 2716 laudo:
982 2651 1141 2718 illud
1176 2675 1307 2719 non
1340 2654 1609 2721 nimium
1642 2656 1875 2741 probo,
1923 2659 2099 2743 quod
2135 2656 2374 2732 scribis,
2404 2670 2502 2736 quo

490 2743 585 2809 illi
620 2744 833 2811 animo
869 2746 1169 2830 aequiore
1203 2747 1473 2827 ferrent,
1517 2760 1582 2816 te
1626 2751 1752 2816 tuis
1788 2751 1982 2817 etiam
2025 2751 2252 2840 legatis
2292 2750 2500 2816 lictores

490 2838 805 2905 ademisse
816 2863 835 2916 3
879 2839 1121 2908 honore
1164 2842 1335 2908 enim
1370 2863 1519 2909 cum
1552 2845 1904 2932 ignominia
1951 2846 2164 2934 dignis
2207 2865 2330 2911 non
2359 2847 2501 2908 erant

492 2934 926 3019 comparandi,
962 2957 1200 3022 eosque
1229 2959 1309 3003 ex
1338 2950 1596 3004 senatus
1625 2941 1937 3019 consulto,
1973 2941 2028 3006 si
2056 2963 2185 3007 non
2210 2936 2496 3006 decedunt,

492 3026 836 3112 cogendos,
865 3041 937 3094 ut
964 3030 1295 3109 decedant,
1326 3033 1638 3099 existimo.
1692 3033 1854 3100 haec
1878 3034 2014 3101 fere
2041 3036 2125 3102 ad
2151 3057 2257 3101 eas
2280 3033 2496 3100 litteras,

490 3141 650 3204 quas
688 3121 914 3188 eodem
949 3126 1245 3212 exemplo'
1280 3127 1466 3194 binas
1503 3129 1748 3214 accepit
1787 3129 1868 3195 de
1903 3130 2170 3216 relique,
2204 3127 2377 3194 velim
2406 3117 2492 3186 tibi

484 3215 875 3300 persuadeas
904 3241 1035 3284 non
1062 3243 1201 3286 esse
1230 3221 1390 3286 mihi
1425 3243 1635 3288 meam
1663 3223 2041 3310 dig-nitatem
2077 3237 2187 3291 tua
2213 3220 2488 3288 cariorem·
