2675 4559
455 216 542 285 60
1063 230 1141 285 Μ.
1180 228 1455 287 TULLII
1488 228 1891 288 CICERONIS

453 367 648 441 atque
685 355 956 441 adeptus
1000 355 1123 420 eris
1168 354 1345 439 quod
1391 364 1456 419 et
1498 364 1570 421 tu
1605 353 1870 419 confidis
1916 365 1982 421 et
2016 376 2139 441 ego
2175 366 2359 441 opto,
2413 356 2524 421 lit-

452 463 622 516 teras
657 450 923 515 miseris.
994 448 1172 535 longi
1207 448 1514 525 subsellii,
1548 458 1624 512 ut
1656 460 1873 513 noster
1904 447 2255 537 Pompeius
2294 450 2524 535 appel-

451 544 571 622 lat,
607 543 912 609 iudicatio
949 553 1013 609 et
1047 564 1227 608 mora
1261 543 1317 608 si
1350 564 1545 626 quem
1582 542 1698 607 tibi
1732 543 1887 608 item
1924 564 2129 608 unum
2165 543 2524 610 alterumve

454 638 625 703 diem
678 637 1011 703 abstulerit
1044 674 1133 685 --
1175 637 1335 723 quid
1388 637 1558 704 enim
1610 646 1823 723 potest
1872 638 2189 723 amplius?
2230 673 2345 715 -,
2400 648 2521 703 tua

453 742 669 797 tamen
705 730 983 817 dignitas
1019 726 1210 797 suum
1242 732 1460 797 locum
1496 730 1826 798 obtinebit.
1883 730 2017 809 sed,
2052 732 2106 796 si
2141 752 2245 797 me
2280 730 2521 817 diligis,

453 826 507 891 si
545 850 584 891 a
619 850 724 890 me
761 827 942 913 diligi
976 826 1105 903 vis,
1154 826 1238 891 ad
1272 849 1377 892 me
1411 826 1684 903 litteras,
1729 836 1803 891 ut
1838 846 2035 913 quam
2071 825 2351 911 primum
2384 826 2523 891 lae-

453 920 594 985 titia
629 920 920 999 adficiat,
957 920 1212 987 mittito.
1301 931 1370 986 et
1401 919 1625 999 velim,
1670 919 1990 1004 reliquum
2022 920 2199 1029 quod
2234 932 2333 986 est
2366 940 2521 1005 pro-

453 1014 630 1080 missi
665 1036 741 1080 ac
783 1015 1068 1080 muneris
1105 1014 1229 1093 tui,
1275 1014 1433 1079 mihi
1465 1014 1823 1099 persolvas.
1871 1036 2020 1081 cum
2051 1014 2259 1099 ipsam
2294 1012 2520 1100 cogni-

450 1109 689 1175 tionem
723 1109 878 1173 iuris
915 1108 1171 1196 augurii
1205 1109 1513 1193 consequi
1546 1108 1734 1195 cupio
1749 1156 1769 1187 ‚
1814 1118 1953 1173 tum
1988 1108 2353 1174 mehercule
2388 1106 2520 1173 tuis

449 1202 902 1269 incredibiliter
971 1202 1196 1268 studiis
1259 1224 1414 1288 erga
1476 1225 1579 1268 me
1641 1202 2141 1286 muneribusque
2211 1200 2518 1267 delector.

452 1297 625 1381 quod
679 1307 894 1363 autem
948 1320 988 1361 a
1035 1320 1141 1363 me
1196 1297 1322 1362 tale
1376 1296 1681 1381 quiddam
1736 1295 2092 1375 desideras,
2146 1318 2301 1361 sane
2356 1294 2520 1361 mihi

451 1391 985 1457 considerandum
1039 1402 1165 1469 est,
1231 1412 1515 1475 quonam
1576 1402 1639 1457 te
1692 1414 2061 1459 remunerer
2110 1390 2519 1477 potissimum

449 1508 714 1572 genere3
764 1506 920 1549 ‚nam
964 1486 1252 1570 profecto
1297 1508 1428 1550 non
1465 1497 1562 1551 est
1596 1508 1844 1564 meum,
1900 1486 2013 1570 qui
2046 1485 2113 1549 in
2148 1485 2515 1562 scribendo,

449 1591 522 1645 ut
556 1579 720 1645 soles
757 1579 1102 1656 admirari,
1133 1590 1384 1645 tantum
1418 1579 1769 1646 industriae
1805 1601 2068 1666 ponam,
2114 1578 2515 1644 committere

449 1685 521 1739 ut
563 1673 912 1760 neglegens
961 1671 1361 1761 [scribendo]
1398 1674 1597 1763 fuisse
1641 1674 1890 1752 videar,
1942 1673 2316 1758 praesertim
2361 1693 2516 1738 cum

447 1766 517 1832 id
549 1789 681 1833 non
716 1768 908 1833 modo
943 1769 1364 1855 neglegentis,
1402 1768 1517 1834 sed
1553 1766 1745 1833 etiam
1770 1768 2006 1854 ingrati
2040 1768 2237 1832 animi
2268 1767 2516 1832 crimen

451 1863 742 1927 futurum
786 1862 887 1927 sit.
977 1884 1202 1928 verum
1237 1862 1399 1928 haec
1432 1862 1813 1929 videbimus.
1900 1862 2081 1940 illud,
2117 1862 2291 1946 quod
2324 1862 2517 1948 polli-

449 1956 608 2023 ceris
624 2005 642 2034 ‚
687 1958 879 2021 velim
914 1978 1031 2043 pro
1067 1967 1181 2021 tua
1213 1956 1340 2021 fide
1380 1956 1841 2043 diligentiaque
1876 1968 1942 2023 et
1974 1979 2092 2043 pro
2126 1966 2345 2021 nostra
2378 1969 2515 2021 non'

444 2051 763 2126 instituta,
801 2050 915 2116 sed
949 2052 1078 2115 iam
1112 2052 1467 2116 inveterata
1502 2050 1781 2117 amicitia
1817 2073 2001 2117 cures
2037 2063 2093 2116 et
2126 2051 2400 2127 enitare,
2434 2060 2515 2115 ut

447 2145 826 2231 supplicatio
861 2144 1047 2209 nobis
1076 2166 1271 2228 quam
1305 2144 1939 2210 honorificentissime
1966 2167 2164 2229 quam
2198 2145 2513 2230 primum-

445 2259 572 2322 que
620 2240 1015 2305 decernatur.
1103 2238 1362 2303 omnino
1410 2238 1611 2303 serius
1656 2238 1801 2304 misi
1843 2239 2085 2305 litteras
2131 2261 2327 2324 quam
2372 2238 2513 2304 vel-

443 2333 601 2412 lem3
653 2334 723 2401 in
763 2354 892 2417 quo
929 2356 1077 2400 cum
1113 2333 1457 2399 difficultas
1504 2333 1852 2420 navigandi
1896 2334 2021 2399 fuit
2064 2334 2313 2411 odiosa,
2368 2343 2511 2399 tum

442 2431 511 2492 in
545 2430 756 2515 ipsum
793 2428 1146 2494 discessum
1181 2438 1442 2493 senatus
1477 2427 1775 2494 incidisse
1802 2428 1994 2494 eredo
2022 2450 2198 2494 meas
2232 2428 2477 2494 litteras
2490 2453 2509 2491 τ

444 2521 559 2587 sed
599 2522 668 2586 id
711 2522 838 2589 feci
873 2522 1186 2588 adductus
1223 2522 1601 2588 auctoritate
1638 2532 1702 2588 et
1736 2522 1999 2587 consilio
2045 2533 2186 2600 tuo,
2230 2522 2429 2607 idque
2464 2545 2507 2585 a

443 2636 546 2680 me
591 2627 762 2682 recte
809 2616 1052 2681 factum
1095 2626 1281 2702 puto,
1338 2615 1510 2700 quod
1556 2638 1685 2682 non
1729 2618 1974 2694 statim,
2027 2626 2101 2681 ut
2143 2616 2508 2702 appellatus

441 2709 788 2795 imperator
835 2711 985 2786 sim,
1041 2711 1155 2775 sed
1197 2710 1337 2775 aliis
1382 2710 1575 2775 rebus
1631 2709 1864 2775 additis
1918 2710 2297 2795 aestivisque
2352 2731 2507 2776 con-

440 2802 624 2868 fectis
688 2804 928 2869 litteras
993 2804 1291 2869 miserim.
1400 2804 1560 2869 haec
1619 2804 1817 2891 igitur
1879 2806 1995 2871 tibi
2047 2815 2232 2871 erunt
2285 2826 2503 2883 curae,

440 2916 633 2978 quem
669 2897 752 2959 ad
786 2896 1049 2961 modum
1084 2897 1398 2974 ostendis,
1434 2920 1667 2983 meque
1704 2909 1911 2965 totum
1947 2910 2011 2966 et
2038 2919 2187 2963 mea
2222 2909 2286 2964 et
2321 2920 2505 2964 meos

441 2989 917 3056 commendatos
952 2989 1240 3055 habebis.

1431 3143 1505 3197 Χ.

870 3243 987 3300 Ser.
1009 3244 1328 3301 Laodiceae
1348 3263 1540 3302 mense
1558 3246 1711 3301 Maio
1732 3263 1783 3299 a.
1804 3263 1859 3299 u.
1882 3262 1929 3299 c.
1950 3245 2066 3299 704.

943 3350 1022 3403 Μ.
1062 3346 1337 3405 CICERO
1375 3350 1497 3403 ΑΡ.
1534 3345 1901 3404 PULCHRO
1940 3345 1995 3403 S.

572 3460 743 3525 Cum
773 3472 868 3528 est
897 3462 981 3527 ad
1006 3484 1126 3527 nos
1153 3463 1441 3527 adlatum
1470 3463 1549 3527 de
1578 3462 1934 3529 temeritate
1962 3483 2201 3539 eorum,
2240 3462 2355 3545 qui
2382 3463 2496 3529 tibi

436 3555 768 3641 negotium
800 3556 1207 3634 facesserent,
1245 3556 1367 3623 etsi
1399 3555 1683 3643 graviter
1715 3558 1921 3644 primo
1956 3557 2179 3623 nuntio
2216 3578 2500 3626 commo-

437 3661 540 3715 tus
578 3671 749 3727 sum,
796 3650 969 3734 quod
1002 3650 1162 3716 nihil
1209 3661 1342 3716 tam
1384 3662 1639 3738 praeter
1671 3651 2036 3738 opinionem
2079 3672 2291 3717 meam
2328 3653 2499 3718 acci·-

437 3744 588 3811 dere
623 3744 859 3830 potuit,
905 3756 1120 3811 tamen
1134 3794 1152 3823 ,
1197 3757 1272 3812 ut
1303 3769 1411 3811 me
1447 3747 1703 3834 collegi,
1749 3757 1962 3814 cetera
1994 3746 2153 3811 mihi
2187 3744 2497 3813 facillima

436 3837 845 3917 videbantur,
883 3840 1058 3925 quod
1093 3851 1158 3907 et
1191 3840 1258 3905 in
1293 3851 1357 3907 te
1392 3841 1533 3926 ipso
1568 3842 1915 3907 maximam
1949 3864 2131 3928 spem
2166 3851 2230 3907 et
2262 3840 2332 3905 in
2368 3842 2495 3907 tuis

437 3954 739 4017 magnam
775 3933 1116 4015 habebam,
1152 3935 1482 4019 multaque
1518 3936 1675 3999 mihi
1709 3935 2054 4001 veniebant
2085 3935 2157 3999 in
2190 3945 2495 4014 mentem,

437 4044 631 4111 quam
668 4027 750 4091 ob
795 4050 932 4095 rem
973 4026 1170 4097 istum
1218 4030 1506 4097 laborem
1549 4029 1665 4095 tibi
1701 4030 1895 4097 etiam
1928 4027 2152 4095 honori
2196 4041 2500 4116 putarem
