2675 4559
776 204 782 210 ’
824 217 1381 276 EPISTOLARUM
1414 219 1484 276 V.
1521 220 1608 275 21.
2118 205 2242 274 117

212 364 357 406 mus.
441 340 586 419 sed,
645 353 717 407 ut
757 340 866 405 illa
908 342 1191 407 secunda
1233 342 1559 407 moderate
1602 341 1892 418 tulimu3‚
1948 343 2039 407 sie
2073 342 2239 407 hane
2272 362 2303 402 ι

209 458 324 501 non
370 435 577 501 solum
632 435 994 513 adversam,
1058 435 1172 500 sed
1232 435 1521 501 funditus
1572 457 1863 501 eversam
1913 435 2239 501 fortunam

206 530 434 594 fortiter
478 529 654 595 ferre
697 529 1034 605 debemus;
1080 539 1156 593 ut
1194 529 1319 594 hoo
1364 530 1587 594 saltem
1622 530 1691 593 in
1723 528 2019 594 maximis
2054 529 2237 594 malis

206 622 340 688 boni
383 644 885 708 consequamur,
938 635 1014 690 ut
1055 634 1356 701 mortem,
1409 625 1603 707 quaxn
1645 624 1839 689 etiam
1880 624 2054 689 beati
2088 646 2240 690 oon-

201 729 463 787 temnere
490 717 911 810 debebamue,
946 730 1284 805 propterea
1307 709 1486 806 quod
1507 718 1754 789 nullum
1781 740 2038 784 sensum
2072 732 2242 784 esset

200 811 508 889 habitura,
556 835 734 878 nune
768 812 862 878 sie
896 812 1134 878 adfecti
1167 834 1297 878 non
1332 803 1525 878 niodo
1562 826 1966 879 contemnere
2002 814 2238 880 debea-

200 928 343 984 mus,
375 906 492 980 sed
528 907 730 977 etiam
761 919 1001 993 optare.
1071 919 1163 984 tu,
1200 908 1258 976 si
1288 929 1393 976 me
1429 907 1640 993 diligis
1653 953 1672 983 ,
1706 907 1919 975 fruere
1953 906 2075 973 isto
2110 908 2238 971 otio
2272 923 2298 963 ⁵

200 998 419 1083 tibique
479 1000 805 1102 persuade
864 1010 1117 1088 praeter
1169 1000 1426 1089 eulpam
1490 998 1598 1087 [ao
1648 998 2047 1086 peecatum],
2110 1020 2240 1083 qua
2279 1070 2301 1095 ι

197 1114 428 1177 semper
460 1094 730 1162 caruisti
776 1105 840 1160 et
884 1093 1158 1171 carebia,
1210 1092 1454 1158 homini
1500 1094 1791 1160 accidere
1824 1092 1982 1159 nihil
2027 1114 2236 1177 posse,

198 1186 353 1268 quod
385 1187 471 1251 sit
512 1186 822 1253 horribile
865 1198 979 1254 aut
1019 1188 1617 1275 pertimescendum.
1705 1209 1859 1273 eg0,
1906 1188 1959 1253 si
1993 1185 2241 1251 videbi-

199 1292 289 1343 tur
315 1292 487 1347 reete
523 1282 668 1347 fieri
709 1304 929 1369 posue,
983 1283 1067 1348 ad
1107 1293 1175 1349 te
1207 1282 1463 1347 veniam
1506 1281 1715 1359 brevi3
1771 1279 1826 1346 si
1871 1280 2027 1366 quid
2072 1278 2238 1344 aoei-

199 1370 368 1451 derit,
419 1387 497 1440 ut
547 1377 934 1441 mutandum
979 1376 1312 1441 eonsilium
1354 1376 1468 1452 sit,
1519 1386 1585 1441 te
1629 1375 1959 1441 certiorem
2003 1372 2237 1439 faciam

196 1467 410 1532 statim.
501 1481 577 1534 tu
615 1470 708 1534 ita
741 1470 846 1534 fae
890 1469 1160 1556 cupidus
1201 1470 1329 1536 mei
1375 1468 1637 1534 videndi
1672 1468 1788 1545 sis,
1832 1477 1906 1532 ut
1947 1467 2137 1533 istinc
2172 1475 2236 1531 te

196 1582 267 1625 ne
295 1584 556 1629 moveas
593 1576 730 1628 tam
754 1562 1004 1630 infirma
1029 1562 1413 1638 valetudine,
1448 1562 1571 1628 nisi
1599 1584 1678 1626 ex
1706 1584 1810 1627 me
1836 1560 2012 1644 prius
2039 1581 2236 1644 quae-

199 1656 358 1721 sieris
407 1680 528 1743 per
580 1659 856 1735 litteras,
908 1657 1062 1741 quid
1109 1667 1174 1722 te
1216 1656 1411 1724 velim
1453 1656 1695 1722 faeere:
1749 1677 1853 1720 me
1897 1655 2117 1730 velim,
2162 1664 2235 1717 ut

198 1747 336 1813 facis
350 1797 368 1826 ,
421 1752 662 1839 diligas
714 1750 1192 1834 valetudinique
1246 1761 1397 1814 tuae
1446 1760 1509 1813 et
1560 1746 1998 1831 tranquillitati
2043 1745 2239 1810 animi

200 1863 436 1911 servias.
