2675 4559
662 256 1219 355 Ems'roLARUM
1249 297 1416 354 xm.
1457 300 1681 356 73—77.
2082 290 2214 358 357

182 421 538 488 constantiae
575 430 742 486 tuae.
832 443 873 485 a
905 430 970 484 te
1004 420 1176 486 idem
1209 421 1372 486 illud
1393 432 1587 508 peto,
1639 434 1714 489 ut
1749 425 1829 490 de
1863 425 2006 492 loco
2016 476 2037 504 1
2081 448 2210 512 quo
2248 448 2274 488 e

180 516 440 601 deportet
472 515 893 592 frumentum,
942 525 1009 580 et
1052 515 1133 580 de
1179 526 1466 602 tempore
1501 518 1784 584 Avianio
1821 524 2209 600 commodes

178 630 421 696 quorum
470 619 815 694 utrumque
867 631 985 695 per
1036 610 1315 676 eundem
1367 633 1474 677 me
1519 612 1794 679 obtinuit
1845 617 2209 694 triennium,

178 703 311 768 dum
339 703 687 814 Pompeius
721 704 828 770 isti
860 703 1119 790 negotio
1155 704 1456 815 praefuit.
1528 729 1778 773 summa
1814 720 1940 789 est,
1976 710 2041 776 in
2081 732 2209 796 qun

177 796 309 861 mihi
328 796 769 907 ‘gratissimum
812 794 1024 864 facere
1067 799 1308 885 possis,
1355 800 1410 865 si
1445 801 1716 878 curaris,
1765 813 1837 867 ut
1871 803 2209 880 Avianius,

178 892 447 974 quoniam
478 915 548 958 se
574 915 634 957 a
640 915 743 958 me
768 893 971 958 amari
998 904 1201 979 putat,
1237 917 1343 960 me
1374 918 1414 960 a
1438 905 1502 960 te
1530 896 1732 961 amari
1767 897 1954 962 sciat:
1993 900 2110 964 erit
2145 900 2213 960 id

177 985 306 1050 mihi
337 996 725 1073 pergratum.
761 1022 765 1025 ·

1043 1223 1317 1280 LXXVI.

902 1324 1021 1381 Sor.
1044 1344 1191 1382 anno
1210 1328 1440 1384 incerto.

271 1426 340 1482 Μ
374 1427 655 1485 CICERO
693 1428 873 1484 --1111
913 1428 1123 1485 VIRIS
1158 1431 1263 1485 ΕΤ
1299 1430 1882 1489 DECURIONIBUS
1920 1430 1979 1487 S.
2012 1432 2085 1485 Π.

278 1550 516 1618 Tantae
569 1552 731 1618 mihi
784 1574 933 1618 cum
987 1551 1074 1635 Q.
1128 1553 1378 1640 Hippio
1434 1577 1667 1622 causae
1720 1523 2209 1622 necessitudinis
2249 1584 2269 1620 ι

63 1662 84 1726 ζ.
173 1657 313 1724 sunt,
345 1659 414 1713 ut
446 1648 612 1714 nihil
644 1647 845 1735 possit
881 1670 1022 1714 esse
1056 1649 1479 1726 coniunctius,
1515 1671 1712 1733 quam
1738 1672 1857 1715 nos
1891 1651 2057 1715 inter
2093 1672 2209 1716 nos

72 1767 74 1769 ·
172 1761 388 1821 sumus3
432 1743 613 1828 quod
648 1742 774 1808 nisi
805 1742 895 1809 ita
930 1754 1132 1821 esset,
1178 1754 1393 1808 uterer
1425 1766 1573 1809 mea
1608 1744 2101 1820 consuetudine,
2137 1756 2209 1808 ut

169 1835 326 1902 vobis
355 1839 534 1903 nulla
569 1837 641 1902 in
674 1859 745 1914 re
773 1838 1081 1902 molestus
1110 1860 1337 1904 essem.
1394 1839 1628 1903 etenim
1660 1859 1775 1903 vos
1803 1837 1962 1902 mihi
1989 1840 2209 1924 optimi

82 2015 87 2020 ⁸
170 1939 335 2012 testes
369 1932 540 2012 estis,
580 1953 732 1998 cum
764 1931 925 1996 mihi
956 1953 1335 2017 persuasum
1369 1944 1536 1997 esset
1571 1932 1730 1997 nihil
1764 1955 1926 2011 esse,
1961 1932 2133 2018 qued
2169 1956 2209 1996 a

82 2047 90 2051 -
170 2024 325 2090 vobis
342 2026 701 2114 'impetrare
736 2047 869 2090 non
912 2048 1200 2113 possem,
1252 2048 1611 2112 numquam
1655 2050 1760 2094 me
1802 2038 2016 2094 tamen
2061 2052 2209 2112 gra-

74 2169 79 2176 .
170 2138 293 2183 vem
340 2122 520 2187 vobis
572 2143 715 2189 esse
762 2120 1059 2187 voluisse.
1149 2120 1563 2187 vehementer
1607 2122 1804 2209 igitur
1848 2144 1964 2188 vos
2016 2124 2209 2188 etiam
2245 2148 2269 2184 ε

76 2228 82 2234 ’
169 2222 333 2296 atque
367 2216 561 2282 etiam
597 2236 787 2302 rogo,
833 2226 908 2279 ut
954 2215 1215 2280 honoris
1256 2216 1388 2281 mei
1422 2238 1619 2283 causa
1651 2216 2093 2284 liberalissime
2133 2216 2205 2284 G.

59 2304 62 2394 ¹j
170 2304 445 2394 Valgium
470 2309 879 2396 Hippianum
916 2310 1200 2377 tractetis
1235 2332 1503 2396 remque
1540 2334 1688 2378 cum
1724 2328 1814 2378 eo'
1839 2312 2209 2388 conficiatiffi

169 2410 243 2477 ut,
274 2424 458 2487 quam
490 2405 964 2492 possessionem
1002 2404 1197 2471 habet
1230 2407 1299 2470 in
1337 2428 1495 2492 agro
1529 2406 1914 2494 Fregellano
1952 2432 1992 2472 a
2026 2408 2209 2472 vobis

80 2500 83 2593 j
169 2513 446 2590 emptam,
502 2525 653 2568 eam
693 2501 961 2567 liberam
1011 2513 1075 2567 et
1118 2503 1450 2567 inmunem
1495 2502 1732 2569 habere
1767 2504 1998 2589 possit:
2053 2504 2121 2568 id
2157 2504 2213 2568 si

70 2595 81 2621 '⁷
166 2612 199 2653 a
227 2595 395 2660 vobis
428 2596 809 2683 impetrarO,
854 2617 1106 2662 summo
1142 2619 1245 2662 me
1281 2595 1595 2662 beneficio
1633 2606 1844 2662 vestro
1881 2596 2209 2661 adfectum

72 2728 75 2729 ν
167 2684 514 2756 arbitrabor.

1028 2883 1330 2980 Lxxvn.

609 3027 727 3085 Ser.
745 3027 962 3082 Romae
982 3044 1171 3082 mense
1192 3025 1393 3083 Sextili
1412 3045 1463 3082 a.
1483 3044 1542 3081 ιι.
1560 3044 1608 3082 c.
1630 3028 1748 3082 709.

346 3131 422 3186 Μ.
460 3128 740 3188 CICERO
779 3129 835 3186 S.
870 3130 946 3184 D.
982 3130 1049 3185 P.
1090 3129 1451 3186 SULPICIO
1487 3127 1992 3185 IMPERATORI.

276 3252 444 3322 Cum
476 3256 580 3320 his
613 3254 1009 3341 temporibus
1037 3276 1168 3320 non
1204 3277 1358 3320 sane
1393 3254 1463 3319 in
1489 3265 1784 3319 senatum
1810 3252 2209 3328 ventitareffl‚
2249 3276 2269 3312 ι

72 3378 80 3418 f
165 3354 377 3428 tamen,
412 3361 490 3416 ut
524 3362 667 3415 tuas
700 3350 946 3415 litteras
981 3349 1140 3435 legi,
1167 3372 1299 3413 non
1333 3348 1698 3414 existimavi
1731 3368 1836 3413 me
1863 3347 2041 3412 salvo
2073 3348 2209 3412 iure

75 3453 81 3474 ¹
164 3455 398 3513 nostrae
442 3445 677 3512 veteris
723 3444 1041 3510 amicitiae
1074 3445 1555 3528 multorumque
1604 3443 1772 3509 inter
1814 3463 1932 3506 nos
1968 3444 2209 3506 officim-

71 3563 75 3566 ·
166 3557 292 3601 rum
324 3540 537 3608 facere
580 3562 797 3626 posse,
850 3551 926 3605 ut
968 3539 1197 3604 honori
1243 3550 1356 3604 tuo
1394 3539 1714 3615 deessem3
1768 3537 1984 3620 itaque
2029 3536 2209 3600 adfui

167 3633 806 3719 supplicationemque
833 3633 951 3698 tibi
985 3633 1283 3699 lubenter
1310 3632 1588 3710 decrevi,
1624 3653 1746 3698 nec
1772 3630 2016 3715 reliquo
2053 3644 2211 3696 tem-

59 3769 67 3826 ἶ
165 3742 306 3805 pore
354 3729 487 3794 ullo
542 3741 655 3795 aut
706 3729 800 3794 rei
852 3738 963 3792 aut
1026 3727 1479 3793 existimationi
1541 3736 1655 3792 aut
1713 3723 2010 3811 dignitati
2061 3736 2209 3788 tuae

59 3831 63 3859 ··
166 3814 360 3887 deero.
413 3834 627 3908 atque,
663 3822 787 3888 hoc
821 3834 895 3888 ut
928 3822 1023 3887 tui
1057 3821 1402 3888 necessarii
1436 3821 1660 3897 sciant,
1697 3818 1821 3884 hoc
1855 3840 1960 3883 me
1998 3820 2210 3882 animo

166 3930 309 3996 erga
348 3926 413 3980 te
457 3940 627 3993 esse,
684 3917 876 3982 velim
910 3915 1112 3982 facias
1147 3937 1257 3981 eos
1292 3937 1410 4001 per
1452 3914 1696 3979 litteras
1733 3911 2061 3988 certiores
2121 3928 2210 3986 ut

167 4003 216 4066 Si
255 4010 409 4091 quid
450 4012 568 4077 tibi
610 4033 771 4099 opus
816 4012 898 4078 sit
911 4057 931 4088 ‚
974 4034 1057 4077 ne
1101 4009 1401 4075 dubitent
1435 4008 1593 4073 mihi
1631 4008 1776 4074 iure
1812 4028 1930 4073 suo
1967 4006 2214 4072 denum

166 4097 333 4168 tiare.
403 4105 499 4172 Μ.
535 4104 889 4231 Bolanum,
923 4106 1135 4172 virum
1169 4105 1414 4171 bonum
1449 4115 1513 4172 et
1548 4104 1781 4170 fortem
1816 4112 1882 4170 et
1916 4104 2273 4168 omnibuss
