2675 4559
431 212 519 282 22
1051 220 1128 273 Μ.
1167 204 1439 275 TULLII
1475 216 1881 277 CICERONIS

431 358 650 415 nostra
692 344 928 431 gratia,
980 364 1183 429 paene
1229 366 1270 407 a
1309 342 1470 407 meis
1514 340 1795 407 Laribus
1837 341 1905 406 in
1948 344 2343 427 provinciam
2389 356 2493 411 est

430 442 787 531 profectus3
833 462 982 504 nam
993 484 1012 515 ,
1058 456 1208 505 ’011111
1243 437 1401 501 1111111
1436 436 1850 513 condixisset,
1888 438 2139 505 cenavit
2170 440 2348 525 apud
2380 462 2495 505 me

429 538 498 603 in
531 536 659 601 mei
690 534 911 619 generi
943 530 1343 617 Crassipedis
1377 530 1597 597 hortis.
1654 552 1850 615 quam
1876 532 1961 597 ob
1995 555 2133 600 rem
2160 533 2297 599 eius
2332 554 2495 598 cau-

430 652 587 705 sam,
623 628 796 713 quod
823 639 886 693 te
914 625 1136 691 scribis
1167 625 1443 702 audisse,
1474 647 1712 710 magna
1736 625 1906 691 illius
1934 626 2493 693 commendatione

431 733 795 807 susceptam
829 720 1088 785 defendi
1121 720 1190 784 in
1225 730 1483 795 senatu,
1522 720 1687 787 sicut
1720 742 1866 785 mea
1899 720 2059 785 fides
2094 721 2489 805 postulabat.

345 842 396 882 21
432 816 760 901 accepisti,
805 814 1039 899 quibus
1084 813 1276 879 rebus
1313 813 1628 880 adductus
1664 834 1987 897 quamque
2020 836 2158 879 rem
2193 836 2495 882 causam-

291 917 296 921 ’
430 917 558 995 (1110
593 908 1015 985 defenderim,
1068 907 1306 990 quique
1351 928 1534 973 meus
1568 907 1637 973 in
1670 930 1741 973 re
1783 906 2044 992 publica
2078 908 2161 973 sit
2192 930 2310 994 pro
2338 930 2491 973 mea

429 1014 612 1089 parte
655 1002 1047 1087 capessenda
1091 1011 1326 1077 status3
1380 1001 1461 1067 de
1508 1022 1635 1085 quo
1680 1001 1774 1065 sic
1818 1002 2009 1069 velim
2056 1012 2325 1079 statuae,
2378 1026 2489 1069 me

429 1096 590 1161 haec
635 1096 860 1161 eadem
903 1098 1239 1161 sensurum
1282 1094 1511 1169 fuisse,
1566 1095 1621 1159 si
1664 1095 1821 1160 mihi
1862 1094 2115 1181 integra
2156 1096 2373 1163 omnia
2406 1118 2491 1161 ac

427 1190 629 1257 libera
663 1189 959 1258 fuissent:
995 1212 1148 1253 nam
1181 1210 1394 1272 neque
1428 1189 1850 1274 pugnandum
1884 1188 2227 1257 arbitrarer
2260 1200 2493 1257 contra

428 1294 637 1350 tantas
691 1304 844 1368 opes
896 1302 1107 1365 neque
1159 1282 1531 1359 delendum,
1585 1282 1778 1349 etiam
1830 1283 1886 1347 si
1935 1283 2003 1349 id
2052 1282 2191 1351 fieri
2240 1297 2487 1369 posset,

429 1397 820 1442 summorum
849 1375 1085 1443 civium
1119 1374 1545 1461 principatum
1570 1398 1691 1443 nec
1726 1378 2231 1461 permanendum
2256 1378 2325 1444 in
2350 1400 2490 1444 una

428 1470 739 1536 sententia
781 1470 1103 1535 conversis
1143 1471 1338 1535 rebus
1376 1492 1453 1535 ac
1498 1470 1815 1539 bonorum
1858 1467 2291 1537 voluntatibus
2338 1496 2489 1539 mu·-

427 1564 600 1639 tatis,
645 1564 761 1629 sed
794 1564 1188 1649 temporibus
1225 1564 1730 1631 adsentiendum.
1818 1588 2169 1650 numquam
2207 1568 2378 1633 enim
2413 1572 2485 1633 in

424 1658 895 1743 praestantibus
929 1659 998 1723 in
1031 1680 1100 1723 re
1147 1659 1409 1744 publica
1440 1659 1863 1747 gubernanda
1897 1660 2049 1725 viris
2084 1660 2348 1727 laudata
2382 1673 2485 1727 est

422 1752 492 1816 in
519 1775 648 1817 una
675 1747 985 1819 sententia
1009 1764 1321 1839 perpetua
1348 1754 1731 1841 permansiO,
1759 1754 1893 1830 sed,
1920 1765 1993 1818 ut
2016 1754 2083 1820 in
2110 1755 2486 1843 navigando

422 1848 786 1930 tempestati
822 1847 1089 1931 obsequi
1125 1850 1278 1913 artis
1313 1860 1439 1927 est,
1486 1849 1679 1915 etiam
1718 1850 1773 1913 si
1808 1860 2063 1934 portum
2098 1860 2315 1917 tenere
2346 1872 2481 1915 non

424 1961 652 2023 queas,
705 1962 853 2006 cum
897 1962 1050 2005 vero
1085 1940 1153 2007 id
1197 1941 1405 2027 possis
1451 1953 1699 2007 mutata
1734 1943 2153 2011 velificatione
2186 1944 2481 2029 adsequi,
2504 1954 2531 1967 ‘

422 2034 686 2099 stultum
739 2045 837 2099 est
899 2056 1047 2099 eum
1108 2044 1324 2101 tenere
1380 2058 1529 2101 cum
1588 2037 1875 2122 periculo
1926 2059 2219 2115 cursum,
2282 2058 2477 2123 quem

421 2130 684 2213 ceperis,
719 2128 932 2215 potius
967 2150 1164 2213 quam
1199 2152 1275 2199 eo
1307 2141 1697 2198 commutato
1734 2153 1865 2215 quo
1894 2133 2055 2200 velis
2089 2144 2304 2199 tamen
2330 2155 2481 2219 per-

419 2220 668 2297 venire,
729 2222 849 2299 sic,
915 2244 1064 2289 cum
1117 2224 1415 2291 omnibus
1476 2226 1663 2291 nobis
1724 2226 1793 2291 in
1846 2226 2350 2313 administranda
2406 2250 2477 2293 re

417 2314 677 2399 publica
719 2318 1115 2401 propositum
1161 2340 1300 2385 esse
1346 2319 1581 2386 debeat
1630 2319 1730 2397 id,
1783 2321 1959 2405 quod
2010 2344 2051 2388 a
2084 2344 2209 2387 me.
2234 2322 2477 2407 saepis-

419 2408 576 2473 sime
622 2408 863 2473 dietum
907 2422 1034 2489 est,
1081 2434 1228 2483 cum
1274 2412 1587 2500 dignitate
1636 2416 1870 2493 01111111,
1915 2437 2045 2481 11011
2088 2416 2262 2481 1ᾶο111
2306 2438 2477 2481 sem-

416 2524 532 2585 per
567 2502 804 2580 dicere,
859 2505 974 2571 sed
1015 2506 1187 2571 idem
1233 2530 1485 2595 semper
1530 2521 1831 2595 spectare
1863 2510 2191 2577 debemus.
2279 2530 2477 2593 quam

419 2595 502 2659 ob
553 2618 718 2673 rem,
789 2609 862 2663 ut
914 2600 1106 2684 paulo
1161 2613 1308 2669 ante
1370 2604 1586 2689 posui,
1660 2604 1715 2668 si
1776 2616 1989 2671 essent
2042 2604 2257 2669 omnia
2316 2602 2475 2668 mihi

417 2690 831 2770 solutissima,
886 2704 1103 2761 tamen
1146 2696 1214 2761 in
1257 2720 1328 2765 re
1370 2698 1632 2783 publica
1662 2721 1795 2764 11011
1840 2698 2001 2765 alius
2038 2722 2245 2767 essem
2281 2710 2476 2783 atque

412 2806 588 2849 nunc
633 2808 804 2852 sum:
843 2809 990 2853 oum
1034 2812 1188 2855 vero
1231 2791 1301 2855 in
1344 2792 1517 2857 hunc
1561 2784 1822 2859 sensum
1866 2804 1931 2859 et
1972 2793 2235 2859 adliciar
2278 2794 2477 2861 bene-

413 2877 574 2943 ficiis
619 2878 950 2945 hominum
986 2894 1050 2947 et
1091 2886 1417 2969 conpellar
1458 2886 1737 2965 iniuriis,
1782 2886 1971 2953 facile
2015 2888 2223 2973 patior
2257 2908 2337 2953 ea
2370 2910 2477 2953 me

417 2970 496 3034 de
531 2993 600 3035 re
646 2974 905 3056 publica
949 2977 1182 3042 sentire
1218 3000 1294 3043 ae
1331 2980 1570 3057 dicere,
1620 3003 1785 3065 quae
1819 2981 2098 3049 maxime
2133 3005 2281 3047 cum
2314 2982 2475 3047 mihi

413 3074 552 3127 tum
623 3065 816 3130 etiam
874 3068 964 3133 rei
1020 3070 1332 3155 'publicae
1395 3075 1747 3143 rationibus
1807 3087 2029 3162 putem
2092 3076 2477 3145 conducere.

413 3157 692 3245 apeitius
747 3170 964 3225 autem
1015 3163 1174 3231 haee
1221 3188 1345 3252 ago
1390 3187 1465 3233 ae
1510 3170 1795 3255 saepius,
1848 3170 2023 3254 quod
2066 3181 2131 3237 et
2166 3169 2476 3253 Quintus,

411 3250 610 3317 frater
649 3276 861 3333 meus,
898 3256 1148 3344 legatus
1186 3272 1283 3327 est
1319 3259 1615 3331 Caesaris
1652 3275 1717 3329 et
1748 3264 2001 3329 nullum
2034 3286 2249 3331 meum
2284 3266 2475 3331 mini·-

411 3367 590 3411 mum
625 3347 889 3428 dictum,
926 3374 1056 3417 non
1089 3356 1280 3423 modo
1316 3356 1587 3434 factum,
1622 3380 1739 3445 pro
1777 3356 2057 3425 Caesare
2091 3359 2477 3437 intercessit,

411 3441 585 3521 quod
635 3441 744 3507 ille
790 3467 920 3509 non
960 3446 1054 3513 ita
1096 3448 1347 3515 inlustri
1391 3452 1599 3536 gratia
1644 3454 1995 3539 exceperit,
2048 3465 2117 3517 ut
2162 3476 2285 3540 ego
2320 3478 2473 3521 eum

409 3532 565 3597 mihi
617 3531 988 3632 devinctum
1041 3551 1355 3625 putarem.
1442 3544 1663 3630 itaque
1718 3546 1855 3613 eius
1905 3546 2081 3611 omni
2122 3558 2187 3613 et
2237 3549 2474 3633 gratia,

409 3644 574 3706 quae
609 3646 860 3694 summa
887 3642 1004 3710 est,
1043 3644 1108 3699 et
1135 3635 1387 3719 opibus,
1422 3658 1585 3721 quas
1620 3638 1939 3725 intellegis
1966 3664 2107 3707 esse
2132 3642 2471 3719 maximas,

409 3718 501 3815 sic
533 3718 714 3785 fruor
745 3732 819 3789 ut
859 3725 1048 3803 meis3
1103 3750 1224 3795 nec
1267 3730 1425 3798 mihi
1470 3732 1653 3799 aliter
1685 3735 1969 3820 potuisse
2004 3736 2227 3802 videor
2260 3736 2471 3801 homi·-

405 3836 562 3881 num
595 3816 990 3901 perditorum
1025 3821 1108 3888 de
1143 3846 1247 3890 me
1285 3827 1549 3893 consilia
1584 3828 1901 3915 frangere,
1936 3830 2059 3895 nisi
2096 3852 2244 3896 cum
2278 3854 2475 3917 prae-

408 3908 584 3975 sidiis
635 3911 744 3990 iis,
807 3936 976 4000 quae
1039 3940 1290 4005 semper
1340 3915 1570 4001 habui,
1634 3946 1808 3991 1111110
1859 3924 2051 3991 etiam
2102 3926 2467 4011 potentium

319 4024 372 4065 22
407 4002 915 4085 benevolentiam
975 4014 1465 4083 coniunxissem.
1530 4099 1533 4103 ι
1572 4020 1671 4083 his
1738 4041 1859 4105 ego
1910 4020 2216 4097 consiliis,
2280 4022 2336 4087 si
2398 4032 2471 4087 te
