2675 4559
371 253 929 313 EPISTOLARUM
961 254 1071 322 AD
1110 253 1177 326 o.
1215 254 1592 321 FRATREM
1624 257 1811 314 11.15.
1847 259 1954 314 111.
1981 261 2032 315 1.
2107 247 2236 313 459

679 788 778 854 M.
840 787 1172 854 TULLII
1226 786 1730 856 CICERONIS

817 897 1590 972 EPISTOLARUM

557 1014 701 1080 AD
766 1011 1268 1098 QUINTUM
1328 1010 1848 1092 ‚FRATREM

882 1147 1121 1212 LIBER
1154 1148 1513 1208 TERTIUS.

1176 1302 1223 1356 Ι.

674 1405 794 1463 Sex.
819 1423 1007 1470 mense
1034 1405 1350 1478 Septembri
1376 1423 1426 1462 a.
1453 1410 1511 1460 u.'
1534 1424 1582 1462 e.
1610 1407 1728 1462 700.

504 1507 815 1568 MARCUS
853 1507 1149 1574 QUINTO
1185 1507 1483 1564 FRATRI
1519 1507 1912 1574 SALUTEM.

298 1625 449 1711 Ego
500 1647 582 1691 ex
636 1624 887 1709 magnis
941 1623 1259 1698 caloribus
1293 1659 1384 1675 —-
1416 1645 1546 1692 non
1601 1624 1772 1690 enim
1825 1626 2230 1692 meminimus
2269 1629 2301 1682 1

164 1722 443 1791 maiores
463 1757 551 1770 —-
578 1719 647 1788 in
689 1718 991 1804 Arpinati
1032 1741 1283 1784 summa
1326 1740 1476 1784 eum
1522 1717 1908 1785 amoenitate
1951 1719 2230 1786 fluminis
2271 1704 2290 1739 ¹

164 1839 271 1884 me
305 1812 502 1882 refeci
534 1813 832 1880 ludorum
862 1813 1111 1890 diebue‚
1146 1811 1496 1878 Philotimo
1531 1811 1874 1878 tribulibus
1902 1835 2228 1881 commen-

167 1910 355 1980 datio.
450 1909 519 1976 in
570 1909 833 1974 Arcano
886 1931 944 1973 a.
998 1908 1062 1972 d.
1106 1929 1219 1972 1111.
1265 1908 1426 1972 Idus
1481 1905 1884 1994 Septembris
1937 1909 2051 1974 fui.
2139 1909 2230 1975 ibi

164 2005 555 2072 Mescidium
584 2025 733 2070 oum
756 2003 1137 2080 Philoxeno,
1174 2021 1560 2087 aquamque,
1596 2024 1792 2086 quam
1826 2003 1873 2067 ii
1909 2004 2252 2084 ducebant·

163 2123 298 2166 non
341 2101 535 2186 longe
570 2121 611 2165 a
645 2098 825 2176 villa,
877 2098 1044 2164 belle
1088 2119 1242 2164 eane
1286 2098 1592 2166 fluentem
1629 2091 1802 2177 ‘vidi,
1855 2102 2229 2186 praesertim

164 2195 448 2262 maxima
482 2193 796 2271 siccitate,
832 2193 1323 2278 uberioremque
1361 2193 1691 2278 aliquanto
1725 2217 1868 2261 sese
1905 2196 2233 2272 conlectu-

164 2311 273 2359 ros
310 2312 450 2355 esse
484 2289 801 2354 dieebant.
858 2288 1032 2374 apud
1067 2289 1320 2354 Herum
1354 2299 1527 2354 reete
1563 2299 1719 2354 erat.
1773 2288 1840 2354 in
1869 2289 2230 2356 Maniliano

166 2383 410 2450 offendi
444 2381 791 2468 Diphilum
822 2381 1093 2469 Diphilo
1128 2382 1476 2456 tardiorem
1485 2407 1504 2461 3
1559 2384 1675 2449 sed
1717 2395 1933 2450 tamen
1976 2384 2135 2451 nihi-1
2170 2386 2231 2452 ei

164 2478 449 2544 restabat
483 2487 737 2562 praeter
780 2477 1109 2546 balnearia
1143 2489 1208 2542 et
1240 2478 1746 2548 ambulationem
1783 2490 1848 2545 et
1895 2479 2227 2545 aviarium.

165 2573 318 2642 villa
354 2569 513 2636 mihi
547 2570 735 2636 valde
772 2571 1045 2655 placuit,
1080 2573 1420 2658 propterea
1455 2572 1631 2656 quod
1662 2595 1985 2637 >summam
2021 2573 2234 2659 digni-

163 2679 365 2734 tatem
420 2663 861 2750 pavimentata
909 2665 1191 2750 porticus
1244 2666 1552 2742 habebat3
1618 2665 1793 2748 quod
1847 2665 2003 2730 mihi
2058 2689 2228 2731 nune

166 2761 445 2844 denique
488 2756 813 2844 adparuit,
866 2769 1289 2843 posteaquam
1336 2770 1402 2823 et
1445 2758 1586 2843 ipsa
1631 2769 1766 2824 tota
1800 2769 1978 2843 patet
2013 2771 2078 2825 et
2123 2782 2232 2824 eo·

162 2857 423 2922 lumnae
458 2853 695 2939 politae
731 2863 899 2918 eunt.
987 2863 1195 2918 totum
1236 2852 1305 2918 in
1339 2873 1418 2917 eo
1453 2863 1551 2918 eet
1585 2888 1672 2903 —-
1705 2854 1883 2937 quod
1917 2854 2075 2919 mihi
2111 2855 2231 2920 erit

166 2972 358 3016 curae
393 2985 481 2996 --
494 2998 512 3026 ,
556 2947 897 3014 tentorium
930 2959 1002 3012 ut
1040 2946 1426 3015 concinnum
1463 2947 1564 3012 eit.
1652 2947 2021 3032 pavimenta
2057 2960 2227 3015 reete

162 3045 305 3110 fieri
339 3043 751 3119 videbantur3
796 3063 1081 3108 camerae
1126 3041 1438 3125 quasdam
1483 3063 1612 3106 non
1647 3043 1918 3127 probavi
1963 3045 2228 3110 mutari-

165 3161 294 3223 que
326 3137 504 3204 iussi.
569 3157 699 3219 quo
732 3136 875 3201 loeo
908 3135 975 3200 in
1010 3135 1262 3220 porticu
1297 3147 1362 3202 te
1399 3135 1677 3202 scribere
1713 3135 1892 3200 aiunt
1929 3147 2003 3202 ut
2037 3138 2228 3203 atrio·
2263 3160 2290 3196 2

163 3234 299 3300 lum
335 3231 466 3307 fiat,
502 3230 690 3307 mihi,
736 3241 811 3294 ut
846 3242 971 3307 est,
1007 3229 1214 3315 magis
1250 3230 1578 3315 placebat3
1622 3251 1834 3314 neque
1869 3230 2038 3296 enim
2075 3233 2227 3297 satis

160 3327 291 3396 loci
343 3325 683 3392 videbatur
734 3347 875 3390 esse
928 3323 1185 3400 atri010,
1239 3345 1430 3409 neque
1482 3325 1618 3390 fere
1669 3325 1829 3390 solet
1873 3327 1996 3390 nisi
2038 3326 2105 3391 in
2149 3327 2225 3392 iis

164 3417 471 3490 aedificiis
518 3417 685 3493 fieri,
727 3418 797 3484 in
840 3418 1077 3502 quibus
1121 3430 1217 3484 eet
1262 3417 1496 3483 atrium
1539 3419 1778 3497 maine,
1825 3441 1946 3484 nee
1990 3419 2226 3487 habere

164 3525 417 3602 poterat
462 3513 767 3578 adiuncta
808 3512 1107 3578 cubicula
1149 3524 1216 3578 et
1260 3512 1578 3578 eiusmodi
1613 3513 1934 3578 membraz
1989 3517 2022 3594 †
2057 3535 2229 3578 nune

162 3609 286 3676 hoe
339 3608 442 3675 vel
506 3608 839 3675 honestate
900 3607 1237 3674 testudini·
1290 3607 1394 3674 vel
1459 3607 1644 3673 valde
1707 3607 1858 3672 boni
1911 3608 2226 3674 aestivum

162 3706 379 3773 locum
414 3703 743 3772 obtinebit.
796 3694 868 3768 tu
904 3714 1118 3769 tamen
1154 3702 1207 3768 ei
1244 3702 1427 3768 aliter
1461 3702 1680 3778 sentia,
1715 3701 1995 3768 rescribe
2031 3723 2226 3786 quam

163 3799 461 3885 primum.
548 3797 617 3862 in
650 3797 991 3864 balneariis
1028 3819 1175 3863 assa
1214 3797 1283 3862 in
1318 3798 1592 3863 alterum
1625 3796 1984 3890 apodyterii
2021 3817 2230 3882 angu-

160 3895 299 3962 lum
333 3893 645 3979 promovi,
682 3905 1020 3979 propterea
1053 3893 1229 3978 quod
1260 3893 1354 3958 ita
1389 3905 1572 3959 erant
1605 3893 1843 3979 posita,
1892 3903 1967 3958 ut
2003 3913 2224 3959 eorum

162 3988 569 4072 vaporarium
608 3985 717 4072 [ex
754 4010 883 4072 quo
919 3987 1086 4074 ignis
1132 3986 1440 4076 erumpit]
1491 3999 1661 4054 esset
1705 3989 2068 4054 subiectum
2111 4008 2226 4051 eu-

160 4081 410 4150 bioulis.
484 4081 849 4168 subgrande
887 4083 1255 4151 cubiculum
1290 4095 1508 4151 autem
1544 4097 1608 4151 et
1645 4083 1984 4152 hibernum
2023 4083 2224 4148 altum
