2675 4559
35 8 40 141 ι

787 219 1345 278 EPISTOLARUM
1378 223 1453 278 X.
1491 224 1576 280 10.
1598 225 1683 279 11.
2133 177 2279 282 2¹31*
2332 267 2335 269 Δ

193 347 539 435 potuisses.
627 346 874 433 primae
917 355 1065 410 tuae
1113 345 1467 412 sententiae
1500 345 1765 412 infinitis
1800 368 1948 414 cum
1982 354 2269 419 muneri·
2342 387 2345 392 ·

193 443 342 520 bus,
375 439 761 529 posteriores
798 439 882 505 ad
913 450 1168 526 tempus
1203 438 1667 525 arbitriumque
1704 443 2056 510 amicorum
2090 469 2267 512 meo·
2341 459 2343 464 '

189 559 342 603 rum
377 535 770 621 conpositae,
807 533 1009 599 oratio
1038 533 1308 600 adsidua
1345 544 1407 599 et
1442 545 1752 624 perpetua
1778 535 1860 602 de
1895 561 2020 616 me,
2054 539 2265 628 iurgia

192 653 346 697 cum
373 628 908 696 obtrectatoribus
943 639 1208 715 propter
1234 651 1338 693 me
1370 629 1702 694 notissima
1736 631 1893 696 mihi
1922 645 2099 712 sunt;
2134 655 2265 700 non

185 725 542 792 mediocris
587 715 968 792 adhibenda*
993 723 1152 786 mihi
1197 733 1295 788 est
1339 717 1547 800 cura,⁴
1574 735 1649 788 ut
1690 723 1785 788 rei
1828 725 2125 809 publicae
2158 749 2263 792 me

191 821 408 886 civem
435 818 704 904 dignum
735 818 864 884 tuis
899 818 1203 882 laudibus
1223 827 1565 902 praestem,
1600 817 1669 882 in
1697 817 1975 886 amicitia
2009 821 2103 885 tui
2130 843 2265 886 me-

191 933 444 979 morem
477 922 674 996 atque
715 923 994 999 gratum.
1083 912 1258 996 quod
1293 911 1619 996 reliquum
1650 922 1775 987 eet,
1811 922 1993 976 tuum
2029 935 2263 978 munus

187 1020 376 1073 tuere
413 1019 480 1072 et
513 1029 648 1083 me,
685 1007 770 1084 si,
807 1027 1000 1090 quem
1035 1027 1176 1072 esse
1210 1006 1501 1082 voluisti,
1548 1027 1697 1072 eum
1732 1006 1909 1070 exitu
1943 1007 2263 1090 rebusque

191 1101 536 1188 cognoscis
547 1147 566 1178 ,
621 1099 896 1166 defende
944 1122 1022 1165 ac
1065 1099 1338 1186 suscipe.
1430 1121 1577 1165 cum
1612 1099 2001 1165 Rhodanum
2046 1100 2261 1186 copias

187 1195 588 1261 traiecissem
621 1195 1014 1278 fratremque
1049 1215 1197 1259 cum
1231 1194 1436 1260 tribus
1472 1195 1733 1260 milibus
1758 1195 2043 1278 equitum
2078 1211 2267 1280 prae-2

189 1290 544 1366 misissem,
588 1290 728 1375 ipse
761 1290 886 1358 iter
920 1290 1002 1354 ad
1037 1289 1365 1354 Mutinam
1401 1289 1771 1376 dirigerem,
1816 1289 1885 1354 in
1918 1289 2144 1354 itinere
2180 1289 2261 1354 de
2352 1375 2357 1378 Ι

185 1385 442 1470 proelio
473 1384 648 1450 facto
681 1385 1018 1468 Brutoque
1055 1394 1120 1450 et
1154 1383 1417 1448 'Mutina
1450 1385 1783 1450 obsidione
1826 1384 2115 1450 liberatis
2148 1405 2263 1448 au-

190 1479 358 1543 divi:
396 1477 818 1544 animadverti
843 1479 1092 1542 nullum
1121 1479 1319 1542 alium
1355 1489 1683 1564 receptum
1718 1479 2077 1545 Antonium
2112 1479 2261 1544 reli-

187 1573 534 1657 quiesque,
570 1593 739 1656 quae
766 1593 913 1637 cum
941 1593 1020 1638 eo
1046 1583 1278 1648 essent,
1315 1571 1555 1636 habere
1579 1572 1703 1636 nisi
1728 1572 1797 1635 in
1822 1570 1925 1636 his
1949 1573 2257 1659 partibus,

189 1667 490 1750 duasque
544 1665 604 1732 ei
655 1687 802 1751 spes
855 1689 996 1732 esse
1050 1665 1441 1751 propositas,
1496 1685 1693 1728 unam
1746 1664 1986 1750 Lepidi
2034 1666 2257 1750 ipsius,

187 1759 462 1824 alteram
517 1761 852 1826 exercitus.
961 1761 1138 1844 quod
1188 1759 1509 1844 quaedam
1558 1779 1707 1843 par-s
1762 1759 2078 1824 exercitus
2128 1779 2258 1822 non

185 1854 412 1918 minus
437 1852 689 1919 furiosa
725 1864 823 1920 est
859 1875 1052 1938 quam
1090 1853 1202 1937 qui
1241 1875 1389 1917 eum
1424 1851 1710 1916 Antonio
1744 1851 2036 1931 fuerunt,
2082 1853 2261 1938 equi-

185 1959 400 2012 tatum
435 1948 763 2024 revocavi3
799 1947 941 2032 ipse
974 1948 1043 2011 in
1077 1946 1543 2032 Allobrogibus
1576 1946 1849 2024 constiti,
1886 1957 1959 2010 ut
1992 1943 2258 2032 proinde

187 2041 276 2107 ad
319 2041 547 2106 omnia⁴
584 2051 846 2126 paratus
894 2063 1098 2108 essem
1145 2063 1222 2106 ae
1263 2063 1371 2105 res
1410 2063 1517 2106 me
1551 2049 1859 2105 moneret.
1948 2039 2002 2103 si
2044 2037 2261 2104 nudus

185 2134 318 2200 hue
355 2157 426 2200 se
445 2135 772 2200 Antonius
807 2135 1072 2212 confert,
1108 2135 1301 2200 facile
1331 2133 1490 2198 mihi
1526 2133 1747 2199 videor
1780 2155 1897 2220 per
1931 2155 2035 2200 me
2070 2133 2260 2198 susti-

185 2251 346 2295 nere
379 2251 574 2316 posse
609 2251 880 2315 remque.
908 2230 1235 2316 publicam
1271 2251 1354 2294 ex
1388 2239 1602 2294 vestra
1638 2229 1952 2296 sententia
1986 2227 2257 2292 admini-

187 2336 426 2404 strare,
481 2325 774 2408 quamvis
831 2325 916 2390 ab
959 2325 1243 2390 exercitu
1285 2323 1526 2410 Lepidi
1579 2319 1923 2411 recipiatur
1930 2348 1950 2402 3
2006 2323 2061 2388 si
2102 2343 2255 2388 vero

185 2418 525 2506 copiarum
561 2419 804 2503 aliquid
840 2441 1058 2486 secum
1094 2419 1372 2486 adducet
1408 2429 1473 2484 et
1508 2419 1565 2484 si
1596 2419 1844 2484 decima
1875 2419 2049 2504 legio
2082 2428 2257 2482 vete-

183 2537 382 2592 rana,
435 2535 604 2599 quae
645 2524 864 2580 nostra.
905 2535 1100 2599 opera
1145 2523 1448 2580 revocata
1492 2533 1639 2578 cum
1686 2511 1947 2596 reliquis
1994 2522 2117 2589 est,
2173 2510 2257 2574 ad

185 2607 474 2675 eundem
509 2607 792 2674 furorem
827 2607 1104 2684 redierit,
1142 2617 1382 2682 tamen,
1416 2628 1503 2671 ne
1534 2603 1691 2692 quid
1727 2604 2088 2670 detrimenti
2122 2603 2255 2678 fiat,

185 2703 456 2769 dabitur
490 2723 690 2788 opera
722 2725 761 2766 a
793 2724 928 2778 me,
963 2701 1158 2784 idque
1189 2721 1298 2765 me
1333 2709 1804 2785 praestaturum
1838 2718 2056 2782 spere,
2102 2697 2259 2760 dum
2350 2749 2355 2752 .

183 2799 382 2863 istinc
417 2796 646 2882 copiae
679 2795 1055 2863 traiciantur
1089 2793 1596 2876 coniunctaeque
1632 2791 1970 2856 nobiscum
2003 2788 2255 2856 facilius

182 2891 480 2980 perditos
515 2891 897 2978 opprimant.
968 2889 1092 2952 hoe
1129 2887 1245 2952 tibi
1281 2888 1587 2972 spondeO,
1623 2887 1720 2950 mi'
1751 2879 2011 2962 Cicero«,
2044 2905 2255 2970 neque

189 2987 484 3052 animum
517 3005 640 3050 nec
669 2983 1072 3070 diligentiam
1113 2981 1272 3046 mihi
1309 2981 1693 3048 defuturam.
1782 2979 1977 3066 cupio
2009 2979 2259 3044 meher*

189 3083 372 3147 cules
405 3079 653 3144 nullam
686 3078 1010 3144 residuam
1045 3075 1535 3140 sollicitudinem
1574 3096 1744 3151 esse3
1796 3073 1911 3140 sed
1945 3075 1999 3138 si
2043 3069 2269 3151 feerit*-

189 3197 312 3241 nee
355 3172 576 3238 animo
617 3191 742 3238 nec
785 3168 1270 3236 benevolentiae
1315 3189 1439 3232 nec
1487 3167 1834 3252 patientiae
1858 3161 2259 3249 ‘cuiusquam

189 3289 310 3355 pro
345 3267 538 3332 vobis
570 3266 814 3332 cedam.
869 3263 957 3329 do
984 3263 1246 3348 quidem
1273 3283 1409 3348 ego
1436 3281 1717 3348 operam,
1752 3271 1825 3324 ut
1848 3259 2041 3324 etiam
2060 3257 2259 3344 Lepi-

190 3363 352 3428 dnm
371 3361 460 3426 ad
483 3361 675 3426 huius
701 3359 796 3434 rei
813 3359 1184 3424 societatem
1210 3357 1493 3434 incitem,
1514 3353 1861 3438 omniaque
1875 3353 1934 3417 ei
1952 3351 2263 3435 obsequia

187 3456 534 3546 polliceor,
571 3457 626 3520 si
661 3454 856 3520 modo
886 3475 1024 3520 rem
1059 3453 1389 3540 publicam
1418 3451 1737 3538 respicere
1769 3449 1959 3516 volet.
2012 3460 2161 3514 utor
2190 3448 2260 3511 in

190 3553 318 3619 hac
360 3575 440 3616 re
483 3549 884 3616 adiutoribus
919 3548 1511 3634 interpretibusque,
1550 3546 1747 3611 fratre
1781 3565 1929 3609 meo
1962 3553 2027 3608 et
2061 3541 2260 3606 Late-

193 3669 386 3714 rense
422 3655 488 3712 et
501 3644 752 3712 Furnio
773 3653 1014 3710 nostro.
1069 3663 1199 3708 non
1230 3664 1338 3708 me
1372 3641 1701 3728 inpedient
1732 3640 2024 3726 privatae
2056 3634 2269 3700 offen--

197 3743 435 3818 aiones,
471 3761 604 3826 quo
636 3739 846 3802 minus
880 3757 1000 3824 pro
1031 3737 1124 3802 rei
1158 3735 1461 3823 publicae·
1492 3736 1695 3800 sainte
1731 3733 1928 3800 etiam
1958 3751 2107 3796 eum
2140 3727 2262 3792 ini-

197 3834 550 3902 micissimo
603 3831 1015 3898 consentiam.
1105 3830 1280 3914 quod
1335 3829 1389 3894 si
1442 3828 1605 3894 nihil
1652 3827 2008 3914 profecero,
2060 3821 2259 3886 nihilo

199 3933 422 3996 minus
460 3927 744 3994 maximo
789 3949 933 3992 sum
981 3925 1192 3992 animo
1239 3933 1303 3990 et
1346 3924 1591 3989 maiore
1630 3921 1899 3987 fortasse
1934 3941 2083 3986 cum
2114 3939 2263 3984 mea

199 4025 412 4114 gloria
439 4023 626 4090 vobis
653 4023 810 4088 satis
831 4021 1086 4089 faciam.
1139 4019 1244 4086 fac
1269 4019 1487 4084 valeas
1512 4039 1745 4102 meque
1764 4026 1994 4082 mutuo
2008 4013 2259 4100 diligas.
