2675 4559
546 231 1103 290 EPISTOLARUM
1136 233 1247 288 AD
1284 231 1353 300 Q·-
1390 233 1766 292 FRATREM
1799 235 1847 291 I.
1884 236 1934 290 1.
2137 221 2268 292 427

201 371 277 426 ut
310 381 396 424 ne
426 357 603 442 quod
634 356 705 422 in
735 355 923 420 nobis
956 354 1209 443 insigne
1235 355 1464 420 vitium
1499 355 1699 424 fuisse
1735 357 2006 424 dicatur.
2057 379 2268 444 neque

202 475 329 542 ego
360 473 537 520 nune
571 452 695 516 hoc
730 450 1077 528 contende,
1124 451 1299 535 quod
1344 450 1616 520 fortasse
1651 475 1801 521 cum
1833 453 1904 520 in
1939 455 2112 520 omni
2147 477 2262 520 na·-

200 559 379 626 tnra,
422 558 563 615 tum
604 546 735 614 iam
769 545 839 612 in
868 555 1093 614 nostra
1125 557 1335 614 aetate
1373 545 1632 616 difficile
1669 559 1796 624 cst,
1841 558 2094 616 mutare
2126 548 2262 618 ani-

198 663 384 710 mum
432 651 525 719 et,
576 639 632 708 si
677 639 837 724 quid
860 650 971 706 est
1000 639 1256 726 penitus
1286 640 1554 710 insitum
1588 641 1905 719 moribus,
1946 643 2014 710 id
2051 642 2264 712 subito

200 736 513 812 evellere,
564 733 683 802 sed
723 745 787 802 te
830 733 993 800 illud
1034 733 1386 812 admoneo,
1433 745 1536 812 u-t,
1591 734 1648 802 si
1680 734 1806 802 hoc
1837 735 2026 822 plene
2061 737 2264 806 vitare

196 851 333 898 non
384 838 601 915 potes,
649 827 827 912 quod
871 839 1021 898 ante
1065 839 1420 913 occupatur
1471 827 1724 896 animus
1778 829 1862 897 ab
1913 825 2266 907 iracundia,

198 945 401 1009 quam
434 921 778 1008 providere
816 921 981 990 ratio
1022 921 1234 1007 potuit
1276 941 1362 990 ne
1397 933 1847 1008 occuparetur,
1891 933 1966 990 ut
2006 934 2072 992 te
2119 935 2267 992 ante

200 1039 547 1103 compares
584 1015 945 1099 cotidieque
993 1015 1301 1086 meditere
1353 1015 1778 1084 resistendum
1821 1033 1964 1084 esse
2011 1017 2268 1085 iracun-

200 1109 381 1188 diae,
418 1131 699 1194 cumque
732 1133 811 1176 ea
844 1109 1123 1180 maxime
1159 1111 1443 1176 animum
1477 1121 1767 1188 moveat,
1797 1121 1940 1180 tum
1973 1111 2090 1176 tibi
2125 1132 2264 1176 esse

200 1203 691 1292 diligentissime
732 1204 1023 1290 linguam
1068 1205 1518 1272 continendam
1528 1229 1548 1282 ;
1602 1225 1772 1290 quae
1803 1204 2070 1291 quidem
2107 1203 2266 1270 mihi

196 1298 409 1364 virtus
458 1297 781 1364 interdum
830 1319 962 1363 non
1011 1297 1221 1364 minor
1274 1298 1529 1364 videtur
1579 1319 1774 1384 quam
1825 1299 2084 1366 omnino
2133 1319 2266 1366 uon
2309 1299 2313 1304 ’

196 1391 422 1460 irasci:
456 1415 609 1459 nam
641 1391 803 1457 illud
838 1402 935 1458 est
967 1413 1101 1458 non
1126 1393 1334 1456 solum
1373 1393 1726 1478 gravitatis,
1765 1389 1880 1460 sed
1911 1414 2042 1462 non
2075 1415 2264 1460 num·

198 1505 404 1568 quam
434 1485 628 1553 etiam
661 1484 1089 1564 lentitudinis3
1132 1485 1451 1552 moderari
1485 1507 1638 1552 vero
1672 1497 1737 1555 et
1773 1487 1988 1554 animo
2023 1497 2088 1556 et
2121 1509 2266 1554 ora·-

196 1578 391 1656 tioni,
446 1601 593 1646 cum
638 1579 725 1644 sis
767 1579 998 1656 iratus,
1052 1591 1165 1645 aut
1200 1580 1396 1648 etiam
1432 1591 1644 1650 tacere
1679 1592 1747 1648 et
1791 1591 2010 1650 tenere
2041 1581 2110 1648 in
2143 1603 2264 1646 sua
2319 1607 2328 1614 ·

196 1682 518 1764 potestate
552 1683 799 1738 motum
824 1672 1021 1740 animi
1056 1685 1120 1740 et
1153 1673 1459 1752 dolorem,
1497 1675 1616 1742 etsi
1649 1697 1780 1740 non
1809 1685 1907 1741 est
1939 1673 2263 1760 perfectae

198 1766 587 1854 sapientiae,
638 1779 853 1836 tamen
906 1779 1003 1834 est
1052 1790 1185 1834 non
1224 1768 1564 1834 mediocris
1607 1768 1869 1855 ingenii.
1959 1779 2152 1853 atque
2193 1769 2262 1833 in
2296 1789 2348 1831 so

196 1863 324 1928 hoc
360 1885 597 1949 genere
632 1863 836 1928 multo
863 1874 929 1928 te
956 1885 1098 1930 esse
1132 1863 1261 1928 iam
1288 1863 1784 1930 commodiorem
1817 1863 2262 1948 mitioremque

196 1957 529 2024 nuntiant:
573 1957 787 2024 nullae
824 1969 973 2025 tuae
1009 1957 1516 2024 vehementiores
1551 1957 1754 2025 animi.
1785 1957 2260 2035 concitationes,

196 2051 379 2129 nulla
412 2051 755 2118 maledicta
791 2051 875 2116 ad
886 2065 897 2134 ζ
909 2073 1025 2118 nos
1036 2099 1057 2130 ,
1101 2053 1317 2118 nullae
1363 2052 1788 2121 contumeliae
1832 2051 2262 2139 perferuntur,

198 2167 369 2230 quae
406 2167 555 2210 cum
590 2145 935 2212 abhorrent
969 2168 1009 2212 a
1043 2146 1301 2224 litteris,
1347 2145 1430 2210 ab
1465 2146 1891 2224 humanitate,
1935 2157 2074 2214 tum
2109 2168 2262 2212 vero

198 2239 519 2304 contraria
552 2249 701 2306 sunt
744 2239 1015 2325 imperio
1050 2261 1127 2306 ae
1164 2239 1461 2326 dignitati
1471 2263 1491 2318 ;
1535 2263 1686 2306 nam
1699 2288 1718 2318 ,
1757 2239 1812 2305 si
1845 2239 2260 2326 inplacabiles

194 2332 565 2402 iracundiae
600 2344 781 2410 sunt,
824 2356 1079 2402 summa
1112 2345 1209 2402 est
1244 2335 1591 2413 acerbitas,
1637 2334 1736 2400 sin
1781 2345 1998 2402 autem
2035 2355 2261 2402 exora-

196 2425 381 2504 biles,
419 2429 670 2494 summa
702 2428 955 2506 levitae,
988 2451 1155 2514 quae
1190 2441 1434 2508 tamen,
1465 2442 1539 2496 ut
1571 2431 1640 2498 in
1673 2431 1892 2508 malis,
1929 2427 2262 2498 acerbitati

197 2522 649 2610 anteponenda
683 2534 799 2587 est.

328 2613 485 2693 Sed,
520 2616 824 2701 quoniam
857 2616 1103 2727 primus
1139 2639 1348 2682 annus
1383 2613 1608 2684 habuit
1645 2617 1726 2684 de
1757 2616 1883 2682 hac
1915 2615 2260 2700 reprehen·
2293 2606 2363 2718 ἐξ

196 2709 377 2778 sione.
408 2709 754 2821 plurimum
790 2712 1130 2790 sermonis,
1164 2710 1357 2776 credo
1391 2722 1749 2796 propterea,
1787 2708 1962 2794 quod
1995 2708 2112 2776 tibi
2144 2707 2261 2775 ho-

195 2805 447 2872 minum
480 2804 780 2883 iniuriae,
825 2804 1001 2889 quod
1036 2805 1373 2882 avaritiae,
1419 2804 1595 2889 quod
1637 2803 1978 2872 insolentia
2007 2814 2262 2890 praeter

198 2899 567 2987 opinionem
600 2899 932 2970 accidebat
966 2909 1031 2966 et
1073 2897 1489 2966 intolerabilis
1524 2897 1897 2976 videbatur,
1941 2897 2260 2966 secundus

197 3004 419 3062 autem
460 2995 663 3060 multo
709 2993 941 3070 lenior,
994 2993 1169 3078 quod
1216 3005 1281 3062 et
1316 2992 1712 3059 consuetudo
1757 3003 1822 3058 et
1853 2993 2016 3060 ratio
2051 3005 2144 3070 et,
2188 3005 2261 3057 ut

200 3109 325 3175 ego
359 3087 653 3165 arbitror,
688 3110 872 3156 meae
908 3108 1165 3172 quoque
1198 3087 1451 3156 litterae
1485 3101 1548 3154 te
1584 3086 2026 3173 patientiorem
2059 3087 2262 3152 lenio-

196 3203 467 3268 remque
500 3181 813 3261 fecerunt,
847 3183 1073 3250 tertius
1108 3206 1317 3250 annus
1349 3184 1442 3250 ita
1469 3181 1660 3250 debet
1689 3203 1830 3248 esse
1864 3179 2260 3257 emendatus,

198 3287 275 3341 ut
316 3299 399 3344 ne
441 3276 775 3344 minimam
816 3276 1081 3362 quidem
1122 3300 1261 3346 rem
1294 3275 1638 3362 quisquam
1683 3276 1884 3362 possit
1929 3275 2126 3344 ullam
2161 3297 2262 3342 re-

199 3371 653 3458 prehendere-'⁶
654 3392 733 3437 ac
766 3371 897 3440 iam
930 3370 1055 3440 hoc
1090 3373 1231 3440 loco
1266 3393 1400 3440 nou
1433 3370 1794 3440 hortatione
1827 3390 2038 3453 neque
2073 3391 2260 3456 prae-
2292 3385 2346 3425 ⁴1

202 3467 433 3552 ceptis,
489 3467 603 3536 sed
644 3466 945 3554 precibus
992 3477 1207 3536 tecum
1240 3467 1538 3536 fraternis
1573 3487 1729 3552 ago,
1775 3475 1982 3532 totum
2016 3475 2090 3530 ut
2123 3461 2266 3530 ani·-

200 3581 409 3637 mum,
464 3583 685 3628 curam
739 3561 1318 3648 cogitationemque
1371 3571 1549 3628 tuam
1602 3581 1806 3646 ponas
1855 3557 1924 3624 in
1975 3557 2262 3626 omnium

200 3653 393 3720 laude
446 3656 731 3742 undique
785 3655 1187 3743 conligenda-
1275 3655 1452 3740 quod
1505 3655 1561 3722 si
1612 3655 1682 3720 in
1725 3652 2037 3725 mediocri
2089 3663 2262 3718 statu

202 3749 514 3816 sermonis
550 3773 627 3816 ac
671 3749 1163 3838 praedicationis
1207 3761 1465 3818 nostrae
1506 3772 1610 3816 res
1646 3758 1887 3826 essent,
1939 3745 2098 3814 nihil
2145 3744 2260 3812 abs
2380 3769 2390 3784 ³

200 3853 269 3909 te
302 3844 641 3924 eximium,
682 3846 841 3914 nihil
883 3856 1137 3934 praeter
1171 3845 1445 3914 aliorum
1479 3841 2005 3914 consuetudinem
2040 3851 2260 3928 postu-

202 3937 470 4009 latetur:
515 3963 688 4010 nunc
722 3964 875 4010 vero
909 3953 1170 4028 propter
1204 3964 1426 4010 aarum
1459 3964 1704 4018 rerum,
1746 3939 1815 4005 in
1837 3937 2084 4052 ‘quibus
2120 3955 2263 4004 ver-

205 4033 329 4103 sati
358 4057 613 4126 sumus,
666 4036 1068 4124 splendorem
1104 4046 1169 4102 et
1201 4035 1737 4124 magnitudinem,
1789 4033 1912 4102 nisi
1948 4052 2264 4102 summam
