2675 4559
512 249 640 320 888
1132 258 1209 312 Μ.
1247 256 1521 314 TULLII
1557 254 1964 325 CICERONIS,

1467 429 1604 484 XII.

516 540 633 596 Ser.
652 538 715 594 in
732 532 929 592 castris
948 532 1297 604 stybistra
1306 531 1703 604 Cappadociae
1721 548 1911 586 mense
1923 529 2237 604 Septembri
2255 531 2516 586 a.u.o.703.

624 639 703 696 M.
738 634 1015 695 CICERO
1048 631 1364 692 PROcos.
1402 632 1459 690 S.
1494 634 1568 689 D.
1597 633 1674 688 L.
1708 633 1972 690 PAULO
2007 631 2168 690 008.
2201 631 2430 688 DESIG.

455 790 478 826 1
640 759 783 827 Etsi
840 759 1002 826 mihi
1052 779 1404 842 numquam
1465 756 1588 822 fuit
1643 755 1914 822 dubium
1951 757 2121 840 -quin
2184 765 2246 824 te
2283 755 2520 842 populus

514 857 846 924 Romanus
888 876 1009 940 pro
1052 853 1179 918 tuis
1226 851 1492 917 summis
1541 851 1610 916 in
1651 871 1790 916 rem
1839 851 2168 938 publicam
2204 850 2434 916 meritis
2475 861 2522 915 et

514 971 631 1038 pro
668 948 1061 1035 amplissima
1094 945 1376 1012 familiae
1413 944 1746 1032 dignitate,
1783 967 2034 1012 summo
2061 946 2290 1021 studio,
2325 943 2522 1009 cunctis

520 1043 845 1130 suffragiis
878 1041 1205 1107 consulem
1240 1039 1529 1106 facturus
1565 1050 1761 1116 esset,
1805 1050 2022 1106 tamen
2045 1039 2397 1106 incredibili
2423 1039 2524 1101 lae-

518 1139 658 1204 titia
692 1156 835 1203 sum
869 1133 1191 1211 adfectus,
1236 1155 1385 1198 cum
1419 1133 1489 1198 id
1527 1133 1688 1197 mihi
1722 1134 2088 1200 nuntiatum
2125 1145 2258 1210 est,
2299 1153 2524 1214 eumque

519 1233 825 1298 honorem
866 1227 983 1293 tibi
1026 1229 1181 1292 deos
1208 1227 1554 1292 ‘fortunare
1586 1227 1744 1292 *volo
1779 1249 1820 1292 a
1861 1238 2054 1312 teque
2098 1251 2180 1294 ex
2208 1239 2329 1292 tua
2365 1226 2523 1290 maio-

460 1351 484 1389 2
518 1337 791 1409 rumque
842 1334 1101 1388 tuorum
1154 1321 1467 1407 dignitate
1529 1320 1974 1388 administrari.
2089 1333 2280 1406 atque
2327 1320 2522 1384 utinam

517 1438 818 1507 praesens
851 1413 1034 1480 illum
1068 1414 1239 1480 diem
1274 1414 1432 1478 mihi
1467 1415 1936 1501 optatissimum
1971 1415 2194 1481 videre
2227 1413 2522 1502 potuissem

516 1533 765 1600 proque
798 1509 925 1574 tuis
970 1507 1380 1596 amplissimis
1401 1531 1574 1596 -erga
1608 1525 1712 1575 me
1735 1509 1976 1574 studiis
2023 1521 2219 1596 atque
2253 1506 2524 1574 beneficiis

518 1605 635 1672 tibi
670 1625 930 1692 operam
964 1624 1177 1669 meam
1210 1603 1622 1686 studiumque
1657 1603 1924 1668 navare!
1962 1624 2162 1689 quam
2189 1603 2338 1668 mihi
2365 1600 2524 1667 facul·

520 1711 719 1768 tatem
750 1698 1055 1784 quoniam
1098 1697 1205 1764 hic
1246 1698 1664 1784 necopinatus
1702 1709 1768 1763 et
1811 1698 2180 1786 inprovisus
2215 1695 2524 1784 provinciae

522 1815 710 1860 casus
746 1792 1005 1880 eripuit,
1050 1803 1296 1870 tamen,
1339 1803 1416 1856 ut
1457 1803 1522 1857 te
1559 1792 1888 1857 consulem
1911 1813 2064 1858 ’rem
2099 1792 2410 1879 ²publicam
2437 1808 2523 1874 pro

520 1901 635 1956 tua
670 1889 979 1976 dignitate
1012 1901 1339 1976 gerentem
1386 1889 1602 1956 videre
1637 1889 1908 1976 possim,
1943 1911 2186 1978 magno
2221 1908 2394 1977 opere
2423 1909 2455 1950 a
2479 1895 2524 1948 te

521 1995 692 2070 peto,
727 1996 801 2050 ut
835 2005 1097 2071 operam
1130 1983 1243 2049 des
1280 1996 1337 2048 et
1369 1983 1632 2060 efficias,
1667 2005 1752 2049 ne
1785 1983 1942 2068 quid
1977 1985 2138 2051 mihi
2171 1985 2280 2050 fiat
2299 1979 2521 2048 ‘iniuriae

520 2100 686 2144 neve
728 2077 883 2162 quid
928 2078 1229 2162 temporis
1274 2078 1360 2143 ad
1403 2100 1617 2144 meum
1665 2097 1952 2144 annuum
2004 2103 2239 2146 munus
2289 2075 2522 2146 accedun
2607 2103 2609 2120 ³

522 2170 695 2254 quod
740 2171 794 2236 si
837 2169 1094 2248 feceris,
1141 2193 1416 2258 magnus
1454 2172 1537 2236 ad
1581 2182 1694 2236 tua
1737 2170 2006 2257 pristina
2041 2197 2197 2261 erga
2229 2195 2324 2238 me
2355 2165 2521 2236 studia.
2607 2129 2610 2258 1

522 2263 816 2329 cumulus
852 2264 1133 2329 accedet.

1469 2413 1635 2469 XIII.

916 2513 1035 2570 Scr.
1054 2515 1114 2568 in
1134 2512 1333 2571 Cilicis
1349 2532 1542 2572 mense
1562 2517 1827 2573 Ianuario
1846 2535 1901 2574 a.
1921 2535 1976 2573 u.
1999 2536 2048 2574 c.
2070 2521 2188 2576 70⁴4.
2603 2381 2608 2564 ι

860 2616 939 2671 Μ.
972 2616 1245 2673 CICERO
1281 2617 1438 2674 IMP.
1479 2617 1536 2675 S.
1573 2619 1648 2675 D.
1684 2621 1754 2675 L.
1779 2621 2046 2678 PAULO
2083 2619 2236 2678 COS.
2603 2619 2605 2684 ἰ

462 2753 484 2790 1
648 2731 939 2798 Maxime
972 2731 1131 2796 mihi
1164 2730 1289 2797 fuit
1322 2743 1614 2819 optatum
1639 2735 1888 2803 ’Romae
1924 2759 2070 2804 esse
2084 2749 2306 2804 ‘tecum
2325 2730 2520 2798 multas

520 2827 605 2891 ob
642 2848 887 2902 causas,
925 2826 1039 2892 sed
1073 2827 1436 2912 praecipue,
1473 2839 1548 2893 ut
1582 2839 1646 2894 et
1679 2829 1748 2894 in
1781 2833 2062 2916 petendo
2099 2843 2164 2898 et
2195 2833 2258 2896 in
2277 2821 2521 2915 ,gerendo
2600 2885 2602 2888 ,

520 2920 855 2986 consulatu
892 2942 1107 2986 meum
1142 2921 1259 2986 tibi
1294 2920 1583 2988 debitum
1605 2924 1901 2990 studium
1937 2925 2517 3012 perspicere·posses;
2601 2913 2603 2938 '

407 3099 413 3103 ἢ
520 3033 599 3078 ac
642 3013 963 3098 petitionis
1007 3015 1266 3098 quidem
1310 3027 1460 3082 tuae
1501 3017 1663 3083 ratio
1697 3019 1855 3084 mihi
1901 3041 2152 3106 semper
2193 3015 2308 3083 fuit
2347 3012 2518 3098 explo-

521 3117 692 3184 rata,
738 3107 851 3172 sed
895 3119 1111 3174 tamen
1153 3131 1390 3175 navare
1427 3131 1690 3196 operam
1730 3112 2051 3178 volebam.
2140 3114 2204 3178 in
2237 3107 2514 3177 consulatu

520 3221 673 3266 vero
710 3201 899 3287 cupio
932 3203 1229 3287 equidem
1264 3216 1327 3270 te
1355 3204 1568 3270 minus
1603 3205 1839 3273 habere
1867 3208 2126 3294 negotii,
2159 3207 2272 3273 sed
2303 3202 2512 3268 moleste
2599 3221 2601 3284 j

518 3293 657 3361 fero
684 3317 790 3360 me
814 3297 1153 3363 consulem·
1171 3310 1355 3364 tuum
1383 3299 1666 3365 studium
1695 3302 2118 3369 adulescentis
2153 3294 2513 3388 perspexisse,

458 3408 484 3448 2
520 3397 583 3454 te
617 3411 853 3467 meum,
890 3411 1040 3456 cum
1071 3390 1140 3457 id
1173 3393 1402 3458 aetatis
1437 3393 1577 3470 sim,
1613 3395 1978 3482 perspicere
2016 3417 2144 3463 non
2176 3413 2368 3480 posse.
2429 3379 2511 3449 sed

516 3481 611 3548 ita
642 3482 779 3550 fato
812 3485 1027 3550 nescio
1062 3507 1191 3572 quo
1226 3487 1571 3574 contigisse
1605 3489 1908 3569 arbitror,
1955 3501 2027 3557 ut
2062 3490 2177 3556 tib'i
2211 3487 2289 3553 ad
2321 3505 2410 3549 me
2438 3497 2514 3541 or·
2594 3489 2599 3524 ¹²

516 3577 801 3642 nandum
844 3599 1095 3666 semper
1136 3580 1323 3647 detur
1345 3581 1658 3660 facultas,
1705 3583 1864 3650 mihi
1909 3585 1994 3650 ad
2035 3573 2509 3650 remunerandum

516 3669 675 3736 nihil
726 3685 1027 3758 suppetat
1076 3686 1329 3760 praeter
1382 3677 1803 3744 voluntatem:
1855 3679 2096 3745 ornasti
2149 3671 2508 3742 consulatum,

516 3764 756 3830 ornasti
790 3765 1066 3833 reditum
1098 3792 1343 3848 meum3
1387 3770 1622 3837 incidit
1665 3794 1882 3839 meum
1915 3785 2171 3859 tempus
2205 3785 2394 3834 rerum
2421 3778 2507 3843 ge·

516 3857 862 3926 rendarum
908 3860 979 3926 in
1029 3861 1242 3948 ipsum
1295 3867 1699 3932 consulatum
1751 3879 1952 3934 tuum.
2039 3867 2245 3950 itaque
2292 3877 2417 3924 eum
2458 3857 2503 3912 0²

516 3956 630 4012 tua
667 3971 915 4018 summa
949 3956 1301 4041 amplitudo
1338 3969 1403 4024 et
1438 3960 1715 4046 dignitas
1749 3973 1816 4028 et
1849 3985 2032 4028 meus
2059 3975 2311 4046 magum
2341 3949 2502 4048 1101193

516 4059 880 4126 magnaque
925 4049 1307 4117 existimatio
1351 4056 1674 4140 postulare
1720 4055 2039 4134 videatur,
2083 4067 2152 4122 ut
2184 4075 2221 4116 a
2251 4059 2308 4114 te
2343 4039 2501 4129 pllffl‘

2590 4115 2596 4396 1

2579 4415 2594 4529 ΑΙ
