2675 4559
727 204 1280 260 EPISTOLsRUM
1316 208 1416 260 HJ.
1456 208 1540 264 ΞΕ.
1564 208 1648 260 25.
2088 196 2212 260 23].

146 340 239 395 est
275 328 481 405 vitae,
533 328 601 391 in
647 328 775 391 otio
810 328 1026 392 Rhodi
1063 328 1324 414 degam;
1383 332 1481 395 sin
1519 352 1704 396 casus
1741 332 1970 417 aliquis
2014 336 2212 399 inter-

186 413 394 480 ellarit
407 459 427 490 ‚
480 412 572 477 ita
614 434 725 478 ero
768 412 1045 491 Romae,
1098 424 1172 478 ut
1221 424 1395 480 recte
1447 415 1586 482 fieri
1631 439 1882 502 semper
1930 417 2209 504 cupiam.

270 498 454 563 batio
489 508 709 563 nostro
736 519 1009 584 magnas
1036 519 1163 584 ago
1197 499 1463 601 gratias,
1500 502 1672 586 quod
1707 513 1893 568 tuum
1921 524 2213 589 erga-me

142 584 431 650 animum
467 582 827 670 simplicem
870 593 1066 668 atque
1108 606 1390 651 ammum
1437 587 1687 673 aperuit
1723 597 1788 653 et
1822 588 1996 672 quod
2041 609 2211 667 eum,

140 691 334 754 quem
363 691 623 756 semper
647 667 947 735 lubenter
972 668 1187 745 dilexi,
1217 691 1346 754 quo
1377 673 1584 758 magis
1611 673 1751 739 iure
1781 673 1989 740 colere
2017 685 2212 758 atque

140 756 486 824 observare
522 755 847 832 deberem,
881 753 1055 820 fecit.
1144 754 1311 822 bene
1347 756 1492 823 vale
1527 769 1593 824 et
1626 781 1731 824 me
1767 759 1984 846 dilige.

1060 955 1281 1012 XXIX.

463 1094 470 1101 ·
576 1058 694 1116 Scr.
713 1059 942 1118 ineunte
961 1074 1153 1116 mense
1171 1057 1484 1149 Quintilia.
1499 1076 1555 1117 u.
1576 1078 1625 1118 0.
1649 1062 1769 1119 710.

801 1161 1077 1219 CICERO
1115 1160 1348 1220 OPPIO
1385 1162 1443 1220 S.
1481 1163 1555 1219 D.

264 1268 620 1334 Dubitanti
653 1267 811 1332 mihi
836 1303 925 1315 —
949 1267 1125 1352 quod
1159 1268 1281 1334 scit
1312 1268 1574 1336 Atticus
1613 1281 1830 1337 noster
1854 1306 1942 1320 —
1967 1269 2050 1338 de
2083 1270 2207 1336 hoc

138 1367 273 1422 toto
317 1355 591 1420 consilio
633 1353 1075 1440 profectionis,
1130 1354 1305 1438 quod
1349 1355 1418 1419 in
1462 1367 1803 1443 utramque
1845 1366 2094 1443 partem
2138 1356 2208 1421 in

136 1451 426 1508 mentem
471 1440 677 1505 multa
720 1439 1089 1516 veniebant,
1143 1462 1456 1526 magnum
1509 1442 1765 1527 pondus
1811 1442 2080 1510 accessit
2124 1442 2208 1508 ad

135 1527 491 1593 tollendam
518 1524 979 1591 dubitationem
1003 1522 1313 1589 iudicium
1343 1536 1406 1590 et
1431 1526 1770 1592 consilium
1803 1538 2020 1605 tuum;
2057 1551 2208 1593 nam

138 1625 199 1678 et
235 1611 553 1698 scripsisti
586 1622 827 1697 aperte,
864 1609 1021 1694 quid
1056 1610 1175 1674 tibi
1206 1609 1553 1688 videretur,
1589 1623 1655 1677 et
1686 1612 1948 1678 Atticus
1984 1614 2068 1680 ad
2100 1636 2207 1679 me

21 1767 22 1770 ,
138 1719 505 1766 sermonem
554 1708 740 1762 tuum
791 1695 1070 1782 pertulit.
1160 1717 1412 1781 semper
1462 1696 1745 1763 iudicavi
1795 1698 1863 1763 in
1914 1710 1978 1763 te
2024 1710 2092 1764 et
2138 1699 2208 1763 in

138 1782 455 1870 capiendo
492 1781 755 1848 consilio
790 1780 1197 1868 prudentiam
1242 1803 1559 1846 summam
1606 1804 1747 1849 esse
1781 1790 1848 1848 et
1890 1783 1960 1847 in
1991 1783 2208 1848 dando

21 1880 39 1937 ¹.
135 1870 367 1947 fidem,
410 1866 821 1952 maximeque
856 1889 1000 1932 sum
1037 1877 1369 1954 expertus,
1417 1888 1565 1933 cum
1600 1868 1782 1934 initio
1817 1867 2020 1934 civilis
2055 1868 2209 1934 belli

136 1978 255 2041 per
295 1955 545 2021 litteras
590 1964 654 2019 te
699 1950 1190 2030 consuluissem,
1244 1953 1402 2038 quid
1454 1953 1610 2020 mihi
1654 1954 2023 2020 faciendum
2067 1976 2208 2020 esse

139 2060 459 2116 censeres,
477 2039 844 2106 eundumne
872 2037 955 2104 ad
972 2037 1363 2140 Pompeium
1382 2062 1465 2104 an
1491 2040 1883 2106 manendum
1908 2040 1977 2106 in
1993 2038 2203 2106 Italia.

139 2126 420 2204 suasisti,
453 2137 529 2192 ut
564 2125 960 2191 consulerem
987 2122 1285 2211 digmtati
1319 2146 1531 2203 meae3
1556 2139 1650 2191 ‘ex
1685 2147 1834 2210 quo,
1870 2125 2027 2211 quid
2063 2145 2208 2190 sen-

140 2213 313 2290 tires,
349 2211 637 2278 intellexi
664 2220 731 2278 et
758 2233 902 2276 sum
932 2210 1282 2276 admiratus
1309 2209 1504 2277 fidem
1537 2222 1722 2277 tuam
1749 2223 1814 2278 et
1847 2213 1918 2277 in
1942 2211 2207 2278 consilio

142 2298 355 2364 dando
400 2297 804 2384 religionem,
857 2296 1063 2379 quod,
1119 2317 1267 2362 cum
1303 2297 1482 2362 aliud
1524 2298 1715 2364 malle
1751 2297 2209 2364 amicissimum
2306 2356 2311 2360 .

139 2396 324 2450 tuum
359 2394 653 2470 putares,
698 2381 1023 2467 antiquius
1068 2381 1187 2448 tibi
1221 2382 1509 2448 officium
1542 2406 1761 2450 meum
1796 2406 1993 2469 quam
2035 2384 2206 2449 illius

143 2471 439 2536 voluntas
474 2469 616 2534 fuit.
705 2467 1004 2552 equidem
1039 2478 1105 2534 et
1150 2479 1297 2534 ante
1343 2468 1466 2534 hoc
1512 2480 1766 2556 tempus
1812 2481 1876 2537 te
1913 2470 2108 2536 dilexi
2143 2479 2208 2536 et

146 2577 397 2641 semper
440 2578 546 2621 me
590 2579 631 2620 a
673 2565 739 2620 te
774 2553 958 2639 diligi
1002 2553 1171 2620 sensi
1180 2578 1199 2632 3
1252 2565 1318 2620 et
1363 2576 1510 2620 cum
1555 2555 1848 2622 abessem
1903 2567 2095 2641 atque
2138 2556 2207 2620 in

143 2641 397 2730 magnis
440 2640 741 2727 periculis
786 2662 1024 2716 essem,
1078 2651 1144 2706 et
1185 2662 1291 2705 me
1334 2639 1666 2707 absentem
1702 2654 1766 2707 et
1808 2664 1986 2708 meos
2021 2664 2207 2726 prae-

147 2727 340 2793 sentis
377 2750 420 2793 a
453 2737 516 2792 te
544 2726 747 2793 cultos
784 2735 848 2792 et
876 2723 1174 2791 defensos
1203 2747 1344 2791 esse
1380 2727 1644 2791 memini
1652 2752 1673 2805 3
1710 2738 1775 2792 et
1808 2738 1954 2813 post
1986 2749 2205 2792 meum

144 2813 450 2890 reditum,
495 2832 691 2897 quam
726 2810 1122 2877 familiariter
1154 2831 1410 2877 mecum
1444 2812 1711 2890 vixeris,
1749 2831 2045 2897 quaeque
2081 2832 2204 2898 ego

145 2899 222 2966 de
257 2910 322 2964 te
358 2909 426 2964 et
461 2897 769 2965 senserim
806 2907 870 2962 et
904 2896 1354 2983 praedicarim,
1393 2897 1620 2974 omnis,
1655 2896 1769 2981 qui
1804 2899 2008 2965 solent
2044 2897 2206 2964 haec

148 2985 681 3062 animadvertere,
726 2983 904 3049 testis
939 2982 1269 3049 habemus.
1358 2983 1810 3070 gravissimum
1846 3007 1998 3054 vero
2043 2984 2208 3051 iudi-

146 3071 316 3136 cium
350 3070 436 3137 de
471 3091 616 3136 mea
648 3068 777 3136 fide
812 3078 878 3136 et
912 3069 1267 3134 constantia
1301 3067 1532 3147 fecisti,
1571 3091 1720 3136 cum
1753 3081 1902 3156 post
1935 3081 2208 3138 mortem

147 3153 444 3223 Caesaris
490 3166 695 3221 totum
739 3165 804 3221 te
848 3153 933 3220 ad
976 3153 1322 3220 amicitiam
1365 3177 1579 3222 meam
1624 3154 1974 3221 contulisti:
2030 3156 2208 3241 quod

145 3253 326 3307 tuum
388 3240 698 3308 iudicium
748 3239 873 3306 nisi
924 3258 1070 3306 mea
1131 3262 1385 3306 summa
1435 3240 1882 3308 benevolentia
1934 3264 2090 3328 erga
2141 3251 2205 3307 te

141 3327 572 3412 omnibusque
616 3326 857 3392 meritis
902 3327 1297 3412 conprobato
1308 3373 1329 3405 ,
1375 3327 1514 3414 ipse
1557 3348 1661 3393 me
1703 3326 2030 3394 hominem
2074 3349 2206 3392 non

139 3414 406 3500 putabo.
498 3423 601 3490 tu,
635 3413 727 3478 mi
762 3408 873 3512 Op
918 3412 973 3489 i,
1008 3412 1416 3480 conservabis
1451 3434 1735 3479 amorem
1768 3423 2058 3479 tuum—
2082 3413 2202 3479 etsi

138 3522 317 3566 more
353 3498 564 3584 magis
598 3497 722 3564 11οο
757 3520 867 3583 qul
913 3520 1017 3564 em
1061 3497 1299 3575 scribo,
1347 3519 1545 3582 quam
1589 3520 1720 3584 quo
1754 3511 1819 3566 te
1855 3499 2206 3585 admonen-

140 3584 296 3650 dum
323 3595 549 3672 putem
564 3604 940 3668 -meaque
960 3584 1173 3648 omnia
1200 3584 1492 3650 tueberez
1531 3607 1698 3670 quae
1733 3585 1849 3651 tibi
1875 3606 1957 3650 ne
1984 3583 2208 3673 ignota

138 3683 385 3749 essent,
438 3669 662 3737 Attico
704 3668 1005 3736 mandavi
1017 3693 1035 3746 3
1089 3692 1129 3734 a
1170 3691 1273 3736 me
1321 3680 1538 3736 autem
1583 3693 1731 3737 cum
1783 3671 2047 3758 paulum
2092 3669 2208 3736 otii

136 3757 311 3824 nacti
337 3756 600 3834 erimus,
636 3755 963 3823 uberiores
996 3754 1239 3821 litteras
1268 3777 1381 3820 exs
1429 3766 1655 3823 ectato.
1711 3755 1796 3822 da
1821 3778 2105 3843 operam,
2133 3765 2208 3821 ut

136 3843 389 3921 valeas3
426 3841 552 3908 hoc
584 3841 743 3908 mihi
776 3841 1022 3929 gratius
1058 3841 1270 3907 facere
1353 3838 1368 3855 ’
1422 3839 1438 3856 “
1499 3854 1702 3928 potes.
