2675 4559
448 1225 472 1264 1

502 272 629 340 322
1122 280 1199 335 Μ.
1234 277 1512 336 TULLII
1547 276 1946 335 CICERONIS

500 397 713 477 creari
746 407 936 484 solet3
986 425 1151 490 quos
1198 401 1630 470 cohonestaris
1674 399 1742 466 in
1785 399 2133 488 primisque
2165 419 2294 476 me,
2341 397 2390 463 si
2427 421 2507 464 res
2612 460 2613 480 ¹

498 503 759 590 publica
792 499 1122 588 municipii
1157 509 1269 564 tuo
1298 493 1530 573 studim
1563 494 1892 582 diligentia
1926 493 2092 560 bene
2117 490 2508 558 administrata

500 594 639 662 erit.
726 593 901 680 quod
934 604 1005 660 ut
1048 591 1279 668 facias,
1324 602 1390 658 te
1435 589 1845 672 vehementer
1889 587 2083 654 etiam
2127 601 2314 672 atque
2349 585 2510 651 etiam

500 711 679 777 rogo·

1466 876 1601 932 XII.

1186 979 1305 1037 Ser.
1323 980 1537 1035 Romae
1557 995 1608 1033 a.
1627 995 1684 1032 u.
1703 993 1752 1033 e.
1773 977 1890 1032 708.

1145 1081 1422 1140 CICERO
1456 1077 1720 1138 BRUTO
1759 1077 1922 1136 SAL.

636 1200 790 1266 Alia
842 1198 1115 1286 epistola.
1166 1196 1590 1263 communiter
1642 1193 2090 1260 commendavi
2143 1190 2260 1277 tibi
2316 1191 2516 1276 legatos

506 1294 918 1382 Arpinatium
952 1303 1025 1358 ut
1057 1291 1240 1378 potui
1274 1289 1780 1376 diligentissime,
1814 1288 1936 1352 hac
1963 1286 2308 1374 separatim
2324 1282 2399 1365 Q.
2414 1281 2516 1346 Fu-

504 1389 747 1466 fidium,
784 1407 1065 1472 quocum
1098 1385 1257 1452 mihi
1292 1407 1516 1460 omnes
1549 1381 2056 1450 necessitudines
2095 1390 2264 1459 sunt,
2284 1377 2515 1464 diligen·

504 1482 631 1547 tius
677 1479 1054 1547 commendo
1067 1528 1086 1557 ‚
1139 1502 1271 1545 non
1322 1490 1396 1544 ut
1447 1477 1688 1562 aliquid
1735 1475 1816 1542 de
1857 1476 1970 1542 illa
2014 1472 2514 1542 commendatione

502 1575 902 1653 deminuam,
946 1576 1061 1640 sed
1094 1585 1169 1640 ut
1212 1575 1296 1639 ad
1340 1575 1520 1638 illam
1553 1571 1722 1638 hanc
1756 1571 2022 1636 addam:
2070 1593 2224 1634 nam
2264 1577 2325 1634 et
2361 1563 2516 1653 privi-

502 1693 673 1758 gnus
716 1681 815 1736 est
847 1669 946 1734 Μ.
984 1665 1231 1745 Cassii,
1275 1667 1403 1734 mei
1445 1667 1724 1732 maxime
1759 1677 1823 1732 et
1865 1665 2204 1730 familiaris
2239 1674 2301 1730 et
2339 1681 2517 1726 neces·
2613 1703 2615 1746 3

405 1833 411 1837 ,
506 1764 685 1843 sarii,
730 1774 795 1830 et
834 1755 960 1829 fuit
992 1763 1061 1828 in
1098 1761 1329 1830 Cilicia
1362 1783 1616 1828 mecum
1661 1760 1955 1826 tribunus
1989 1759 2300 1835 militum,
2331 1752 2517 1840 quoin

503 1879 770 1924 munere
810 1858 904 1923 ita
954 1881 1025 1924 se
1069 1857 1394 1934 tractavit,
1446 1867 1519 1921 ut
1563 1853 1887 1940 accepisse
1929 1853 2014 1919 ab
2067 1875 2145 1920 eo
2189 1849 2517 1918 beneficium

444 1975 471 2016 ε
506 1951 785 2029 viderer,
837 1972 969 2024 non
1022 1951 1295 2018 dedisse.
1401 1961 1499 2016 est
1556 1959 1890 2036 praeterea
1921 1983 2012 1994 --
2047 1947 2226 2032 quod
2275 1942 2428 2032 apud
2468 1951 2515 2003 te

504 2045 677 2111 valet
719 2044 1068 2130 plurimum
1102 2081 1191 2094 —
1225 2069 1265 2110 a
1298 2043 1532 2110 nostris
1569 2041 1795 2108 studiis
1839 2063 1971 2107 non
2006 2042 2378 2108 abhorrens:
2417 2055 2515 2119 qua

502 2161 573 2204 re
609 2138 800 2204 velim
835 2160 986 2203 eum
1020 2160 1217 2223 quam
1262 2135 1705 2204 liberalissime
1740 2137 2149 2223 conplectare
2185 2149 2514 2222 operamque

504 2230 639 2308 des,
674 2241 747 2295 ut
779 2231 847 2294 in
883 2253 961 2296 ea
993 2229 1335 2318 legatione,
1373 2253 1569 2316 quam
1602 2231 1885 2317 suscepit
1920 2241 2149 2296 contra.
2181 2251 2359 2296 suum
2381 2245 2514 2290 com·

500 2323 793 2401 modum,
831 2333 1088 2390 secutus
1126 2325 1572 2392 auctoritatem
1607 2347 1838 2402 meam,
1874 2345 2076 2410 quam
2113 2323 2376 2390 maxime
2407 2317 2513 2383 eius
2610 2317 2611 2358 ἒ

498 2417 770 2484 excellat
801 2416 1117 2482 industria
1124 2443 1143 2496 3
1192 2419 1325 2484 volt
1359 2419 1552 2496 enim,
1586 2418 1656 2483 id
1691 2417 1866 2504 quod
1901 2413 2147 2505 optimo
2185 2418 2398 2501 cuique
2426 2434 2515 2476 na·

498 2523 645 2578 tura
677 2511 990 2577 tributum
1024 2523 1142 2590 est,
1180 2534 1380 2597 quam
1411 2513 1763 2577 maximam
1794 2513 2058 2579 laudem
2095 2535 2246 2578 cum
2279 2535 2316 2576 a
2345 2505 2514 2579 nobis,
2608 2531 2610 2533 >

499 2606 613 2692 qui
647 2628 797 2672 eum
836 2605 1213 2692 inpulimus‚
1261 2618 1402 2672 tum
1437 2630 1478 2670 s.
1508 2606 1858 2694 municipio
1907 2607 2249 2692 consequi,
2291 2601 2445 2690 quod
2471 2597 2516 2662 ei

498 2701 857 2789 continget,
895 2699 951 2767 si
984 2702 1107 2770 hac
1138 2725 1291 2768 mea
1321 2701 1874 2768 commendatione
1908 2713 2098 2768 tuum
2131 2724 2287 2790 erga
2319 2721 2381 2766 se
2411 2706 2517 2762 stu-
2610 2753 2612 2786 ;

498 2795 679 2862 dium
714 2796 831 2862 erit
868 2809 1279 2865 consecutum·

1447 2997 1612 3052 XIII.
1890 3031 1894 3036 -

1170 3099 1287 3156 Ser.
1305 3099 1522 3156 Romae
1541 3116 1592 3154 a.
1611 3116 1666 3154 u.
1686 3108 1735 3154 c.
1757 3099 1876 3154 708.

1011 3199 1015 3203 ’
1130 3201 1408 3258 CICERO
1442 3199 1706 3260 BRUTO
1745 3199 1910 3258 SAL.

590 3311 707 3406 .L·
746 3309 1125 3382 Castronius
1158 3313 1433 3393 Paetus,
1475 3317 1668 3402 longe
1711 3314 2008 3402 princeps
2051 3311 2372 3400 municipii
2401 3309 2512 3374 Lu-

496 3408 701 3474 censis
712 3455 731 3486 ,
778 3419 876 3474 est
908 3407 1213 3476 honestus
1226 3459 1245 3489 ‚
1296 3411 1542 3498 gravis,
1585 3411 1814 3497 plenus
1849 3409 2076 3488 officii,
2121 3411 2324 3476 bonus
2354 3406 2510 3494 plane

492 3500 593 3566 vir
626 3513 689 3597 et
724 3523 873 3568 cum
908 3503 1273 3582 virtutibus,
1308 3516 1448 3570 tum
1485 3504 1677 3570 etiam
1712 3503 1990 3583 fortuna,
2027 3505 2082 3569 si
2117 3503 2273 3588 quid
2305 3501 2414 3566 hoc
2442 3491 2508 3558 ad

492 3616 631 3660 rem
673 3596 979 3682 pertinet,
1031 3608 1324 3676 ornatus3
1377 3619 1560 3664 meus
1606 3609 1821 3667 autem
1857 3609 1956 3664 est
1997 3594 2507 3664 familiarissimus,

492 3689 585 3754 sic
616 3711 907 3774 prorsus,
958 3701 1031 3754 ut
1073 3693 1275 3757 nostri
1309 3692 1550 3757 ordinis
1586 3693 1884 3759 observet
1923 3694 2246 3758 neminem
2277 3687 2508 3772 diligen-

490 3782 647 3861 tius3
675 3806 814 3868 qua
844 3807 917 3850 re
951 3797 1025 3851 ut
1057 3796 1124 3852 et
1154 3809 1373 3852 meum
1409 3786 1690 3854 amicum
1723 3798 1788 3854 et
1821 3797 1936 3853 tua
1969 3787 2236 3875 dignum
2265 3775 2506 3850 anficitiss

490 3875 609 3940 tibi
678 3877 1055 3945 commendo
1065 3903 1085 3944 ἐ
1158 3880 1264 3945 cui
1332 3879 1846 3966 quibuscumque
1914 3880 2107 3947 rebus
2179 3866 2503 3944 commoda·

488 3969 657 4123 vefis
668 4016 687 4047 ,
740 3971 857 4036 tibi
910 3973 1199 4060 profecto
1244 3973 1630 4053 iucundum,
1681 3975 1840 4042 mihi
1881 3986 2054 4044 certe
2098 3973 2215 4041 erit
2264 3979 2500 4060 gratum·

488 4081 571 4123 va
594 4083 651 4125 e.
