2675 4559
478 227 611 293 420
642 228 647 233 ’
1102 240 1176 296 Μ.
1217 238 1492 296 TULLII
1528 234 1929 295 CICERONIS

481 366 537 431 si
581 361 691 451 qui
735 372 884 431 sunt
925 375 1139 429 vetere
1178 359 1457 429 Graecia
1497 360 1705 447 digni:
1751 360 1845 425 sic
1889 382 2037 425 vero
2084 358 2333 427 fallaces
2365 373 2488 428 sunt

485 459 776 547 permulti
815 468 882 526 et
912 458 1087 524 leves
1114 468 1178 523 et
1214 457 1514 523 diuturna
1552 455 1853 521 servitute
1890 455 1972 519 ad
2005 454 2263 520 nimiam
2296 456 2491 521 adsen-

485 555 788 619 tationem
825 552 1084 630 eruditi3
1120 563 1299 636 quos*
1317 572 1442 637 ego
1477 551 1811 615 universos
1846 550 2133 616 adhiberi
2166 550 2492 628 liberaliter,

482 647 793 731 nptimum
855 667 1179 732 quemque
1239 645 1514 731 hospitio
1568 644 1971 728 amicitiaque
2032 645 2328 731 coniungi
2375 644 2493 712 dieo

481 752 801 827 sspnrtere3
845 740 1080 806 nimiae
1124 740 1585 805 familiaritates
1621 760 1843 803 eorum
1883 760 2097 822 neque
2145 749 2275 804 tam
2306 738 2495 803 fideles

481 846 630 900 sunt
643 872 730 882 -
747 857 878 904 non
907 836 1077 902 enim
1104 836 1344 900 audent
1373 833 1697 900 adversari
1721 833 1952 897 nostris
1971 832 2393 908 voluntatibus
2408 868 2494 909 —,

485 943 545 995 55
581 930 866 997 invident
898 952 1028 995 non
1064 929 1293 994 nostris
1331 927 1561 1004 solum,
1596 950 1823 993 verum
1857 927 2047 991 etiam
2084 928 2236 991 suis.

413 1023 453 1101 ἕξ
610 1023 780 1102 Iam,
815 1025 927 1108 qui
960 1024 1029 1088 in
1065 1023 1201 1088 eius
1238 1022 1412 1088 modi
1446 1021 1670 1097 rebus,
1712 1021 1781 1084 in
1816 1021 2049 1104 quibus
2085 1043 2306 1087 vereor
2338 1021 2495 1085 etiam

409 1095 449 1127 ⁵⁴
485 1143 561 1183 ne
607 1118 824 1183 durior
870 1118 1019 1194 sim,
1072 1127 1298 1183 cautus
1344 1138 1484 1181 esse
1529 1116 1723 1181 velim
1765 1136 1844 1181 ae
1897 1115 2198 1201 diligens,
2251 1136 2371 1199 quo
2414 1136 2497 1177 me

485 1211 694 1278 animo
727 1211 796 1275 in
829 1212 1029 1275 servis
1067 1232 1206 1276 esse
1243 1210 1502 1276 censes?
1543 1230 1704 1293 quos
1748 1208 2010 1292 quidem
2054 1231 2205 1274 cum
2238 1206 2495 1273 omnibus

481 1307 543 1367 in
593 1305 775 1382 locis,
826 1315 966 1369 tum
1006 1305 1350 1389 praecipue
1402 1304 1471 1368 in
1521 1303 1863 1389 provinciis
1917 1326 2143 1388 regere
2196 1302 2495 1376 debemus3

481 1423 606 1479 qun
642 1398 724 1463 de
768 1420 1003 1483 genere
1050 1398 1252 1462 multa
1294 1397 1579 1483 praecipi
1621 1409 1917 1483 possunt,
1972 1397 2091 1463 sed
2124 1396 2249 1462 hoc
2282 1406 2343 1462 et
2380 1397 2498 1459 bre-

484 1493 807 1557 vissimum
845 1503 942 1557 est
976 1503 1042 1557 et
1084 1492 1388 1558 facillime
1432 1494 1633 1557 teneri
1650 1503 1904 1605 potest,
1950 1502 2024 1555 ut
2067 1492 2161 1557 ita
2196 1514 2263 1557 se
2306 1499 2495 1576 gerant

481 1591 541 1651 in
581 1587 716 1653 istis
751 1588 1056 1653 Asiaticis
1092 1588 1454 1663 itineribus,
1500 1599 1573 1653 ut
1617 1587 1672 1652 si
1714 1588 1834 1654 iter
1866 1588 2091 1674 Appia
2126 1589 2233 1653 via
2266 1588 2496 1661 faceres,

481 1705 640 1747 neve
686 1681 992 1748 interesse
1037 1682 1383 1766 quicquam
1425 1694 1679 1768 putent,
1725 1694 1941 1747 utrum
1976 1681 2214 1748 Trallis
2257 1706 2336 1747 an
2366 1681 2497 1745 For-

481 1779 639 1841 mias
685 1778 992 1842 venerint.
1081 1799 1156 1842 ac
1202 1777 1257 1842 si
1301 1776 1446 1860 quis
1490 1788 1586 1841 est
1628 1800 1711 1841 ex
1757 1777 1957 1841 servis
2002 1776 2265 1863 egregie
2306 1772 2494 1849 fidelis,

481 1875 557 1935 515
597 1870 660 1935 in
697 1870 1058 1936 domesticis
1104 1871 1297 1937 rebus
1334 1882 1399 1937 et
1432 1871 1725 1956 privatis3
1772 1892 1953 1979 quae·
1981 1892 2088 1936 res
2136 1871 2219 1936 ad
2253 1869 2496 1935 officium

481 1964 726 2051 imperii
761 1965 856 2029 tui
901 1976 1092 2049 atque
1129 1965 1212 2030 ad
1257 1964 1537 2048 aliquam
1583 1975 1830 2049 partem
1864 1964 1958 2029 rei
1999 1965 2298 2049 publicae
2338 1959 2494 2049 perti-

481 2059 751 2135 nebunt,
789 2060 868 2125 de
903 2059 982 2125 iis
1017 2060 1208 2125 rebus
1243 2081 1326 2125 ne
1363 2059 1521 2143 quid
1553 2060 1855 2145 attingat3
1892 2060 2101 2123 multa
2135 2060 2329 2136 enim,
2361 2077 2494 2141 quae

479 2167 648 2216 mete
693 2152 1004 2217 committi
1045 2153 1244 2219 servis
1282 2153 1575 2218 fidelibus
1619 2163 1919 2238 possunt,
1964 2164 2188 2219 tamen
2232 2148 2496 2218 sermonis

477 2263 541 2307 [τι.
585 2245 1067 2330 vituperationis
1112 2247 1413 2313 vitandae
1460 2270 1653 2312 causa
1696 2248 2156 2312 committenda
2200 2270 2324 2312 non
2356 2255 2489 2309 sunt·

401 2359 449 2395 15
481 2339 587 2399 55d
631 2338 847 2402 nescio
889 2359 1022 2421 quo
1067 2349 1256 2424 pacto
1301 2341 1385 2404 ad
1429 2339 1861 2426 praecipiendi
1902 2339 2221 2407 rationem
2272 2340 2493 2423 delapsa

477 2443 573 2495 55t
608 2430 808 2496 oratio
845 2453 1019 2510 mea,
1065 2453 1214 2496 cum
1250 2433 1323 2500 id
1369 2434 1526 2499 mihi
1560 2434 1959 2535 propositum
1992 2435 2179 2500 initio
2212 2456 2337 2499 non
2367 2431 2493 2497 fuis-

477 2539 601 2603 ιιιιι-
647 2525 802 2609 quid
837 2526 1009 2591 enim
1045 2526 1103 2591 ei
1138 2528 1560 2613 praecipiam,
1596 2551 1789 2614 quem
1824 2552 1947 2616 ego
1982 2530 2049 2593 in
2084 2529 2211 2595 hoc
2246 2547 2496 2615 praeser-

477 2623 593 2683 tim
640 2643 875 2707 genere
937 2620 1305 2709 intellegam
1368 2624 1708 2710 prudentia
1768 2646 1897 2689 non
1963 2647 2105 2690 esse
2170 2623 2494 2690 inferiorem

477 2738 667 2799 [luam
702 2737 838 2793 me,
882 2738 1008 2780 usu
1053 2736 1206 2782 vero
1241 2715 1435 2782 etiam
1472 2718 1902 2803 superiorem?
1956 2719 2068 2783 sed
2106 2729 2320 2784 tamen
2352 2716 2400 2780 si
2428 2711 2496 2777 ad

477 2835 577 2883 55,-
625 2828 793 2891 quae
828 2808 1102 2888 faceres,
1147 2812 1491 2877 auctoritas
1527 2813 1861 2878 accederet
1894 2834 2065 2890 mea,
2116 2813 2234 2878 tibi
2266 2809 2379 2897 ipsi
2408 2807 2494 2871 illa
2577 2889 2583 2895 η

475 2902 695 2983 putavi
739 2902 876 2967 fore
930 2904 1324 2970 iucundiora.
1422 2926 1552 2988 qua
1602 2930 1673 2973 re
1727 2906 1853 2991 sint
1894 2906 2056 2972 haec
2111 2907 2496 2972 fundamenta

477 2994 801 3079 dignitatis
861 3006 1038 3063 tuaez
1114 3009 1227 3063 tua
1275 2999 1557 3084 primum
1616 3000 1948 3086 integritas
2003 3011 2068 3065 et
2121 2994 2495 3068 continentia,

477 3087 702 3155 deinde
738 3089 1043 3169 omnium,
1078 3092 1192 3176 qui
1227 3104 1440 3158 tecum
1468 3105 1635 3172 sunt,
1671 3094 1898 3181 pudor,
1936 3094 2207 3159 dilectus
2240 3094 2306 3157 in
2337 3087 2493 3155 fami-

473 3182 851 3250 liaritatibus
879 3194 943 3249 et
976 3186 1461 3270 provincialium
1497 3187 1829 3253 hominum
1855 3199 1920 3253 et
1948 3186 2344 3255 Graecorum
2374 3202 2492 3269 per-

474 3299 505 3339 5
513 3285 694 3341 antus
729 3288 796 3342 et
829 3278 1131 3365 diligens,
1167 3279 1449 3346 familiae
1482 3281 1704 3367 gravis
1736 3294 1800 3348 et
1836 3293 2135 3371 constans
2169 3278 2487 3384 disciplina·

397 3391 441 3427 ι
473 3391 635 3451 quae
671 3392 820 3436 cum
862 3372 1132 3438 honesta
1175 3376 1303 3440 sint
1332 3376 1404 3440 in
1438 3376 1538 3441 his
1582 3377 1847 3463 privatis
1890 3376 2122 3442 nostris
2160 3369 2489 3443 cotidianis-

473 3487 509 3547 ιι
519 3487 597 3531 ue
631 3466 1057 3545 rationibus,‘
1038 3491 1106 3532 ιιι
1141 3479 1318 3534 tanto
1347 3470 1635 3556 imperio,
1670 3482 1803 3537 tam
1831 3471 2193 3556 depravatis
2218 3466 2487 3537 moribus,

473 3571 601 3623 ιιιιιι
645 3561 1032 3645 corruptrice
1075 3562 1410 3647 provincia
1454 3563 1671 3631 divina
1723 3564 2061 3631 videantur
2102 3584 2354 3630 necesse
2394 3565 2489 3623 est·

469 3655 626 3718 haec
668 3653 980 3720 institutio
1019 3667 1212 3740 atque
1254 3657 1416 3724 haec
1461 3658 1799 3745 disciplina
1843 3670 2052 3746 potest
2100 3658 2398 3725 sustinere
2432 3651 2485 3715 in

469 3747 658 3811 rebus
695 3750 1049 3815 statuendis
1086 3762 1151 3817 et
1184 3752 1602 3819 decernendis
1639 3778 1782 3820 eam
1820 3747 2400 3836 severitatem‚⁸qua
2428 3756 2486 3809 tu

465 3843 533 3903 Ξιι
569 3841 644 3905 iis
678 3842 872 3908 rebus
901 3867 1057 3911 usus
1089 3868 1178 3923 es,
1215 3868 1296 3911 ex
1322 3847 1556 3931 quibus
1592 3872 1721 3915 non
1750 3850 1957 3914 nullas
1992 3848 2335 3914 simultates
2362 3858 2483 3906 cum

471 3954 702 4015 magna
752 3958 899 4007 mea
949 3937 1191 4004 laetitia
1245 3953 1573 4027 susceptas
1627 3944 1969 4011 habemus:
2030 3937 2150 4007 nisi
2198 3939 2353 4006 forte
2396 3951 2486 3996 me

469 4023 525 4083 Ι
529 4025 733 4088 aeonii
767 4031 984 4095 nescio
1021 4031 1224 4103 euius,
1259 4034 1534 4102 hominis
1570 4060 1652 4103 ne
1674 4035 1911 4105 Graeci
1944 4036 2200 4120 quidem
2234 4054 2306 4099 ac
2329 4021 2483 4111 Myfli
