2675 4559
514 215 643 284 380
1000 235 1018 250 ’
1120 224 1199 280 Μ.
1235 224 1512 284 TULLII
1544 223 1944 284 CICERONIS

510 375 637 438 que
688 349 925 416 nuntiis
984 371 1254 434 magnas
1302 347 1694 414 Parthorum
1743 347 1962 436 copias
2015 362 2072 415 et
2125 351 2396 418 Arabum
2439 353 2502 418 a'd

509 445 817 533 oppidum
834 442 1265 508 Antiocheam
1299 443 1642 508 accessisse
1670 465 2106 530 magnumque
2133 467 2340 510 eorum
2361 448 2503 530 equi-

507 551 741 615 tatum,
784 537 899 622 qui
941 537 1011 602 in
1057 533 1358 603 Ciliciam
1397 537 1754 615 transisset,
1807 537 1894 604 ab
1937 539 2224 622 equitum
2265 562 2504 608 meorum

507 633 731 700 turmis
756 643 821 700 et
848 655 891 698 a
912 629 1173 698 cohorte
1207 631 1546 716 praetoria,
1583 653 1750 716 quae
1777 641 1916 698 erat
1929 631 2338 719 Epiphaneae
2361 657 2505 720 prse-

506 727 651 794 sidii
696 747 923 803 causa,
970 724 1297 792 occidione
1339 723 1642 790 occ‘mum.
1731 747 1866 809 qua
1903 749 1975 793 re
2009 749 2161 793 cum
2197 728 2450 795 viderem
2477 752 2505 792 a

510 817 929 907 Cappadocia
959 817 1351 886 Parthorum
1391 818 1610 904 copias
1645 841 1904 887 aversas
1947 841 2078 886 non
2120 822 2306 908 longe
2337 844 2371 886 a
2397 821 2506 886 fini-

506 915 631 980 bus
682 935 823 980 esse
876 910 1175 990 Ciliciae,
1234 933 1432 998 quam
1492 913 1676 998 potui
1733 914 2032 980 maximis
2095 915 2402 980 itineribus
2443 916 2504 980 ad
2600 941 2601 956 ¹

506 1010 837 1076 Amanum
872 1007 1225 1075 exercitum
1257 1006 1434 1072 duxi.
1519 1028 1650 1091 quo
1685 1019 1758 1072 ut
1791 1009 1970 1086 veni,
2017 1009 2264 1078 hostem
2277 1059 2282 1062 -
2295 1009 2370 1075 ab
2397 1010 2504 1074 An-
2600 1027 2601 1036 ¹

507 1104 757 1170 tiochea
806 1103 1173 1178 recessisse,
1234 1101 1547 1168 Bibulum
1593 1101 2000 1170 Antiocheae
2063 1127 2204 1170 esse
2255 1104 2503 1192 cognovi3

504 1197 887 1266 Deiotarum
920 1195 1255 1266 confestim
1300 1197 1434 1262 iam
1468 1196 1552 1262 ad
1593 1219 1700 1263 me
1733 1198 2098 1266 venientem
2133 1221 2276 1266 cnm
2315 1221 2502 1286 magno

506 1300 573 1358 et
604 1292 789 1358 firmo
822 1291 1111 1374 equitatu
1142 1300 1209 1356 et
1240 1289 1532 1375 peditatu
1565 1301 1632 1357 et
1667 1312 1816 1357 cum
1851 1293 2154 1359 omnibus
2185 1295 2314 1360 suis
2343 1293 2499 1379 copiis

506 1385 837 1452 certiorem
869 1384 999 1450 feci
1029 1405 1161 1450 non
1194 1382 1400 1450 videri
1433 1407 1577 1450 esse
1610 1407 1872 1452 causam
1885 1434 1906 1464 ,
1941 1404 2062 1454 cur
2095 1389 2338 1456 abesset
2367 1411 2401 1452 a
2427 1409 2500 1453 re-

504 1500 655 1566 gno,
690 1499 923 1564 meque
956 1477 1043 1544 ad
1074 1501 1246 1555 eum,
1280 1477 1335 1542 si
1370 1479 1526 1563 quid
1559 1479 1712 1545 novi
1745 1479 1912 1547 forte
1945 1483 2298 1561 assidam,
2330 1480 2500 1548 statim

444 1590 473 1632 s
493 1571 745 1638 litteras
805 1572 1193 1657 nuntiosque
1251 1571 1600 1638 missurum
1649 1597 1820 1652 esse;
1882 1597 2166 1662 cumque
2215 1571 2290 1644 eo
2334 1575 2499 1641 animo

502 1667 851 1745 venissem,
903 1679 977 1734 ut
1025 1667 1279 1751 utrique
1331 1668 1729 1753 provinciae,
1781 1670 1839 1736 si
1889 1669 1982 1737 ita
2037 1683 2286 1759 tempus
2331 1671 2498 1746 ferret,

502 1762 933 1839 subvenirem,
969 1772 1107 1828 tum
1139 1762 1238 1840 id,
1275 1763 1449 1848 quod
1479 1762 1612 1828 iam
1645 1774 1796 1831 ante
1827 1777 2181 1832 statueram
2215 1766 2499 1832 vehemen-

502 1867 601 1924 ter
649 1856 955 1924 interesse
1006 1856 1337 1942 utriusque
1389 1857 1782 1943 provinciae,
1835 1881 2074 1946 pacare
2116 1862 2415 1926 Amanum
2453 1868 2498 1922 et

503 1961 885 2036 perpetuum
928 1950 1174 2017 hostem
1220 1973 1303 2018 ex
1345 1973 1424 2016 eo
1467 1965 1682 2018 monte
1733 1953 1986 2032 tollere,
2035 1977 2224 2042 agere
2271 1951 2474 2042 perrexi
2480 1975 2494 2026 3

503 2066 778 2129 cumque
823 2067 927 2110 me
968 2044 1299 2111 discedere
1340 2043 1426 2110 ab
1471 2067 1548 2110 eo
1591 2057 1810 2113 monte
1851 2047 2248 2116 simulassem
2280 2059 2338 2114 et
2373 2046 2491 2110 alias

502 2141 701 2226 partis
739 2136 1003 2206 Ciliciae
1046 2152 1263 2226 petere
1306 2140 1726 2227 abessemque
1769 2143 1852 2209 ab
1895 2143 2156 2210 Amano
2197 2144 2308 2210 iter
2346 2141 2488 2207 unius

504 2233 633 2298 diei
674 2245 741 2298 et
779 2243 989 2299 castra
1032 2235 1205 2319 apud
1238 2233 1690 2320 Epiphaneam
1733 2235 2063 2316 fecissem,
2109 2261 2166 2304 a.
2203 2238 2260 2302 d.
2291 2259 2386 2301 nn.
2416 2233 2488 2297 Id.

502 2324 651 2391 Oct.
664 2371 685 2403 ‚
718 2347 865 2391 cum
909 2327 1496 2414 advesperasceret,
1551 2331 1850 2417 expedito
1893 2335 2178 2402 exercitu
2215 2333 2300 2399 ita
2339 2339 2492 2396 noctu
2596 2349 2598 2352 ’

496 2421 619 2486 iter
650 2420 796 2498 feci,
831 2432 906 2486 ut
940 2445 997 2486 a.
1027 2421 1089 2487 d.
1114 2445 1207 2488 m.
1222 2423 1324 2488 Id.
1349 2420 1521 2502 Oct„
1559 2447 1706 2491 cum
1740 2426 2096 2507 lucisceret,
2130 2431 2195 2494 in
2221 2428 2492 2492 Amanum

496 2514 909 2580 ascenderem
946 2515 1450 2603 'distributisque
1511 2519 1880 2587 cohortibus
1929 2535 1994 2588 et
2061 2522 2326 2599 auxiliis,
2377 2539 2491 2583 cum

496 2607 639 2674 aliis
673 2607 759 2690 Q.
794 2607 993 2676 frater
1025 2610 1277 2697 legatus
1310 2635 1565 2690 mecum
1610 2614 1830 2692 simul,
1877 2615 2018 2681 aliis
2055 2615 2131 2683 C.
2165 2612 2492 2700 Pomptinus

494 2703 766 2790 legatus,
802 2703 1059 2788 reliquis
1092 2703 1193 2772 Μ.
1221 2707 1518 2773 Anneius
1555 2719 1619 2774 et
1652 2708 1736 2774 L.
1766 2710 2020 2776 Tullius
2055 2711 2244 2798 legati
2283 2727 2492 2796 praees-

494 2808 663 2874 sent,
733 2797 1071 2884 plerosque
1140 2801 1576 2886 necopinantis
1639 2805 2100 2889 oppressimus,
2173 2804 2276 2890 qui
2337 2797 2490 2868 occisi

430 2907 459 2946 9
496 2890 793 2975 captique
828 2903 997 2969 sunt,
1032 2893 1362 2960 interclusi
1392 2896 1570 2983 fuga.
1623 2896 1910 2964 Eranam
1943 2911 2184 2976 autem,
2219 2919 2368 2982 quae
2396 2892 2486 2958 fuit

492 3004 623 3048 non
657 2985 781 3050 vici
812 2985 1035 3064 instar,
1072 2990 1186 3054 sed
1220 2990 1418 3069 urbis,
1455 2991 1633 3075 quod
1665 3003 1806 3058 erat
1835 2993 2080 3060 Amani
2115 3003 2310 3079 caput,
2341 2991 2486 3054 item-

494 3101 619 3162 que
656 3075 973 3166 Sepyram
1015 3093 1080 3148 et
1114 3080 1542 3162 Commorim,
1589 3087 1820 3152 acriter
1853 3100 1920 3154 et
1955 3089 2067 3155 diu
2108 3080 2483 3175 repugnantis,

490 3171 835 3258 Pomptino
886 3175 1061 3242 illam
1112 3189 1360 3262 partem
1393 3179 1640 3248 Amani·
1685 3192 1942 3248 tenente
1957 3229 1976 3259 ‚
2033 3207 2112 3250 ex
2162 3179 2482 3248 antelucano

489 3278 775 3354 tempore
810 3291 1015 3353 usque
1050 3271 1134 3339 ad
1176 3273 1400 3338 horam
1443 3275 1572 3340 diei
1602 3299 1664 3340 x.
1700 3295 1940 3363 magna
1983 3275 2366 3344 multitudine
2393 3270 2480 3334 ho·

489 3361 683 3426 stium
726 3363 936 3430 occisa
978 3366 1263 3451 cepimus
1308 3370 1697 3454 castellaque
1741 3371 1807 3436 vi
1851 3385 2044 3458 capta
2087 3371 2366 3457 conplura
2405 3364 2479 3426 in·

486 3456 837 3522 sendimus.
890 3457 989 3526 his
1024 3461 1215 3526 rebus
1250 3463 1344 3528 ita
1375 3464 1572 3549 gestis
1606 3477 1830 3531 castra
1847 3467 1916 3532 in
1952 3467 2268 3534 radicibus
2281 3453 2475 3526 Amani

486 3547 825 3618 habuimus
870 3554 1045 3637 apud
1088 3554 1259 3621 Aras
1292 3556 1652 3625 Alexandri
1693 3561 2126 3644 quadriduum
2169 3570 2230 3627 et
2267 3558 2328 3620 in
2363 3547 2476 3616 reli·

484 3643 651 3727 quiis
686 3645 926 3712 Amani
960 3646 1245 3714 delendis
1281 3652 1582 3737 agrisque
1615 3655 1972 3734 vastandis,
2009 3678 2170 3742 quae
2201 3671 2338 3738 pars
2366 3645 2472 3710 eius

484 3737 719 3800 montis
754 3759 933 3807 meae
966 3741 1332 3825 provinciae
1368 3755 1485 3823 est,
1520 3746 1589 3812 id
1621 3757 1876 3834 tempus
1911 3770 2098 3818 omne
2133 3732 2468 3822 consumpsi·

398 3843 449 3882 1⁰
484 3851 647 3894 mus.
696 3865 699 3868 ⁴
736 3831 1041 3900 confectis
1085 3835 1183 3900 his
1228 3839 1422 3904 rebus
1464 3840 1551 3906 ad
1583 3841 1893 3928 oppidum
1927 3833 2464 3911 Eleutherocilicum

480 3917 935 3990 Pindenissum
968 3931 1321 3996 exercitum
1345 3933 1614 4012 adduxi3
1651 3936 1823 4018 quod
1852 3957 1998 4002 cum
2029 3947 2190 4004 esset
2215 3924 2463 3998 altissimo

482 4019 546 4072 et
578 4013 1001 4086 munitissimo
1030 4021 1175 4090 loco
1210 4025 1295 4090 ab
1326 4026 1533 4112 iisque
1566 4028 1965 4109 incoleretur,
2002 4031 2110 4117 qui
2145 4051 2218 4096 ne
2247 4018 2459 4108 regibm
