<?xml version="1.0" encoding="UTF-8"?>
<!DOCTYPE html PUBLIC "-//W3C//DTD XHTML 1.0 Transitional//EN"
    "http://www.w3.org/TR/xhtml1/DTD/xhtml1-transitional.dtd">
<html xmlns="http://www.w3.org/1999/xhtml" xml:lang="en" lang="en">
 <head>
  <title>
</title>
<meta http-equiv="Content-Type" content="text/html;charset=utf-8" />
  <meta name='ocr-system' content='tesseract 3.04.00' />
  <meta name='ocr-capabilities' content='ocr_page ocr_carea ocr_par ocr_line ocrx_word'/>
</head>
<body>
  <div class='ocr_page' id='page_1' title='image "./mtulliiciceroni12unkngoog/mtulliiciceroni12unkngoog_0097.png"; bbox 0 0 2675 4559; ppageno 0'>
   <div class='ocr_carea' id='block_1_1' title="bbox 773 234 2193 310">
    <p class='ocr_par' dir='ltr' id='par_1_1' title="bbox 773 234 2193 310">
     <span class='ocr_line' id='line_1_1' title="bbox 773 234 2193 310; baseline -0.002 -2"><span class='ocrx_word' id='word_1_1' title='bbox 773 244 1327 310; x_wconf 76' lang='lat' dir='ltr'><strong>‘EPISTOLARUM</strong></span> <span class='ocrx_word' id='word_1_2' title='bbox 1359 254 1405 308; x_wconf 91' lang='lat'><strong>1.</strong></span> <span class='ocrx_word' id='word_1_3' title='bbox 1442 254 1493 309; x_wconf 86' lang='lat' dir='ltr'><strong>s.</strong></span> <span class='ocrx_word' id='word_1_4' title='bbox 1514 254 1567 308; x_wconf 84' lang='lat'><strong>9.</strong></span> <span class='ocrx_word' id='word_1_5' title='bbox 2110 234 2193 306; x_wconf 83' lang='lat'><strong>13</strong></span> 
     </span>
    </p>
   </div>
   <div class='ocr_carea' id='block_1_2' title="bbox 167 376 2193 1124">
    <p class='ocr_par' dir='ltr' id='par_1_2' title="bbox 167 376 2193 1124">
     <span class='ocr_line' id='line_1_2' title="bbox 179 376 2193 465; baseline -0.001 -20"><span class='ocrx_word' id='word_1_6' title='bbox 179 402 314 465; x_wconf 83' lang='lat' dir='ltr'><strong>quae</strong></span> <span class='ocrx_word' id='word_1_7' title='bbox 342 380 422 444; x_wconf 77' lang='lat' dir='ltr'><strong>ad</strong></span> <span class='ocrx_word' id='word_1_8' title='bbox 455 388 519 444; x_wconf 88' lang='lat' dir='ltr'><strong>te</strong></span> <span class='ocrx_word' id='word_1_9' title='bbox 554 377 887 464; x_wconf 77' lang='lat' dir='ltr'><strong>pertineat,</strong></span> <span class='ocrx_word' id='word_1_10' title='bbox 921 378 1328 463; x_wconf 86' lang='lat' dir='ltr'><strong>neglegetur3</strong></span> <span class='ocrx_word' id='word_1_11' title='bbox 1364 398 1575 461; x_wconf 87' lang='lat' dir='ltr'><strong>neque</strong></span> <span class='ocrx_word' id='word_1_12' title='bbox 1604 376 1772 441; x_wconf 77' lang='lat' dir='ltr'><strong>enim</strong></span> <span class='ocrx_word' id='word_1_13' title='bbox 1810 376 2079 447; x_wconf 79' lang='lat' dir='ltr'><strong>verebor</strong></span> <span class='ocrx_word' id='word_1_14' title='bbox 2110 400 2193 443; x_wconf 88' lang='lat' dir='ltr'><strong>ne</strong></span> 
     </span>
     <span class='ocr_line' id='line_1_3' title="bbox 177 470 2191 557; baseline -0.001 -18"><span class='ocrx_word' id='word_1_15' title='bbox 177 476 272 539; x_wconf 86' lang='lat' dir='ltr'><strong>sim</strong></span> <span class='ocrx_word' id='word_1_16' title='bbox 317 474 374 539; x_wconf 87' lang='lat' dir='ltr'><strong>ei</strong></span> <span class='ocrx_word' id='word_1_17' title='bbox 422 472 760 549; x_wconf 82' lang='lat' dir='ltr'><strong>molestus,</strong></span> <span class='ocrx_word' id='word_1_18' title='bbox 820 472 926 536; x_wconf 87' lang='lat' dir='ltr'><strong>cui</strong></span> <span class='ocrx_word' id='word_1_19' title='bbox 975 471 1326 536; x_wconf 83' lang='lat' dir='ltr'><strong>iucundum</strong></span> <span class='ocrx_word' id='word_1_20' title='bbox 1380 470 1498 535; x_wconf 87' lang='lat' dir='ltr'><strong>erit</strong></span> <span class='ocrx_word' id='word_1_21' title='bbox 1554 470 1751 535; x_wconf 81' lang='lat' dir='ltr'><strong>etiam</strong></span> <span class='ocrx_word' id='word_1_22' title='bbox 1810 482 2071 557; x_wconf 84' lang='lat' dir='ltr'><strong>propter</strong></span> <span class='ocrx_word' id='word_1_23' title='bbox 2122 488 2191 537; x_wconf 81' lang='lat' dir='ltr'><strong>se</strong></span> 
     </span>
     <span class='ocr_line' id='line_1_4' title="bbox 173 564 2191 653; baseline -0.001 -21"><span class='ocrx_word' id='word_1_24' title='bbox 173 570 378 653; x_wconf 82' lang='lat' dir='ltr'><strong>ipsum,</strong></span> <span class='ocrx_word' id='word_1_25' title='bbox 429 590 582 637; x_wconf 82' lang='lat' dir='ltr'><strong>cum</strong></span> <span class='ocrx_word' id='word_1_26' title='bbox 627 586 729 631; x_wconf 88' lang='lat' dir='ltr'><strong>me</strong></span> <span class='ocrx_word' id='word_1_27' title='bbox 771 586 912 631; x_wconf 88' lang='lat' dir='ltr'><strong>esse</strong></span> <span class='ocrx_word' id='word_1_28' title='bbox 956 574 1214 651; x_wconf 80' lang='lat' dir='ltr'><strong>gratum</strong></span> <span class='ocrx_word' id='word_1_29' title='bbox 1247 564 1511 630; x_wconf 83' lang='lat' dir='ltr'><strong>videbit.</strong></span> <span class='ocrx_word' id='word_1_30' title='bbox 1600 577 1671 629; x_wconf 80' lang='lat' dir='ltr'><strong>tu</strong></span> <span class='ocrx_word' id='word_1_31' title='bbox 1708 564 1903 631; x_wconf 87' lang='lat' dir='ltr'><strong>velim</strong></span> <span class='ocrx_word' id='word_1_32' title='bbox 1946 565 2065 631; x_wconf 86' lang='lat' dir='ltr'><strong>tibi</strong></span> <span class='ocrx_word' id='word_1_33' title='bbox 2098 564 2191 631; x_wconf 83' lang='lat' dir='ltr'><strong>ita</strong></span> 
     </span>
     <span class='ocr_line' id='line_1_5' title="bbox 169 659 2191 748; baseline -0.001 -21"><span class='ocrx_word' id='word_1_34' title='bbox 169 662 550 748; x_wconf 77' lang='lat' dir='ltr'><strong>persuadeas,</strong></span> <span class='ocrx_word' id='word_1_35' title='bbox 598 660 842 727; x_wconf 79' lang='lat' dir='ltr'><strong>nullam</strong></span> <span class='ocrx_word' id='word_1_36' title='bbox 874 682 1012 726; x_wconf 88' lang='lat' dir='ltr'><strong>rem</strong></span> <span class='ocrx_word' id='word_1_37' title='bbox 1049 666 1186 725; x_wconf 88' lang='lat' dir='ltr'><strong>esse</strong></span> <span class='ocrx_word' id='word_1_38' title='bbox 1224 659 1582 737; x_wconf 83' lang='lat' dir='ltr'><strong>minimam,</strong></span> <span class='ocrx_word' id='word_1_39' title='bbox 1626 678 1794 743; x_wconf 90' lang='lat' dir='ltr'><strong>quae</strong></span> <span class='ocrx_word' id='word_1_40' title='bbox 1828 660 1911 725; x_wconf 86' lang='lat' dir='ltr'><strong>ad</strong></span> <span class='ocrx_word' id='word_1_41' title='bbox 1946 670 2011 725; x_wconf 90' lang='lat' dir='ltr'><strong>te</strong></span> <span class='ocrx_word' id='word_1_42' title='bbox 2042 672 2191 746; x_wconf 82' lang='lat' dir='ltr'><strong>per-</strong></span> 
     </span>
     <span class='ocr_line' id='line_1_6' title="bbox 169 754 2187 840; baseline -0 -19"><span class='ocrx_word' id='word_1_43' title='bbox 169 758 362 833; x_wconf 86' lang='lat' dir='ltr'><strong>tineat,</strong></span> <span class='ocrx_word' id='word_1_44' title='bbox 407 758 580 840; x_wconf 76' lang='lat' dir='ltr'><strong>qu‘ae</strong></span> <span class='ocrx_word' id='word_1_45' title='bbox 626 754 781 820; x_wconf 83' lang='lat' dir='ltr'><strong>mihi</strong></span> <span class='ocrx_word' id='word_1_46' title='bbox 825 774 958 820; x_wconf 90' lang='lat' dir='ltr'><strong>non</strong></span> <span class='ocrx_word' id='word_1_47' title='bbox 985 754 1199 819; x_wconf 41' lang='lat' dir='ltr'><strong>*carior</strong></span> <span class='ocrx_word' id='word_1_48' title='bbox 1229 754 1311 819; x_wconf 89' lang='lat' dir='ltr'><strong>sit</strong></span> <span class='ocrx_word' id='word_1_49' title='bbox 1354 772 1551 837; x_wconf 83' lang='lat' dir='ltr'><strong>quam</strong></span> <span class='ocrx_word' id='word_1_50' title='bbox 1582 773 1766 819; x_wconf 85' lang='lat' dir='ltr'><strong>meae</strong></span> <span class='ocrx_word' id='word_1_51' title='bbox 1800 776 1901 820; x_wconf 88' lang='lat' dir='ltr'><strong>res</strong></span> <span class='ocrx_word' id='word_1_52' title='bbox 1939 773 2187 832; x_wconf 82' lang='lat' dir='ltr'><strong>omnes3</strong></span> 
     </span>
     <span class='ocr_line' id='line_1_7' title="bbox 168 848 2187 935; baseline -0 -20"><span class='ocrx_word' id='word_1_53' title='bbox 168 851 327 935; x_wconf 85' lang='lat' dir='ltr'><strong>idque</strong></span> <span class='ocrx_word' id='word_1_54' title='bbox 359 872 510 915; x_wconf 87' lang='lat' dir='ltr'><strong>cum</strong></span> <span class='ocrx_word' id='word_1_55' title='bbox 547 850 818 915; x_wconf 84' lang='lat' dir='ltr'><strong>sentiam</strong></span> <span class='ocrx_word' id='word_1_56' title='bbox 831 898 849 927; x_wconf 97' lang='lat'><strong>,</strong></span> <span class='ocrx_word' id='word_1_57' title='bbox 895 848 1234 915; x_wconf 79' lang='lat' dir='ltr'>sedulitate</span> <span class='ocrx_word' id='word_1_58' title='bbox 1268 848 1559 914; x_wconf 77' lang='lat' dir='ltr'><strong>mihimet</strong></span> <span class='ocrx_word' id='word_1_59' title='bbox 1600 848 1739 933; x_wconf 89' lang='lat' dir='ltr'><strong>ipse</strong></span> <span class='ocrx_word' id='word_1_60' title='bbox 1777 848 1929 931; x_wconf 82' lang='lat' dir='ltr'><strong>satis</strong></span> <span class='ocrx_word' id='word_1_61' title='bbox 1975 848 2187 914; x_wconf 83' lang='lat' dir='ltr'><strong>facere</strong></span> 
     </span>
     <span class='ocr_line' id='line_1_8' title="bbox 167 941 2189 1029; baseline -0.001 -20"><span class='ocrx_word' id='word_1_62' title='bbox 167 966 420 1029; x_wconf 82' lang='lat' dir='ltr'><strong>possum,</strong></span> <span class='ocrx_word' id='word_1_63' title='bbox 463 966 537 1009; x_wconf 86' lang='lat' dir='ltr'><strong>re</strong></span> <span class='ocrx_word' id='word_1_64' title='bbox 576 944 837 1029; x_wconf 78' lang='lat' dir='ltr'><strong>quidem</strong></span> <span class='ocrx_word' id='word_1_65' title='bbox 871 944 1012 1029; x_wconf 83' lang='lat' dir='ltr'><strong>ipsa</strong></span> <span class='ocrx_word' id='word_1_66' title='bbox 1045 942 1192 1008; x_wconf 85' lang='lat' dir='ltr'><strong>ideo</strong></span> <span class='ocrx_word' id='word_1_67' title='bbox 1225 941 1385 1006; x_wconf 88' lang='lat' dir='ltr'><strong>mihi</strong></span> <span class='ocrx_word' id='word_1_68' title='bbox 1418 962 1549 1007; x_wconf 89' lang='lat' dir='ltr'><strong>non</strong></span> <span class='ocrx_word' id='word_1_69' title='bbox 1583 942 1737 1007; x_wconf 85' lang='lat' dir='ltr'><strong>satis</strong></span> <span class='ocrx_word' id='word_1_70' title='bbox 1773 941 1968 1018; x_wconf 62' lang='lat' dir='ltr'><strong>facim</strong></span> <span class='ocrx_word' id='word_1_71' title='bbox 2014 941 2189 1025; x_wconf 86' lang='lat' dir='ltr'><strong>quod</strong></span> 
     </span>
     <span class='ocr_line' id='line_1_9' title="bbox 167 1036 2190 1124; baseline 0 -23"><span class='ocrx_word' id='word_1_72' title='bbox 167 1037 373 1103; x_wconf 81' lang='lat' dir='ltr'><strong>nullam</strong></span> <span class='ocrx_word' id='word_1_73' title='bbox 416 1049 673 1124; x_wconf 87' lang='lat' dir='ltr'><strong>partem</strong></span> <span class='ocrx_word' id='word_1_74' title='bbox 717 1050 974 1103; x_wconf 80' lang='lat' dir='ltr'><strong>tuorum</strong></span> <span class='ocrx_word' id='word_1_75' title='bbox 1015 1036 1389 1102; x_wconf 86' lang='lat' dir='ltr'><strong>meritorum</strong></span> <span class='ocrx_word' id='word_1_76' title='bbox 1441 1057 1571 1101; x_wconf 89' lang='lat' dir='ltr'><strong>non</strong></span> <span class='ocrx_word' id='word_1_77' title='bbox 1622 1036 1813 1101; x_wconf 88' lang='lat' dir='ltr'><strong>modo</strong></span> <span class='ocrx_word' id='word_1_78' title='bbox 1856 1036 2190 1103; x_wconf 82' lang='lat' dir='ltr'><strong>referenda</strong></span> 
     </span>
    </p>
   </div>
   <div class='ocr_carea' id='block_1_3' title="bbox 167 1110 2189 1304">
    <p class='ocr_par' dir='ltr' id='par_1_3' title="bbox 167 1110 2189 1304">
     <span class='ocr_line' id='line_1_10' title="bbox 167 1110 2189 1219; baseline -0.001 -22"><span class='ocrx_word' id='word_1_79' title='bbox 167 1110 257 1197; x_wconf 71' lang='lat' dir='ltr'><strong>sed</strong></span> <span class='ocrx_word' id='word_1_80' title='bbox 286 1154 362 1197; x_wconf 90' lang='lat' dir='ltr'><strong>ne</strong></span> <span class='ocrx_word' id='word_1_81' title='bbox 395 1133 747 1219; x_wconf 79' lang='lat' dir='ltr'><strong>cogitanda</strong></span> <span class='ocrx_word' id='word_1_82' title='bbox 789 1132 1050 1217; x_wconf 85' lang='lat' dir='ltr'><strong>quidem</strong></span> <span class='ocrx_word' id='word_1_83' title='bbox 1093 1132 1302 1217; x_wconf 76' lang='lat' dir='ltr'><strong>gratia</strong></span> <span class='ocrx_word' id='word_1_84' title='bbox 1336 1130 1642 1215; x_wconf 80' lang='lat' dir='ltr'><strong>consequi</strong></span> <span class='ocrx_word' id='word_1_85' title='bbox 1682 1150 1966 1217; x_wconf 86' lang='lat' dir='ltr'><strong>possum.</strong></span> <span class='ocrx_word' id='word_1_86' title='bbox 2052 1151 2189 1196; x_wconf 87' lang='lat' dir='ltr'><strong>rem</strong></span> 
     </span>
     <span class='ocr_line' id='line_1_11' title="bbox 167 1215 2189 1304; baseline 0 -21"><span class='ocrx_word' id='word_1_87' title='bbox 167 1232 216 1283; x_wconf 84' lang='lat' dir='ltr'><strong>te</strong></span> <span class='ocrx_word' id='word_1_88' title='bbox 232 1219 400 1286; x_wconf 74' lang='lat' dir='ltr'><strong>valde</strong></span> <span class='ocrx_word' id='word_1_89' title='bbox 427 1219 598 1284; x_wconf 88' lang='lat' dir='ltr'><strong>bene</strong></span> <span class='ocrx_word' id='word_1_90' title='bbox 625 1218 902 1304; x_wconf 84' lang='lat' dir='ltr'><strong>gessisse</strong></span> <span class='ocrx_word' id='word_1_91' title='bbox 929 1238 1150 1281; x_wconf 83' lang='lat' dir='ltr'><strong>rumor</strong></span> <span class='ocrx_word' id='word_1_92' title='bbox 1177 1229 1339 1295; x_wconf 81' lang='lat' dir='ltr'><strong>erat3</strong></span> <span class='ocrx_word' id='word_1_93' title='bbox 1378 1216 1914 1303; x_wconf 75' lang='lat' dir='ltr'><strong>exspectabantur</strong></span> <span class='ocrx_word' id='word_1_94' title='bbox 1942 1215 2189 1283; x_wconf 80' lang='lat' dir='ltr'><strong>litterae</strong></span> 
     </span>
    </p>
   </div>
   <div class='ocr_carea' id='block_1_4' title="bbox 164 1312 2189 1772">
    <p class='ocr_par' dir='ltr' id='par_1_4' title="bbox 164 1312 2189 1772">
     <span class='ocr_line' id='line_1_12' title="bbox 167 1312 2187 1398; baseline 0.001 -23"><span class='ocrx_word' id='word_1_95' title='bbox 167 1322 312 1389; x_wconf 71' lang='lat' dir='ltr'><strong>tuae,</strong></span> <span class='ocrx_word' id='word_1_96' title='bbox 355 1314 436 1379; x_wconf 87' lang='lat' dir='ltr'><strong>de</strong></span> <span class='ocrx_word' id='word_1_97' title='bbox 471 1314 716 1397; x_wconf 87' lang='lat' dir='ltr'><strong>quibus</strong></span> <span class='ocrx_word' id='word_1_98' title='bbox 749 1333 1002 1379; x_wconf 78' lang='lat' dir='ltr'><strong>eramus</strong></span> <span class='ocrx_word' id='word_1_99' title='bbox 1045 1312 1175 1377; x_wconf 77' lang='lat' dir='ltr'><strong>iam</strong></span> <span class='ocrx_word' id='word_1_100' title='bbox 1211 1332 1359 1377; x_wconf 88' lang='lat' dir='ltr'><strong>cum</strong></span> <span class='ocrx_word' id='word_1_101' title='bbox 1393 1312 1707 1398; x_wconf 84' lang='lat' dir='ltr'><strong>Pompeio</strong></span> <span class='ocrx_word' id='word_1_102' title='bbox 1751 1312 1976 1389; x_wconf 86' lang='lat' dir='ltr'><strong>locuti,</strong></span> <span class='ocrx_word' id='word_1_103' title='bbox 2021 1329 2187 1396; x_wconf 79' lang='lat' dir='ltr'><strong>quae</strong></span> 
     </span>
     <span class='ocr_line' id='line_1_13' title="bbox 167 1406 2189 1485; baseline 0.001 -16"><span class='ocrx_word' id='word_1_104' title='bbox 167 1406 212 1469; x_wconf 85' lang='lat' dir='ltr'><strong>si</strong></span> <span class='ocrx_word' id='word_1_105' title='bbox 235 1417 404 1472; x_wconf 84' lang='lat' dir='ltr'><strong>erunt</strong></span> <span class='ocrx_word' id='word_1_106' title='bbox 435 1408 716 1485; x_wconf 79' lang='lat' dir='ltr'><strong>adlatae,</strong></span> <span class='ocrx_word' id='word_1_107' title='bbox 749 1418 1039 1472; x_wconf 84' lang='lat' dir='ltr'><strong>nostrum</strong></span> <span class='ocrx_word' id='word_1_108' title='bbox 1077 1408 1359 1471; x_wconf 81' lang='lat' dir='ltr'><strong>studium</strong></span> <span class='ocrx_word' id='word_1_109' title='bbox 1394 1406 1671 1473; x_wconf 83' lang='lat' dir='ltr'><strong>exstabit</strong></span> <span class='ocrx_word' id='word_1_110' title='bbox 1702 1408 1771 1471; x_wconf 84' lang='lat' dir='ltr'><strong>in</strong></span> <span class='ocrx_word' id='word_1_111' title='bbox 1806 1406 2189 1473; x_wconf 77' lang='lat' dir='ltr'><strong>convenien-</strong></span> 
     </span>
     <span class='ocr_line' id='line_1_14' title="bbox 165 1499 2187 1589; baseline 0.002 -27"><span class='ocrx_word' id='word_1_112' title='bbox 165 1499 242 1562; x_wconf 87' lang='lat' dir='ltr'><strong>dis</strong></span> <span class='ocrx_word' id='word_1_113' title='bbox 277 1502 754 1587; x_wconf 80' lang='lat' dir='ltr'><strong>magistratibus</strong></span> <span class='ocrx_word' id='word_1_114' title='bbox 800 1514 864 1567; x_wconf 88' lang='lat' dir='ltr'><strong>et</strong></span> <span class='ocrx_word' id='word_1_115' title='bbox 907 1501 1311 1589; x_wconf 78' lang='lat' dir='ltr'><strong>senatoribus</strong></span> <span class='ocrx_word' id='word_1_116' title='bbox 1316 1526 1334 1577; x_wconf 87' lang='lat'>3</span> <span class='ocrx_word' id='word_1_117' title='bbox 1384 1512 1749 1586; x_wconf 83' lang='lat' dir='ltr'><strong>ceteraque,</strong></span> <span class='ocrx_word' id='word_1_118' title='bbox 1795 1516 1965 1586; x_wconf 74' lang='lat' dir='ltr'><strong>quae</strong></span> <span class='ocrx_word' id='word_1_119' title='bbox 1998 1501 2082 1566; x_wconf 76' lang='lat' dir='ltr'><strong>ad</strong></span> <span class='ocrx_word' id='word_1_120' title='bbox 2123 1512 2187 1567; x_wconf 82' lang='lat' dir='ltr'><strong>te</strong></span> 
     </span>
     <span class='ocr_line' id='line_1_15' title="bbox 165 1593 2188 1682; baseline 0 -23"><span class='ocrx_word' id='word_1_121' title='bbox 165 1593 560 1676; x_wconf 80' lang='lat' dir='ltr'><strong>pertinebunt,</strong></span> <span class='ocrx_word' id='word_1_122' title='bbox 600 1616 750 1661; x_wconf 87' lang='lat' dir='ltr'><strong>cum</strong></span> <span class='ocrx_word' id='word_1_123' title='bbox 785 1596 976 1661; x_wconf 79' lang='lat' dir='ltr'><strong>etiam</strong></span> <span class='ocrx_word' id='word_1_124' title='bbox 1012 1597 1158 1682; x_wconf 87' lang='lat' dir='ltr'><strong>plus</strong></span> <span class='ocrx_word' id='word_1_125' title='bbox 1186 1595 1697 1661; x_wconf 77' lang='lat' dir='ltr'><strong>contenderimus</strong></span> <span class='ocrx_word' id='word_1_126' title='bbox 1732 1612 1926 1681; x_wconf 84' lang='lat' dir='ltr'><strong>quam</strong></span> <span class='ocrx_word' id='word_1_127' title='bbox 1962 1614 2188 1681; x_wconf 90' lang='lat' dir='ltr'><strong>possu-</strong></span> 
     </span>
     <span class='ocr_line' id='line_1_16' title="bbox 164 1687 1738 1772; baseline 0.001 -23"><span class='ocrx_word' id='word_1_128' title='bbox 164 1706 300 1764; x_wconf 85' lang='lat' dir='ltr'><strong>mus,</strong></span> <span class='ocrx_word' id='word_1_129' title='bbox 329 1689 540 1755; x_wconf 84' lang='lat' dir='ltr'><strong>minus</strong></span> <span class='ocrx_word' id='word_1_130' title='bbox 579 1702 796 1756; x_wconf 80' lang='lat' dir='ltr'><strong>tamen</strong></span> <span class='ocrx_word' id='word_1_131' title='bbox 828 1690 1140 1755; x_wconf 77' lang='lat' dir='ltr'><strong>faciemus</strong></span> <span class='ocrx_word' id='word_1_132' title='bbox 1177 1708 1373 1772; x_wconf 80' lang='lat' dir='ltr'><strong>quam</strong></span> <span class='ocrx_word' id='word_1_133' title='bbox 1408 1687 1532 1753; x_wconf 90' lang='lat' dir='ltr'><strong>deb</strong></span> <span class='ocrx_word' id='word_1_134' title='bbox 1540 1708 1738 1753; x_wconf 85' lang='lat' dir='ltr'><strong>emus.</strong></span> 
     </span>
    </p>
   </div>
   <div class='ocr_carea' id='block_1_5' title="bbox 403 1922 1905 2188">
    <p class='ocr_par' dir='ltr' id='par_1_5' title="bbox 403 1922 1905 2188">
     <span class='ocr_line' id='line_1_17' title="bbox 1110 1922 1216 1980; baseline 0 0"><span class='ocrx_word' id='word_1_135' title='bbox 1110 1922 1216 1980; x_wconf 80' lang='grc' dir='ltr'><strong>ΙΧ.</strong></span> 
     </span>
     <span class='ocr_line' id='line_1_18' title="bbox 403 2026 1905 2111; baseline -0.001 -28"><span class='ocrx_word' id='word_1_136' title='bbox 403 2026 522 2083; x_wconf 86' lang='lat' dir='ltr'><strong>Ser.</strong></span> <span class='ocrx_word' id='word_1_137' title='bbox 550 2028 770 2101; x_wconf 78' lang='lat' dir='ltr'><strong>Romae</strong></span> <span class='ocrx_word' id='word_1_138' title='bbox 795 2045 984 2085; x_wconf 84' lang='lat' dir='ltr'><strong>mense</strong></span> <span class='ocrx_word' id='word_1_139' title='bbox 1015 2028 1246 2084; x_wconf 83' lang='lat' dir='ltr'><strong>Octobri</strong></span> <span class='ocrx_word' id='word_1_140' title='bbox 1280 2033 1518 2083; x_wconf 83' lang='lat' dir='ltr'><strong>exeunte</strong></span> <span class='ocrx_word' id='word_1_141' title='bbox 1546 2045 1597 2081; x_wconf 86' lang='lat' dir='ltr'><strong>a.</strong></span> <span class='ocrx_word' id='word_1_142' title='bbox 1623 2046 1679 2111; x_wconf 78' lang='lat' dir='ltr'><strong>u.</strong></span> <span class='ocrx_word' id='word_1_143' title='bbox 1710 2044 1757 2081; x_wconf 89' lang='lat' dir='ltr'><strong>c.</strong></span> <span class='ocrx_word' id='word_1_144' title='bbox 1788 2028 1905 2083; x_wconf 73' lang='lat'>700.</span> 
     </span>
     <span class='ocr_line' id='line_1_19' title="bbox 505 2128 1806 2188; baseline -0.002 -3"><span class='ocrx_word' id='word_1_145' title='bbox 505 2132 585 2185; x_wconf 83' lang='lat' dir='ltr'><strong>M.</strong></span> <span class='ocrx_word' id='word_1_146' title='bbox 627 2130 902 2187; x_wconf 84' lang='lat' dir='ltr'>CICERO</span> <span class='ocrx_word' id='word_1_147' title='bbox 941 2130 997 2187; x_wconf 86' lang='lat' dir='ltr'><strong>S.</strong></span> <span class='ocrx_word' id='word_1_148' title='bbox 1033 2130 1108 2185; x_wconf 88' lang='lat' dir='ltr'><strong>D.</strong></span> <span class='ocrx_word' id='word_1_149' title='bbox 1145 2133 1208 2186; x_wconf 94' lang='lat' dir='ltr'><strong>P.</strong></span> <span class='ocrx_word' id='word_1_150' title='bbox 1244 2128 1614 2188; x_wconf 71' lang='lat' dir='ltr'>LENTULO</span> <span class='ocrx_word' id='word_1_151' title='bbox 1650 2130 1806 2186; x_wconf 89' lang='lat' dir='ltr'><strong>IMP.</strong></span> 
     </span>
    </p>
   </div>
   <div class='ocr_carea' id='block_1_6' title="bbox 265 2244 2187 2339">
    <p class='ocr_par' dir='ltr' id='par_1_6' title="bbox 265 2244 2187 2339">
     <span class='ocr_line' id='line_1_20' title="bbox 265 2244 2187 2339; baseline 0.002 -24"><span class='ocrx_word' id='word_1_152' title='bbox 265 2251 710 2319; x_wconf 71' lang='lat' dir='ltr'><strong>Pei-iucundae</strong></span> <span class='ocrx_word' id='word_1_153' title='bbox 759 2252 918 2318; x_wconf 80' lang='lat' dir='ltr'><strong>mihi</strong></span> <span class='ocrx_word' id='word_1_154' title='bbox 969 2254 1229 2321; x_wconf 69' lang='lat' dir='ltr'><strong>fuerumt</strong></span> <span class='ocrx_word' id='word_1_155' title='bbox 1280 2254 1527 2319; x_wconf 86' lang='lat' dir='ltr'><strong>litterae</strong></span> <span class='ocrx_word' id='word_1_156' title='bbox 1570 2244 1747 2330; x_wconf 82' lang='lat' dir='ltr'><strong>tuae,</strong></span> <span class='ocrx_word' id='word_1_157' title='bbox 1802 2254 2035 2339; x_wconf 84' lang='lat' dir='ltr'><strong>quibus</strong></span> <span class='ocrx_word' id='word_1_158' title='bbox 2088 2254 2187 2319; x_wconf 85' lang='lat' dir='ltr'><strong>in-</strong></span> 
     </span>
    </p>
   </div>
   <div class='ocr_carea' id='block_1_7' title="bbox 161 2342 2309 2435">
    <p class='ocr_par' dir='ltr' id='par_1_7' title="bbox 161 2342 2309 2435">
     <span class='ocr_line' id='line_1_21' title="bbox 161 2342 2309 2435; baseline 0.005 -31"><span class='ocrx_word' id='word_1_159' title='bbox 161 2342 341 2410; x_wconf 78' lang='lat' dir='ltr'><strong>tellexi</strong></span> <span class='ocrx_word' id='word_1_160' title='bbox 390 2358 454 2413; x_wconf 88' lang='lat' dir='ltr'><strong>te</strong></span> <span class='ocrx_word' id='word_1_161' title='bbox 505 2349 876 2435; x_wconf 75' lang='lat' dir='ltr'><strong>perspicere</strong></span> <span class='ocrx_word' id='word_1_162' title='bbox 926 2366 1138 2415; x_wconf 79' lang='lat' dir='ltr'><strong>meam</strong></span> <span class='ocrx_word' id='word_1_163' title='bbox 1187 2348 1257 2413; x_wconf 85' lang='lat' dir='ltr'><strong>in</strong></span> <span class='ocrx_word' id='word_1_164' title='bbox 1307 2360 1372 2415; x_wconf 89' lang='lat' dir='ltr'><strong>te</strong></span> <span class='ocrx_word' id='word_1_165' title='bbox 1422 2350 1751 2434; x_wconf 82' lang='lat' dir='ltr'><strong>pietatem:</strong></span> <span class='ocrx_word' id='word_1_166' title='bbox 1806 2349 1965 2433; x_wconf 88' lang='lat' dir='ltr'><strong>quid</strong></span> <span class='ocrx_word' id='word_1_167' title='bbox 2016 2350 2187 2415; x_wconf 87' lang='lat' dir='ltr'><strong>enim</strong></span> <span class='ocrx_word' id='word_1_168' title='bbox 2306 2392 2309 2395; x_wconf 88' lang='lat'>-</span> 
     </span>
    </p>
   </div>
   <div class='ocr_carea' id='block_1_8' title="bbox 161 2434 2187 3282">
    <p class='ocr_par' dir='ltr' id='par_1_8' title="bbox 161 2434 2187 3282">
     <span class='ocr_line' id='line_1_22' title="bbox 164 2434 2187 2530; baseline 0.004 -29"><span class='ocrx_word' id='word_1_169' title='bbox 164 2434 338 2505; x_wconf 83' lang='lat' dir='ltr'><strong>dicam</strong></span> <span class='ocrx_word' id='word_1_170' title='bbox 375 2441 921 2520; x_wconf 76' lang='lat' dir='ltr'><strong>benevolentiam,</strong></span> <span class='ocrx_word' id='word_1_171' title='bbox 977 2460 1126 2508; x_wconf 85' lang='lat' dir='ltr'><strong>cum</strong></span> <span class='ocrx_word' id='word_1_172' title='bbox 1169 2443 1328 2508; x_wconf 88' lang='lat' dir='ltr'><strong>illud</strong></span> <span class='ocrx_word' id='word_1_173' title='bbox 1372 2444 1583 2530; x_wconf 89' lang='lat' dir='ltr'><strong>ipsum</strong></span> <span class='ocrx_word' id='word_1_174' title='bbox 1625 2443 2075 2529; x_wconf 80' lang='lat' dir='ltr'><strong>gravissimum</strong></span> <span class='ocrx_word' id='word_1_175' title='bbox 2122 2456 2187 2510; x_wconf 86' lang='lat' dir='ltr'><strong>et</strong></span> 
     </span>
     <span class='ocr_line' id='line_1_23' title="bbox 161 2532 2185 2624; baseline 0.004 -29"><span class='ocrx_word' id='word_1_176' title='bbox 161 2532 599 2604; x_wconf 79' lang='lat' dir='ltr'><strong>sanctissimum</strong></span> <span class='ocrx_word' id='word_1_177' title='bbox 634 2556 865 2602; x_wconf 86' lang='lat' dir='ltr'><strong>nomen</strong></span> <span class='ocrx_word' id='word_1_178' title='bbox 898 2536 1154 2623; x_wconf 84' lang='lat' dir='ltr'><strong>pietatis</strong></span> <span class='ocrx_word' id='word_1_179' title='bbox 1185 2538 1389 2603; x_wconf 86' lang='lat' dir='ltr'><strong>levius</strong></span> <span class='ocrx_word' id='word_1_180' title='bbox 1424 2537 1582 2601; x_wconf 81' lang='lat' dir='ltr'><strong>mihi</strong></span> <span class='ocrx_word' id='word_1_181' title='bbox 1616 2538 1856 2603; x_wconf 87' lang='lat' dir='ltr'><strong>meritis</strong></span> <span class='ocrx_word' id='word_1_182' title='bbox 1892 2557 2048 2624; x_wconf 82' lang='lat' dir='ltr'><strong>erga</strong></span> <span class='ocrx_word' id='word_1_183' title='bbox 2080 2560 2185 2604; x_wconf 89' lang='lat' dir='ltr'><strong>me</strong></span> 
     </span>
     <span class='ocr_line' id='line_1_24' title="bbox 161 2625 2183 2717; baseline 0.005 -30"><span class='ocrx_word' id='word_1_184' title='bbox 161 2625 264 2691; x_wconf 85' lang='lat' dir='ltr'><strong>tuis</strong></span> <span class='ocrx_word' id='word_1_185' title='bbox 301 2650 432 2696; x_wconf 74' lang='lat' dir='ltr'><strong>esse</strong></span> <span class='ocrx_word' id='word_1_186' title='bbox 477 2630 814 2695; x_wconf 75' lang='lat' dir='ltr'><strong>videatur?</strong></span> <span class='ocrx_word' id='word_1_187' title='bbox 866 2632 1039 2715; x_wconf 88' lang='lat' dir='ltr'><strong>quod</strong></span> <span class='ocrx_word' id='word_1_188' title='bbox 1091 2644 1308 2698; x_wconf 80' lang='lat' dir='ltr'><strong>autem</strong></span> <span class='ocrx_word' id='word_1_189' title='bbox 1352 2629 1469 2695; x_wconf 86' lang='lat' dir='ltr'><strong>tibi</strong></span> <span class='ocrx_word' id='word_1_190' title='bbox 1504 2642 1689 2716; x_wconf 84' lang='lat' dir='ltr'><strong>grata</strong></span> <span class='ocrx_word' id='word_1_191' title='bbox 1730 2652 1877 2696; x_wconf 82' lang='lat' dir='ltr'><strong>mea</strong></span> <span class='ocrx_word' id='word_1_192' title='bbox 1918 2652 2075 2717; x_wconf 78' lang='lat' dir='ltr'><strong>erga</strong></span> <span class='ocrx_word' id='word_1_193' title='bbox 2118 2644 2183 2697; x_wconf 88' lang='lat' dir='ltr'><strong>te</strong></span> 
     </span>
     <span class='ocr_line' id='line_1_25' title="bbox 163 2720 2183 2811; baseline 0.002 -27"><span class='ocrx_word' id='word_1_194' title='bbox 163 2720 339 2786; x_wconf 81' lang='lat' dir='ltr'><strong>studia</strong></span> <span class='ocrx_word' id='word_1_195' title='bbox 369 2724 602 2790; x_wconf 86' lang='lat' dir='ltr'><strong>scribis</strong></span> <span class='ocrx_word' id='word_1_196' title='bbox 647 2748 816 2803; x_wconf 83' lang='lat' dir='ltr'><strong>esse,</strong></span> <span class='ocrx_word' id='word_1_197' title='bbox 859 2726 1018 2793; x_wconf 79' lang='lat' dir='ltr'><strong>facis</strong></span> <span class='ocrx_word' id='word_1_198' title='bbox 1062 2738 1134 2791; x_wconf 79' lang='lat' dir='ltr'><strong>tu</strong></span> <span class='ocrx_word' id='word_1_199' title='bbox 1169 2726 1431 2811; x_wconf 83' lang='lat' dir='ltr'><strong>quidem</strong></span> <span class='ocrx_word' id='word_1_200' title='bbox 1466 2724 1859 2789; x_wconf 85' lang='lat' dir='ltr'><strong>abundantia</strong></span> <span class='ocrx_word' id='word_1_201' title='bbox 1901 2725 2183 2808; x_wconf 79' lang='lat' dir='ltr'><strong>quadam</strong></span> 
     </span>
     <span class='ocr_line' id='line_1_26' title="bbox 163 2816 2181 2907; baseline 0.002 -26"><span class='ocrx_word' id='word_1_202' title='bbox 163 2816 386 2895; x_wconf 69' lang='lat' dir='ltr'><strong>amoris,</strong></span> <span class='ocrx_word' id='word_1_203' title='bbox 438 2831 518 2884; x_wconf 86' lang='lat' dir='ltr'><strong>ut</strong></span> <span class='ocrx_word' id='word_1_204' title='bbox 567 2820 758 2885; x_wconf 85' lang='lat' dir='ltr'><strong>etiam</strong></span> <span class='ocrx_word' id='word_1_205' title='bbox 808 2832 994 2907; x_wconf 82' lang='lat' dir='ltr'><strong>grata</strong></span> <span class='ocrx_word' id='word_1_206' title='bbox 1045 2822 1173 2886; x_wconf 77' lang='lat' dir='ltr'><strong>sint</strong></span> <span class='ocrx_word' id='word_1_207' title='bbox 1215 2841 1322 2897; x_wconf 82' lang='lat' dir='ltr'><strong>ea,</strong></span> <span class='ocrx_word' id='word_1_208' title='bbox 1378 2840 1545 2904; x_wconf 82' lang='lat' dir='ltr'><strong>quae</strong></span> <span class='ocrx_word' id='word_1_209' title='bbox 1588 2818 2003 2907; x_wconf 83' lang='lat' dir='ltr'><strong>praetermitti</strong></span> <span class='ocrx_word' id='word_1_210' title='bbox 2045 2818 2181 2885; x_wconf 87' lang='lat' dir='ltr'><strong>sine</strong></span> 
     </span>
     <span class='ocr_line' id='line_1_27' title="bbox 161 2906 2183 3000; baseline 0.002 -26"><span class='ocrx_word' id='word_1_211' title='bbox 161 2906 368 2975; x_wconf 79' lang='lat' dir='ltr'><strong>nefario</strong></span> <span class='ocrx_word' id='word_1_212' title='bbox 400 2915 644 2980; x_wconf 84' lang='lat' dir='ltr'><strong>scelere</strong></span> <span class='ocrx_word' id='word_1_213' title='bbox 687 2935 818 2979; x_wconf 88' lang='lat' dir='ltr'><strong>non</strong></span> <span class='ocrx_word' id='word_1_214' title='bbox 852 2926 1149 3000; x_wconf 86' lang='lat' dir='ltr'><strong>possunt3</strong></span> <span class='ocrx_word' id='word_1_215' title='bbox 1195 2914 1314 2979; x_wconf 84' lang='lat' dir='ltr'><strong>tibi</strong></span> <span class='ocrx_word' id='word_1_216' title='bbox 1348 2925 1563 2981; x_wconf 78' lang='lat' dir='ltr'><strong>autem</strong></span> <span class='ocrx_word' id='word_1_217' title='bbox 1608 2913 1809 2979; x_wconf 87' lang='lat' dir='ltr'><strong>multo</strong></span> <span class='ocrx_word' id='word_1_218' title='bbox 1844 2914 2055 2979; x_wconf 79' lang='lat' dir='ltr'><strong>notior</strong></span> <span class='ocrx_word' id='word_1_219' title='bbox 2087 2924 2183 2979; x_wconf 85' lang='lat' dir='ltr'><strong>at-</strong></span> 
     </span>
     <span class='ocr_line' id='line_1_28' title="bbox 163 3002 2181 3096; baseline 0.004 -29"><span class='ocrx_word' id='word_1_220' title='bbox 163 3015 264 3078; x_wconf 79' lang='lat' dir='ltr'><strong>que</strong></span> <span class='ocrx_word' id='word_1_221' title='bbox 301 3002 622 3073; x_wconf 77' lang='lat' dir='ltr'><strong>inlustrior</strong></span> <span class='ocrx_word' id='word_1_222' title='bbox 664 3026 846 3074; x_wconf 79' lang='lat' dir='ltr'><strong>meus</strong></span> <span class='ocrx_word' id='word_1_223' title='bbox 890 3010 959 3073; x_wconf 89' lang='lat' dir='ltr'><strong>in</strong></span> <span class='ocrx_word' id='word_1_224' title='bbox 1002 3020 1066 3075; x_wconf 88' lang='lat' dir='ltr'><strong>te</strong></span> <span class='ocrx_word' id='word_1_225' title='bbox 1111 3008 1361 3075; x_wconf 86' lang='lat' dir='ltr'><strong>animus</strong></span> <span class='ocrx_word' id='word_1_226' title='bbox 1396 3020 1593 3087; x_wconf 88' lang='lat' dir='ltr'><strong>esset,</strong></span> <span class='ocrx_word' id='word_1_227' title='bbox 1638 3010 1693 3075; x_wconf 87' lang='lat' dir='ltr'><strong>si</strong></span> <span class='ocrx_word' id='word_1_228' title='bbox 1738 3008 1863 3075; x_wconf 91' lang='lat' dir='ltr'><strong>hoc</strong></span> <span class='ocrx_word' id='word_1_229' title='bbox 1896 3020 2181 3096; x_wconf 83' lang='lat' dir='ltr'><strong>tempore</strong></span> 
     </span>
     <span class='ocr_line' id='line_1_29' title="bbox 163 3097 2175 3185; baseline 0.003 -24"><span class='ocrx_word' id='word_1_230' title='bbox 163 3097 331 3175; x_wconf 82' lang='lat' dir='ltr'><strong>Omni,</strong></span> <span class='ocrx_word' id='word_1_231' title='bbox 375 3122 510 3185; x_wconf 89' lang='lat' dir='ltr'><strong>quo</strong></span> <span class='ocrx_word' id='word_1_232' title='bbox 545 3101 810 3169; x_wconf 86' lang='lat' dir='ltr'><strong>diiuncti</strong></span> <span class='ocrx_word' id='word_1_233' title='bbox 843 3102 1113 3179; x_wconf 88' lang='lat' dir='ltr'><strong>fuimus,</strong></span> <span class='ocrx_word' id='word_1_234' title='bbox 1159 3114 1224 3169; x_wconf 89' lang='lat' dir='ltr'><strong>et</strong></span> <span class='ocrx_word' id='word_1_235' title='bbox 1267 3126 1398 3169; x_wconf 84' lang='lat' dir='ltr'><strong>una</strong></span> <span class='ocrx_word' id='word_1_236' title='bbox 1432 3118 1493 3169; x_wconf 84' lang='lat' dir='ltr'><strong>et</strong></span> <span class='ocrx_word' id='word_1_237' title='bbox 1530 3104 1777 3169; x_wconf 83' lang='lat' dir='ltr'><strong>Romae</strong></span> <span class='ocrx_word' id='word_1_238' title='bbox 1812 3103 2175 3169; x_wconf 84' lang='lat' dir='ltr'><strong>fuissemus.</strong></span> 
     </span>
     <span class='ocr_line' id='line_1_30' title="bbox 163 3191 2179 3282; baseline 0.002 -25"><span class='ocrx_word' id='word_1_239' title='bbox 163 3206 284 3253; x_wconf 68' lang='lat' dir='ltr'><strong>nam</strong></span> <span class='ocrx_word' id='word_1_240' title='bbox 313 3191 378 3257; x_wconf 83' lang='lat' dir='ltr'><strong>in</strong></span> <span class='ocrx_word' id='word_1_241' title='bbox 412 3218 492 3261; x_wconf 92' lang='lat' dir='ltr'><strong>eo</strong></span> <span class='ocrx_word' id='word_1_242' title='bbox 525 3196 688 3282; x_wconf 85' lang='lat' dir='ltr'><strong>ipsc,</strong></span> <span class='ocrx_word' id='word_1_243' title='bbox 723 3198 898 3281; x_wconf 84' lang='lat' dir='ltr'><strong>quod</strong></span> <span class='ocrx_word' id='word_1_244' title='bbox 931 3209 996 3263; x_wconf 88' lang='lat' dir='ltr'><strong>te</strong></span> <span class='ocrx_word' id='word_1_245' title='bbox 1031 3198 1312 3263; x_wconf 82' lang='lat' dir='ltr'><strong>ostendis</strong></span> <span class='ocrx_word' id='word_1_246' title='bbox 1350 3215 1489 3263; x_wconf 88' lang='lat' dir='ltr'><strong>esse</strong></span> <span class='ocrx_word' id='word_1_247' title='bbox 1524 3197 1845 3261; x_wconf 85' lang='lat' dir='ltr'><strong>facturum</strong></span> <span class='ocrx_word' id='word_1_248' title='bbox 1878 3197 2179 3280; x_wconf 85' lang='lat' dir='ltr'><strong>quodque</strong></span> 
     </span>
    </p>
   </div>
   <div class='ocr_carea' id='block_1_9' title="bbox 165 3284 2253 3379">
    <p class='ocr_par' dir='ltr' id='par_1_9' title="bbox 165 3284 2253 3379">
     <span class='ocr_line' id='line_1_31' title="bbox 165 3284 2253 3379; baseline 0.007 -37"><span class='ocrx_word' id='word_1_249' title='bbox 165 3290 214 3343; x_wconf 84' lang='lat' dir='ltr'><strong>et</strong></span> <span class='ocrx_word' id='word_1_250' title='bbox 247 3284 308 3350; x_wconf 84' lang='lat' dir='ltr'><strong>in</strong></span> <span class='ocrx_word' id='word_1_251' title='bbox 345 3292 570 3374; x_wconf 81' lang='lat' dir='ltr'><strong>primis</strong></span> <span class='ocrx_word' id='word_1_252' title='bbox 607 3303 788 3377; x_wconf 85' lang='lat' dir='ltr'><strong>potes</strong></span> <span class='ocrx_word' id='word_1_253' title='bbox 825 3304 890 3359; x_wconf 89' lang='lat' dir='ltr'><strong>et</strong></span> <span class='ocrx_word' id='word_1_254' title='bbox 935 3314 1056 3379; x_wconf 87' lang='lat' dir='ltr'><strong>ego</strong></span> <span class='ocrx_word' id='word_1_255' title='bbox 1094 3314 1134 3357; x_wconf 85' lang='lat' dir='ltr'><strong>a</strong></span> <span class='ocrx_word' id='word_1_256' title='bbox 1168 3303 1232 3357; x_wconf 92' lang='lat' dir='ltr'><strong>te</strong></span> <span class='ocrx_word' id='word_1_257' title='bbox 1267 3291 1682 3357; x_wconf 84' lang='lat' dir='ltr'><strong>vehementer</strong></span> <span class='ocrx_word' id='word_1_258' title='bbox 1722 3302 2058 3375; x_wconf 84' lang='lat' dir='ltr'><strong>exspecto,</strong></span> <span class='ocrx_word' id='word_1_259' title='bbox 2112 3314 2181 3355; x_wconf 89' lang='lat' dir='ltr'><strong>1n</strong></span> <span class='ocrx_word' id='word_1_260' title='bbox 2249 3336 2253 3339; x_wconf 90' lang='lat'><em>-</em></span> 
     </span>
    </p>
   </div>
   <div class='ocr_carea' id='block_1_10' title="bbox 165 3380 2183 3757">
    <p class='ocr_par' dir='ltr' id='par_1_10' title="bbox 165 3380 2183 3757">
     <span class='ocr_line' id='line_1_32' title="bbox 166 3380 2183 3480; baseline 0.001 -34"><span class='ocrx_word' id='word_1_261' title='bbox 166 3384 452 3480; x_wconf 50' lang='lat' dir='ltr'><strong>sententiis</strong></span> <span class='ocrx_word' id='word_1_262' title='bbox 491 3387 824 3452; x_wconf 77' lang='lat' dir='ltr'><strong>senatoriis</strong></span> <span class='ocrx_word' id='word_1_263' title='bbox 858 3398 922 3453; x_wconf 87' lang='lat' dir='ltr'><strong>et</strong></span> <span class='ocrx_word' id='word_1_264' title='bbox 955 3386 1024 3451; x_wconf 91' lang='lat' dir='ltr'><strong>in</strong></span> <span class='ocrx_word' id='word_1_265' title='bbox 1059 3385 1233 3451; x_wconf 84' lang='lat' dir='ltr'><strong>omni</strong></span> <span class='ocrx_word' id='word_1_266' title='bbox 1267 3386 1516 3451; x_wconf 72' lang='lat' dir='ltr'><strong>actione</strong></span> <span class='ocrx_word' id='word_1_267' title='bbox 1552 3395 1745 3469; x_wconf 85' lang='lat' dir='ltr'><strong>atque</strong></span> <span class='ocrx_word' id='word_1_268' title='bbox 1780 3380 2183 3449; x_wconf 81' lang='lat' dir='ltr'><strong>administra-</strong></span> 
     </span>
     <span class='ocr_line' id='line_1_33' title="bbox 165 3475 2181 3564; baseline 0.007 -35"><span class='ocrx_word' id='word_1_269' title='bbox 165 3475 306 3537; x_wconf 67' lang='lat' dir='ltr'><strong>tione</strong></span> <span class='ocrx_word' id='word_1_270' title='bbox 346 3478 434 3543; x_wconf 90' lang='lat' dir='ltr'><strong>rei</strong></span> <span class='ocrx_word' id='word_1_271' title='bbox 478 3479 774 3564; x_wconf 83' lang='lat' dir='ltr'><strong>publicae</strong></span> <span class='ocrx_word' id='word_1_272' title='bbox 814 3478 1280 3546; x_wconf 77' lang='lat' dir='ltr'><strong>floruissemus:</strong></span> <span class='ocrx_word' id='word_1_273' title='bbox 1335 3479 1417 3545; x_wconf 87' lang='lat' dir='ltr'><strong>de</strong></span> <span class='ocrx_word' id='word_1_274' title='bbox 1460 3497 1591 3562; x_wconf 85' lang='lat' dir='ltr'><strong>qua</strong></span> <span class='ocrx_word' id='word_1_275' title='bbox 1623 3478 1957 3545; x_wconf 77' lang='lat' dir='ltr'><strong>ostendam</strong></span> <span class='ocrx_word' id='word_1_276' title='bbox 2002 3478 2181 3563; x_wconf 89' lang='lat' dir='ltr'><strong>equi-</strong></span> 
     </span>
     <span class='ocr_line' id='line_1_34' title="bbox 169 3558 2181 3659; baseline 0.001 -22"><span class='ocrx_word' id='word_1_277' title='bbox 169 3558 287 3630; x_wconf 69' lang='lat' dir='ltr'><strong>dem</strong></span> <span class='ocrx_word' id='word_1_278' title='bbox 316 3574 504 3655; x_wconf 86' lang='lat' dir='ltr'><strong>paulo</strong></span> <span class='ocrx_word' id='word_1_279' title='bbox 537 3585 712 3659; x_wconf 90' lang='lat' dir='ltr'><strong>post,</strong></span> <span class='ocrx_word' id='word_1_280' title='bbox 747 3575 862 3659; x_wconf 85' lang='lat' dir='ltr'><strong>qui</strong></span> <span class='ocrx_word' id='word_1_281' title='bbox 896 3576 974 3640; x_wconf 87' lang='lat' dir='ltr'><strong>sit</strong></span> <span class='ocrx_word' id='word_1_282' title='bbox 1009 3597 1192 3641; x_wconf 90' lang='lat' dir='ltr'><strong>meus</strong></span> <span class='ocrx_word' id='word_1_283' title='bbox 1227 3596 1453 3641; x_wconf 83' lang='lat' dir='ltr'><strong>sensus</strong></span> <span class='ocrx_word' id='word_1_284' title='bbox 1488 3584 1555 3641; x_wconf 88' lang='lat' dir='ltr'><strong>et</strong></span> <span class='ocrx_word' id='word_1_285' title='bbox 1588 3585 1821 3653; x_wconf 88' lang='lat' dir='ltr'><strong>status,</strong></span> <span class='ocrx_word' id='word_1_286' title='bbox 1858 3584 1923 3640; x_wconf 90' lang='lat' dir='ltr'><strong>et</strong></span> <span class='ocrx_word' id='word_1_287' title='bbox 1955 3574 2181 3640; x_wconf 88' lang='lat' dir='ltr'><strong>rescri—</strong></span> 
     </span>
     <span class='ocr_line' id='line_1_35' title="bbox 167 3651 2181 3757; baseline 0.003 -28"><span class='ocrx_word' id='word_1_288' title='bbox 167 3651 290 3724; x_wconf 73' lang='lat' dir='ltr'><strong>bam</strong></span> <span class='ocrx_word' id='word_1_289' title='bbox 319 3664 432 3733; x_wconf 89' lang='lat' dir='ltr'><strong>tibi</strong></span> <span class='ocrx_word' id='word_1_290' title='bbox 465 3668 549 3734; x_wconf 85' lang='lat' dir='ltr'><strong>ad</strong></span> <span class='ocrx_word' id='word_1_291' title='bbox 583 3690 680 3747; x_wconf 84' lang='lat' dir='ltr'><strong>ea,</strong></span> <span class='ocrx_word' id='word_1_292' title='bbox 716 3690 884 3753; x_wconf 87' lang='lat' dir='ltr'><strong>quae</strong></span> <span class='ocrx_word' id='word_1_293' title='bbox 919 3671 1200 3754; x_wconf 83' lang='lat' dir='ltr'><strong>quaeris3</strong></span> <span class='ocrx_word' id='word_1_294' title='bbox 1237 3670 1352 3737; x_wconf 85' lang='lat' dir='ltr'><strong>sed</strong></span> <span class='ocrx_word' id='word_1_295' title='bbox 1387 3682 1557 3737; x_wconf 85' lang='lat' dir='ltr'><strong>certe</strong></span> <span class='ocrx_word' id='word_1_296' title='bbox 1586 3682 1651 3737; x_wconf 88' lang='lat' dir='ltr'><strong>et</strong></span> <span class='ocrx_word' id='word_1_297' title='bbox 1678 3692 1799 3757; x_wconf 87' lang='lat' dir='ltr'><strong>ego</strong></span> <span class='ocrx_word' id='word_1_298' title='bbox 1830 3682 1893 3735; x_wconf 90' lang='lat' dir='ltr'><strong>te</strong></span> <span class='ocrx_word' id='word_1_299' title='bbox 1921 3681 2181 3737; x_wconf 84' lang='lat' dir='ltr'><strong>auctore</strong></span> 
     </span>
    </p>
   </div>
   <div class='ocr_carea' id='block_1_11' title="bbox 170 3754 2275 3851">
    <p class='ocr_par' dir='ltr' id='par_1_11' title="bbox 170 3754 2275 3851">
     <span class='ocr_line' id='line_1_36' title="bbox 170 3754 2275 3851; baseline 0.002 -28"><span class='ocrx_word' id='word_1_300' title='bbox 170 3754 510 3829; x_wconf 65' lang='lat' dir='ltr'><strong>amicissimo</strong></span> <span class='ocrx_word' id='word_1_301' title='bbox 557 3787 636 3830; x_wconf 85' lang='lat' dir='ltr'><strong>ac</strong></span> <span class='ocrx_word' id='word_1_302' title='bbox 669 3765 1132 3851; x_wconf 78' lang='lat' dir='ltr'><strong>sapientissimo</strong></span> <span class='ocrx_word' id='word_1_303' title='bbox 1169 3777 1233 3832; x_wconf 89' lang='lat' dir='ltr'><strong>et</strong></span> <span class='ocrx_word' id='word_1_304' title='bbox 1267 3777 1340 3831; x_wconf 87' lang='lat' dir='ltr'><strong>tu</strong></span> <span class='ocrx_word' id='word_1_305' title='bbox 1374 3788 1479 3831; x_wconf 88' lang='lat' dir='ltr'><strong>me</strong></span> <span class='ocrx_word' id='word_1_306' title='bbox 1514 3763 1873 3831; x_wconf 81' lang='lat' dir='ltr'><strong>consiliario</strong></span> <span class='ocrx_word' id='word_1_307' title='bbox 1907 3764 2177 3829; x_wconf 84' lang='lat' dir='ltr'><strong>fortasse</strong></span> <span class='ocrx_word' id='word_1_308' title='bbox 2273 3789 2275 3791; x_wconf 60' lang='grc'>’</span> 
     </span>
    </p>
   </div>
   <div class='ocr_carea' id='block_1_12' title="bbox 168 3852 2184 4134">
    <p class='ocr_par' dir='ltr' id='par_1_12' title="bbox 168 3852 2184 4134">
     <span class='ocr_line' id='line_1_37' title="bbox 168 3852 2176 3944; baseline 0.002 -26"><span class='ocrx_word' id='word_1_309' title='bbox 168 3864 274 3913; x_wconf 76' lang='lat' dir='ltr'><strong>non</strong></span> <span class='ocrx_word' id='word_1_310' title='bbox 301 3852 770 3942; x_wconf 78' lang='lat' dir='ltr'><strong>inperitissimo,</strong></span> <span class='ocrx_word' id='word_1_311' title='bbox 812 3860 986 3927; x_wconf 74' lang='lat' dir='ltr'><strong>fidoli</strong></span> <span class='ocrx_word' id='word_1_312' title='bbox 1028 3859 1290 3944; x_wconf 87' lang='lat' dir='ltr'><strong>quidem</strong></span> <span class='ocrx_word' id='word_1_313' title='bbox 1325 3872 1391 3926; x_wconf 90' lang='lat' dir='ltr'><strong>et</strong></span> <span class='ocrx_word' id='word_1_314' title='bbox 1423 3861 1734 3926; x_wconf 82' lang='lat' dir='ltr'><strong>benevolo</strong></span> <span class='ocrx_word' id='word_1_315' title='bbox 1771 3869 1939 3924; x_wconf 86' lang='lat' dir='ltr'><strong>certe</strong></span> <span class='ocrx_word' id='word_1_316' title='bbox 1954 3904 1971 3933; x_wconf 93' lang='lat'><strong>,</strong></span> <span class='ocrx_word' id='word_1_317' title='bbox 2020 3878 2176 3923; x_wconf 87' lang='lat' dir='ltr'><strong>usus</strong></span> 
     </span>
     <span class='ocr_line' id='line_1_38' title="bbox 171 3950 2184 4039; baseline 0.004 -31"><span class='ocrx_word' id='word_1_318' title='bbox 171 3958 340 4011; x_wconf 68' lang='lat' dir='ltr'><strong>essese</strong></span> <span class='ocrx_word' id='word_1_319' title='bbox 371 3986 456 4001; x_wconf 89' lang='lat'><em>-</em></span> <span class='ocrx_word' id='word_1_320' title='bbox 487 3974 878 4038; x_wconf 82' lang='lat' dir='ltr'><strong>quamquam</strong></span> <span class='ocrx_word' id='word_1_321' title='bbox 923 3966 1036 4019; x_wconf 83' lang='lat' dir='ltr'><strong>tua</strong></span> <span class='ocrx_word' id='word_1_322' title='bbox 1079 3955 1340 4039; x_wconf 86' lang='lat' dir='ltr'><strong>quidem</strong></span> <span class='ocrx_word' id='word_1_323' title='bbox 1376 3976 1570 4019; x_wconf 82' lang='lat' dir='ltr'><strong>causa</strong></span> <span class='ocrx_word' id='word_1_324' title='bbox 1612 3964 1677 4018; x_wconf 88' lang='lat' dir='ltr'><strong>te</strong></span> <span class='ocrx_word' id='word_1_325' title='bbox 1722 3968 1861 4017; x_wconf 88' lang='lat' dir='ltr'><strong>esse</strong></span> <span class='ocrx_word' id='word_1_326' title='bbox 1907 3950 2184 4037; x_wconf 80' lang='lat' dir='ltr'><strong>impera-</strong></span> 
     </span>
     <span class='ocr_line' id='line_1_39' title="bbox 169 4042 2179 4134; baseline 0.004 -30"><span class='ocrx_word' id='word_1_327' title='bbox 169 4042 343 4105; x_wconf 73' lang='lat' dir='ltr'><strong>torem</strong></span> <span class='ocrx_word' id='word_1_328' title='bbox 397 4046 923 4133; x_wconf 70' lang='lat' dir='ltr'><strong>provinciamque⁴</strong></span> <span class='ocrx_word' id='word_1_329' title='bbox 977 4048 1144 4114; x_wconf 85' lang='lat' dir='ltr'><strong>bene</strong></span> <span class='ocrx_word' id='word_1_330' title='bbox 1195 4048 1395 4134; x_wconf 81' lang='lat' dir='ltr'><strong>gestis</strong></span> <span class='ocrx_word' id='word_1_331' title='bbox 1446 4047 1639 4113; x_wconf 88' lang='lat' dir='ltr'><strong>rebus</strong></span> <span class='ocrx_word' id='word_1_332' title='bbox 1694 4066 1843 4112; x_wconf 87' lang='lat' dir='ltr'><strong>cum</strong></span> <span class='ocrx_word' id='word_1_333' title='bbox 1897 4045 2179 4113; x_wconf 77' lang='lat' dir='ltr'><strong>exercitu</strong></span> 
     </span>
    </p>
   </div>
  </div>
 </body>
</html>
