2675 4559
43 4125 48 4198 ἱ

841 262 1393 322 EPISTOLARUM
1426 266 1497 322 v.
1524 268 1582 321 9
1602 268 1686 322 10.
1728 228 1734 235 ’

211 390 467 478 scripsi.
567 347 800 454 dicitur
849 386 1006 453 mihi
1057 400 1208 454 tuus
1261 410 1483 455 servus
1527 400 1911 476 anagnostes

210 508 366 550 cum
401 483 724 551 Vardaeis
769 504 942 559 esse3
985 482 1066 548 de
1101 504 1232 567 quo
1267 494 1357 549 tu
1383 482 1541 547 mihi
1572 484 1731 549 nihil
1761 484 2109 563 mandasti,
2156 506 2281 572 ego

213 590 468 655 tamen,
505 588 678 642 terra
709 577 1000 661 marique
1033 588 1108 642 ut
1142 577 1647 661 conquireretur,
1683 578 2169 663 praemandavi,
2216 590 2279 645 et

211 671 511 757 profecto
546 671 666 735 tibi
697 671 879 735 illum
913 671 1256 757 reperiam,
1299 671 1427 735 nisi
1472 672 1527 738 si
1559 672 1629 735 in
1662 671 2055 737 Delmatiam
2090 673 2279 739 aufu-

207 765 404 851 gerit,
441 775 509 829 et
541 764 693 829 inde
728 774 943 829 tamen
976 764 1316 847 aliquando
1354 786 1595 829 eruam.
1682 775 1756 829 tu
1788 787 1905 830 nos
1940 764 2046 831 fac
2080 788 2276 831 ames.

211 860 379 923 vale.
435 880 498 921 a.
536 858 600 921 d.
636 858 720 924 V.
775 856 932 922 Idus
968 856 1333 939 Quinctilio,
1370 880 1453 923 ex
1488 858 1729 935 castriS,
1764 858 2044 924 Narona.

1179 1092 1254 1147 X.
1275 1111 1325 1147 a.

749 1194 866 1250 Scr.
885 1196 944 1249 in
962 1194 1162 1267 Illyria
1179 1194 1410 1251 ineunte
1430 1213 1482 1251 a.
1500 1214 1555 1249 u.
1576 1213 1625 1250 c.
1648 1196 1765 1251 710.

669 1294 1046 1354 VATINIUS
1081 1294 1441 1354 CICERONI
1478 1288 1624 1355 SUO
1663 1296 1828 1356 SAL.

347 1411 422 1479 S.
460 1412 546 1478 V.
583 1412 664 1477 B.
701 1410 784 1477 E.
819 1410 900 1475 Ε.
939 1410 1023 1495 Q.
1060 1412 1144 1478 V.
1231 1411 1339 1479 De
1372 1411 1691 1497 Dionysio
1724 1424 1839 1477 tuo
1875 1412 2085 1477 adhuc
2120 1412 2277 1477 nihil
2312 1444 2336 1481 ι

207 1506 485 1582 extrico,
522 1516 588 1569 et
622 1527 700 1570 eo
733 1506 976 1581 minus,
1013 1506 1187 1589 quod
1222 1528 1327 1573 me
1362 1504 1567 1590 frigus
1601 1505 2069 1583 Dalmaticum,
2105 1507 2274 1589 quod

210 1602 394 1665 illinc
435 1598 653 1676 eiecit,
705 1600 899 1664 etiam
943 1598 1048 1665 hic
1090 1598 1520 1685 refrigeravit3
1574 1600 1689 1665 sed
1732 1610 1946 1663 tamen
1988 1621 2121 1665 non
2164 1601 2275 1665 de-

210 1695 470 1769 sistam,
517 1694 674 1776 quin
717 1693 898 1759 illum
941 1693 1288 1778 aliquando
1324 1714 1565 1759 eruam.
1654 1693 1769 1757 sed
1812 1702 2029 1757 tamen
2064 1693 2277 1757 omnia

211 1788 376 1852 mihi
415 1788 586 1851 dura
629 1787 934 1872 imperas:
989 1788 1069 1854 de
1107 1784 1343 1853 Catilio
1385 1786 1601 1851 nescio
1646 1785 1804 1869 quid
1848 1786 1935 1851 ad
1974 1808 2077 1851 me
2124 1786 2277 1851 scri-

213 1880 403 1966 psisti
437 1880 904 1966 deprecationis
927 1882 1495 1969 diligentissumae.
1548 1902 1755 1965 apage
1791 1892 1855 1945 te
1884 1900 2032 1946 cum
2057 1891 2275 1947 nostro

211 1974 374 2040 Sex.
413 1972 718 2051 Servili03
767 1998 921 2040 nam
973 1975 1337 2041 mehercule
1390 1996 1513 2061 ego
1556 1995 1814 2058 quoque
1864 1974 2049 2039 illum
2100 1995 2273 2042 amo:

207 2071 332 2135 sed
375 2069 646 2134 huiusce
688 2070 864 2135 modi
908 2092 1023 2135 vos
1067 2071 1340 2146 clientis,
1394 2070 1584 2135 huius
1632 2070 1804 2135 modi
1848 2092 2072 2136 causas
2118 2070 2277 2135 reci-

207 2163 406 2249 pitis?
457 2160 782 2227 hominem
833 2186 1034 2228 unum
1087 2165 1372 2230 omnium
1426 2164 1965 2242 crudelissimum,
2019 2165 2133 2249 qui
2184 2176 2276 2229 tot

209 2258 557 2342 ingenuos,
592 2257 1123 2336 matresfamiliae,
1159 2258 1313 2323 civis
1331 2258 1659 2323 Romanos
1686 2259 1936 2335 occidit,
1974 2259 2271 2345 abripuit,

207 2349 624 2437 disperdidit,
679 2363 766 2415 tot
806 2352 1100 2437 regiones
1144 2352 1459 2417 vastavit?
1510 2352 1760 2430 simius,
1812 2374 1943 2417 non
1994 2352 2273 2419 semissis

207 2445 442 2521 homo,
496 2456 716 2510 contra
765 2468 871 2511 me
921 2470 1100 2511 arma
1153 2446 1326 2523 tulit,
1381 2458 1447 2513 et
1490 2470 1639 2513 eum
1688 2448 1859 2513 bello
1910 2448 2071 2534 cepi.
2160 2448 2275 2513 sed

205 2552 463 2615 tamen,
516 2539 607 2603 mi
643 2536 903 2617 Cicero,
955 2541 1112 2625 quid
1155 2541 1369 2607 facere
1411 2542 1713 2627 possum?
1769 2542 1983 2607 omnia
2027 2540 2275 2607 meher-

207 2633 358 2697 cule
395 2632 617 2718 cupi0,
661 2654 827 2716 quae
873 2645 946 2699 tu
979 2634 1189 2701 mihi
1169 2656 1478 2720 imperas3
1522 2657 1732 2700 meam
1779 2634 2276 2699 animadversio-

209 2749 368 2791 nem
395 2736 462 2790 et
496 2726 900 2812 supplicium,
933 2749 1063 2812 quo
1089 2750 1323 2793 usurus
1354 2752 1528 2794 eram
1553 2728 1624 2793 in
1648 2751 1816 2805 eum,
1852 2746 2045 2811 quem
2072 2725 2277 2811 cepis·-

211 2842 376 2897 sem,
393 2820 648 2885 remitto
666 2820 784 2885 tibi
809 2832 874 2886 et
899 2822 1216 2887 condono:
1247 2822 1404 2906 quid
1430 2822 1553 2887 illis
1580 2822 1966 2908 respondere
1991 2842 2275 2907 possum,

209 2915 330 2997 qui
365 2934 488 2978 sua
521 2914 692 2979 bona
725 2914 1002 3001 direpta,
1035 2916 1218 2982 navis
1253 2927 1683 3003 expugnatae,
1721 2916 1981 2994 fratres,
2017 2916 2275 2993 liberos,

209 3008 500 3094 parentis
565 3009 808 3073 occisos
859 3033 898 3075 a
952 3006 1188 3075 Catilio
1249 3011 1699 3096 expostulant?
1768 3011 1825 3075 si
1880 3008 2275 3083 mehercules

207 3101 422 3188 Appii
456 3123 530 3168 ou
565 3102 897 3180 haberem,
929 3104 1000 3169 in
1033 3104 1214 3169 cuius
1250 3104 1467 3169 locum
1502 3104 1810 3169 suffectus
1846 3126 2017 3179 sum,
2060 3114 2277 3169 tamen

209 3195 340 3261 hoc
377 3196 692 3261 sustinere
725 3217 856 3263 non
887 3219 1164 3283 possem.
1233 3196 1391 3279 quid
1426 3218 1583 3281 ergo
1618 3196 1752 3261 est?
1796 3196 2030 3260 faciam
2064 3196 2279 3259 omnia

211 3288 476 3366 sedule,
529 3310 698 3372 quae
747 3302 812 3356 te
859 3292 1058 3357 sciam
1101 3291 1287 3356 velle.
1377 3290 1741 3356 defenditur
1786 3311 1828 3352 a
1862 3288 1947 3371 Q.
1985 3288 2279 3365 Volusio,

213 3396 329 3447 tuo
368 3382 713 3469 discipulo,
760 3386 816 3449 si
857 3385 1024 3450 forte
1058 3408 1138 3450 ea
1171 3408 1274 3450 res
1309 3384 1553 3471 poterit·
1574 3382 1973 3449 adversarios
2017 3380 2247 3467 fugare
2255 3405 2278 3457 >3

211 3477 285 3541 in
317 3498 400 3542 eo
434 3478 718 3543 maxima
752 3500 898 3564 spes
935 3491 1051 3545 est.
1139 3502 1288 3556 nos,
1335 3480 1393 3545 si
1426 3480 1583 3563 quid
1616 3477 1736 3543 erit
1767 3476 1911 3543 istic
1947 3498 2131 3562 opus,
2167 3475 2279 3543 de·-

211 3570 476 3637 fendes:
516 3568 760 3637 Caesar
803 3574 1018 3639 adhuc
1049 3574 1209 3639 mihi
1241 3574 1544 3639 iniuriam
1578 3572 1763 3650 facit3
1809 3573 1891 3637 de
1932 3571 2091 3637 meis
2128 3592 2281 3655 sup-

211 3665 676 3751 plicationibus
710 3676 776 3731 et
810 3668 1002 3733 rebus
1036 3669 1236 3753 gestis
1252 3668 1635 3733 Dalmaticis
1664 3666 1875 3733 adhuc
1908 3688 2039 3731 non
2063 3664 2280 3739 refert,

213 3759 406 3842 quasi
441 3780 598 3823 vero
631 3780 762 3824 non
801 3760 1132 3826 iustissimi
1179 3762 1485 3848 triumphi
1525 3762 1595 3827 in
1628 3760 1957 3825 Dalmatia
1988 3778 2092 3822 res
2136 3776 2282 3841 ges-

209 3851 444 3919 serim!
480 3876 636 3919 nam
673 3854 728 3919 si
763 3854 886 3920 hoc
920 3856 1423 3941 exspectandum
1458 3866 1575 3932 est,
1611 3854 1765 3919 dum
1799 3864 2007 3918 totum
2040 3850 2283 3915 bellum

103 3956 124 3981 ⁸
211 3947 560 4013 conficiam
572 3995 591 4025 ,
646 3948 875 4035 viginti
909 3951 1146 4036 oppida
1189 3960 1336 4015 sunt
1371 3948 1739 4013 Dalmatiae
1773 3945 2064 4029 antiqua,
2116 3965 2281 4027 quae

215 4042 345 4129 ipsi
379 4044 508 4109 sibi
542 4043 970 4122 adsciverunt,
1015 4044 1287 4130 amplius
1323 4041 1683 4128 sexaginta:
1719 4040 1881 4105 haec
1912 4038 2037 4104 nisi
2071 4038 2285 4105 omnia

1874 4140 1941 4193 Ἰ.
