2675 4559
736 256 1288 313 EPISTOLARUM
1319 257 1423 313 iv.
1460 258 1649 311 13.14.
2134 244 2216 312 87
2278 238 2285 245 ’

165 383 280 449 tibi
307 383 506 447 etiam
535 380 836 467 pollicear
863 378 1122 463 aliquid,
1151 379 1324 461 quod
1353 379 1556 465 primo
1576 380 1939 445 omiseram:
1976 404 2127 447 nam
2155 393 2218 447 et

165 468 538 553 conplectar
564 467 700 531 eius
725 464 1268 539 familiarissimos,
1303 464 1415 547 qui
1440 488 1545 531 me
1572 466 1917 531 admodum
1944 466 2221 553 diligunt

165 554 574 634 multumque
591 572 844 615 mecum
863 561 1030 626 sunt,
1061 562 1128 614 et
1151 550 1218 612 in
1235 549 1437 635 ipsius
1456 552 1999 628 consuetudinem,
2026 573 2219 634 quam

165 638 380 703 adhuc
413 659 600 701 meus
631 636 842 721 pudor
874 635 1031 699 mibi
1057 635 1304 709 clausit,
1337 635 1675 701 insinuabo
1710 647 1775 701 et
1806 647 1977 701 certe
2013 638 2218 701 omnis

163 725 300 796 vias
335 742 709 821 persequar,
787 721 974 787 uibus
1009 719 1250 805 putabo
1279 721 1365 784 ad
1396 722 1483 797 id,
1520 722 1691 804 quod
1725 722 2040 799 volumus,
2072 744 2220 806 per—

163 808 371 874 veniri
405 828 618 891 posse.
669 806 740 871 in
809 826 885 871 oc
911 815 1044 868 toto
1078 826 1311 890 genere
1348 805 1534 891 plura
1558 806 1811 882 faciam,
1846 828 2039 889 quam
2065 806 2219 871 scri-

163 894 318 957 bere
355 892 587 957 audeo.
642 901 872 966 cetera,
907 888 1072 971 quae
1101 890 1220 953 tibi
1253 913 1292 953 a
1318 891 1534 955 multis
1559 902 1853 975 prompta
1881 914 2019 955 esse
2046 902 2217 957 certo

167 978 322 1054 scio,
357 1000 400 1041 a
425 998 532 1041 me
559 986 706 1041 sunt
741 975 1192 1059 paratissuma3
1228 974 1386 1038 nihil
1420 976 1487 1039 in
1515 998 1583 1039 re
1610 975 1909 1040 familiari
1933 998 2075 1039 mea
2102 988 2217 1053 est,

167 1062 344 1147 quod
376 1082 501 1145 ego
537 1082 752 1125 meum
785 1060 1002 1145 malim
1037 1082 1175 1123 esse
1211 1081 1405 1142 quam
1440 1072 1641 1125 tuum.
1694 1060 1816 1125 hac
1843 1060 1923 1125 de
1952 1082 2019 1124 re
2050 1070 2112 1124 et
2138 1060 2218 1123 de

167 1148 286 1213 hoc
321 1167 562 1231 genere
598 1156 729 1209 toto
765 1145 887 1209 hoc
914 1144 1120 1209 scribo
1147 1145 1421 1229 parcius,
1454 1146 1628 1229 quod
1663 1155 1745 1221 te,
1780 1145 1849 1212 id
1880 1146 2055 1227 quod
2080 1145 2219 1229 ipse

169 1232 441 1307 confide,
473 1252 729 1315 sperare
754 1230 922 1297 malo
940 1240 1004 1295 te
1024 1250 1160 1293 esse
1180 1252 1445 1295 usurum
1473 1231 1619 1299 tuis.
1676 1241 2031 1295 extremum
2056 1230 2215 1294 illud

167 1329 282 1393 est,
320 1326 398 1381 ut
431 1328 498 1379 te
534 1336 707 1380 orem
742 1325 804 1380 et
831 1315 1178 1389 obsecrem,
1213 1316 1425 1379 animo
1460 1326 1534 1379 ut
1566 1316 1845 1379 maximo
1880 1316 1967 1379 sis
1993 1335 2113 1379 nec
2141 1336 2218 1379 ea

167 1402 378 1467 solum
403 1400 788 1477 memineris,
823 1420 990 1482 quae
1017 1399 1100 1463 ab
1129 1400 1266 1463 aliis
1293 1400 1544 1485 magnis
1569 1400 1721 1464 viris
1748 1400 2067 1485 accepisti,
2104 1398 2218 1463 sed
2306 1436 2319 1463 ς

163 1487 272 1551 illa
303 1486 528 1561 etiam,
564 1506 730 1568 quae
762 1485 900 1569 ipse
935 1483 1191 1568 ingenio
1229 1484 1565 1567 studioque
1599 1486 1930 1569 peperisti3
1966 1506 2133 1568 quae
2161 1484 2217 1548 si

165 1572 452 1655 colliges,
489 1580 557 1634 et
589 1570 870 1654 sperabis
900 1568 1113 1633 omnia
1147 1569 1385 1653 optime
1419 1583 1485 1633 et
1516 1590 1681 1651 quae
1716 1569 2022 1644 accident,
2058 1590 2219 1652 qua·-

165 1656 531 1737 lineumque
567 1666 774 1730 erunt,
810 1654 1127 1738 sapienter
1161 1650 1349 1718 feres.
1405 1654 1519 1735 sed
1553 1654 1711 1719 haec
1745 1665 1818 1717 tu
1852 1654 2077 1717 melius
2112 1655 2217 1717 vel

163 1740 404 1826 optime
423 1738 738 1807 onmium:
777 1760 917 1823 ego,
939 1760 1102 1822 quae
1128 1738 1441 1821 pertinere
1472 1738 1554 1802 ad
1581 1749 1643 1801 te
1669 1738 2054 1821 intellegam,
2084 1747 2217 1801 stu·-

165 1825 525 1891 diosissime
561 1824 774 1887 omnia
799 1823 1403 1907 diligentissimeque
1432 1822 1670 1889 curabo
1697 1834 2075 1905 tuorumque
2104 1821 2217 1884 tri-

165 1910 442 1975 stissimo
471 1930 620 1975 meo
653 1918 936 1993 tempore
961 1907 1329 1973 meritorum
1357 1930 1511 1991 erga
1539 1930 1643 1971 me
1667 1906 2039 1979 memoriam
2066 1926 2215 1970 con-

164 1994 458 2061 servabo.

1117 2124 1278 2179 XIV.

847 2217 963 2273 Ser.
983 2217 1196 2272 Romae
1217 2236 1266 2272 a.
1287 2236 1342 2271 u.
1362 2234 1409 2273 c.
1434 2218 1551 2273 708.

619 2310 699 2365 Μ.
735 2311 1009 2367 CICERO
1048 2310 1104 2367 S.
1139 2312 1212 2365 D.
1254 2312 1371 2369 CN.
1405 2312 1763 2370 PLANCIO.
1861 2359 1882 2379 .,

287 2417 494 2481 Binas
541 2438 582 2479 a
625 2427 686 2481 te
729 2418 946 2501 accepi
988 2416 1230 2481 litteras
1243 2465 1260 2494 ,
1312 2415 1631 2503 Corcyrae
1677 2419 1857 2483 datas
1867 2442 1887 2495 ;
1942 2439 2213 2501 quarum

164 2503 377 2567 alteris
410 2500 572 2564 mihi
606 2501 1039 2585 gratulabar-e,
1091 2502 1262 2586 quod
1298 2504 1583 2569 audisses
1618 2526 1722 2567 me
1757 2525 1965 2567 meam
2002 2503 2214 2587 pristi-

161 2609 312 2651 nam
357 2586 738 2671 dignitatem
782 2586 1091 2663 obtinere,
1149 2587 1359 2651 alteris
1398 2587 1651 2653 dicebas
1696 2598 1760 2651 te
1804 2588 1999 2661 velle,
2049 2608 2218 2669 quae⁴

163 2672 464 2757 egissem,
501 2669 665 2755 bene
701 2682 767 2734 et
799 2670 1066 2735 feliciter
1101 2672 1371 2736 evenire.
1427 2694 1548 2771 ego
1574 2683 1809 2748 autem,
1845 2671 1901 2734 si
1934 2671 2213 2755 dignitas

163 2769 260 2820 est
295 2755 464 2819 bene
493 2755 574 2819 de
608 2777 678 2819 re
709 2755 968 2839 publica
996 2756 1227 2821 sentire
1257 2767 1319 2821 et
1346 2758 1529 2821 boms
1554 2756 1707 2820 viris
1741 2754 2013 2840 probare
2040 2755 2215 2837 quod

165 2840 424 2917 sentias,
459 2840 716 2904 obtineo
752 2840 1125 2925 dignitatem
1161 2864 1369 2907 meam
1380 2866 1398 2917 ς
1436 2842 1535 2905 sin
1558 2854 1773 2907 autem
1806 2841 1872 2905 in
1901 2861 1977 2904 eo
2005 2840 2216 2925 digni-

165 2936 261 2989 tas
287 2938 408 3001 est,
443 2926 520 3001 si,
555 2925 730 3007 quod
761 2926 1014 3002 sentias,
1053 2937 1163 2991 aut
1187 2948 1256 2991 re
1286 2926 1537 2992 efficere
1563 2927 1766 3011 possis
1802 2938 1913 2990 aut
1941 2925 2215 3009 denique

163 3010 368 3075 libera
404 3010 689 3075 oratione
716 3010 1077 3089 defendere,
1111 3034 1194 3077 ne
1220 3012 1559 3097 vestigium
1587 3012 1846 3095 quidem
1880 3012 2083 3087 ullum
2118 3022 2215 3075 est

163 3096 484 3179 reliquum
519 3094 704 3159 nobis
739 3095 1083 3179 dignitatis,
1120 3097 1456 3181 agiturque
1488 3098 1811 3181 praeclare
1824 3144 1841 3173 ,
1878 3096 1932 3159 si
1968 3107 2217 3161 nosmet

161 3181 336 3265 ipsos
371 3201 600 3265 regere
633 3201 1000 3265 possumus,
1046 3192 1120 3245 ut
1153 3204 1258 3257 ea,
1303 3202 1471 3263 quae
1513 3182 1744 3265 partim
1786 3182 1918 3243 iam
1960 3180 2215 3255 adsunt,

162 3266 397 3350 partim
429 3266 800 3349 inpendent,
834 3266 1157 3330 moderate
1193 3266 1493 3342 feramus,
1530 3266 1703 3347 quod
1730 3275 1825 3329 est
1854 3263 2113 3328 difficile
2145 3264 2215 3327 in

165 3352 298 3415 eius
324 3350 506 3417 modi
533 3351 720 3426 benc,
739 3350 921 3415 cuius
949 3350 1156 3416 exitus
1185 3374 1263 3415 ex
1292 3352 1491 3415 altera
1516 3361 1695 3434 parte
1721 3349 1983 3413 caedem
2003 3358 2215 3413 osten-

164 3446 282 3511 tat,
327 3458 414 3501 ex
450 3435 650 3499 altera
694 3436 1080 3501 servitutem.
1169 3457 1298 3519 quo
1331 3436 1401 3499 in
1436 3436 1717 3521 periculo
1752 3455 1883 3501 non
1914 3432 2075 3497 nihil
2108 3455 2210 3497 me

167 3522 563 3597 consolatur,
606 3542 754 3585 cum
795 3520 1094 3585 recordor
1126 3521 1284 3585 haec
1319 3544 1423 3586 me
1460 3532 1596 3586 tum
1631 3520 1895 3595 vidisse,
1932 3541 2079 3584 cum
2114 3540 2215 3583 se-

167 3606 408 3671 cundas
435 3605 630 3671 etiam
655 3627 757 3671 res
782 3616 1052 3682 nostras,
1081 3627 1212 3669 non
1237 3607 1428 3670 modo
1456 3606 1775 3683 adversas,
1892 3605 2215 3669 rtimesce-

165 3690 310 3755 bam
345 3690 808 3773 videbamque,
843 3705 1082 3774 quanto
1116 3691 1398 3775 periculo
1433 3691 1513 3757 de
1549 3693 1685 3757 iure
1720 3715 1809 3777 pu
1854 3690 1975 3755 lico
2011 3689 2214 3753 disce-

165 3787 451 3859 ptaretur
497 3776 718 3853 armis3
764 3776 996 3860 quibus
1031 3776 1086 3841 si
1119 3776 1164 3840 ii
1199 3776 1529 3853 vicissent,
1566 3778 1649 3841 ad
1683 3783 1845 3861 quos
1880 3796 2001 3859 ego
2038 3772 2215 3859 pacis

169 3882 294 3945 spe,
327 3883 465 3925 non
504 3860 656 3925 belli
691 3861 1034 3948 cupiditate
1071 3862 1383 3927 adductus
1420 3884 1837 3937 accesseram,
1873 3870 2085 3923 tamen
2118 3858 2217 3922 in-

173 3946 582 4033 tellegebam,
629 3957 690 4011 et
723 3948 1030 4011 iratorum
1064 3946 1395 4011 hominum
1430 3958 1492 4011 et
1528 3946 1903 4031 cupidorum
1939 3953 2003 4007 et
2046 3943 2216 4008 inso-

173 4030 431 4097 lentium
478 4054 671 4115 quam
721 4032 1018 4098 crudelis„
1036 4044 1202 4097 esset
1255 4033 1473 4097 futura
1515 4030 1806 4106 victoria,
1860 4029 1959 4093 sin
2002 4039 2216 4094 autem
