2675 4559
629 234 1187 294 EPISTOLARUM
1221 238 1354 294 vn.
1391 240 1613 294 17-19.
2024 232 2150 302 159

149 356 508 450 chirographi
562 361 704 426 mei.
791 372 862 426 tu
916 384 1020 427 me
1066 361 1259 428 velim
1302 363 1386 427 de
1427 361 1674 430 ratione
1723 363 1959 432 Gallici
2003 368 2155 452 belli

146 460 433 524 certiorem
467 456 690 534 facias3
728 477 849 541 ego
884 455 1055 521 enim
1089 455 1502 541 ignavissimo
1539 459 1771 543 cuique
1806 461 2150 527 maximam

144 555 300 619 fidem
330 552 553 618 habeo.
640 548 783 624 sed,
834 561 908 614 ut
943 549 1029 614 ad
1070 549 1372 636 epistolas
1415 563 1560 617 tuas
1593 553 1881 631 redeam,
1935 566 2149 622 cetera
2185 577 2208 616 e

146 651 299 726 belle3
330 643 485 712 illud
516 643 739 710 miror:
778 644 921 729 quis
958 645 1119 709 solet
1152 645 1380 710 eodem
1417 648 1708 732 exemplo
1742 648 1941 732 pluris
1974 651 2146 729 dare,
2193 718 2197 722 ,

142 745 229 829 qui
264 765 371 808 sua
399 761 601 806 manu
636 739 894 805 scribit?
944 763 1097 805 nam
1131 741 1305 824 quod
1349 741 1417 806 in
1459 741 1902 828 palimpsesto,
1955 746 2148 811 laudo

142 839 393 922 equidem
437 834 895 922 parsimoniam
907 858 926 911 3
982 835 1095 900 sed
1136 835 1363 913 miror,
1417 837 1574 920 quid
1617 837 1684 902 in
1718 838 1828 904 illa
1863 839 2151 906 chartula

67 943 70 988 ῑ
143 934 320 1010 fuerit,
370 931 547 1015 quod
600 930 813 995 delere
862 929 1162 994 malueris
1216 951 1414 1014 quam
1463 931 1625 997 haec
1677 957 1801 998 aon
1851 935 2148 1012 scribere,

67 1021 69 1062 ἶ
144 1027 236 1092 nisi
264 1027 414 1092 forte
449 1037 597 1090 tuas
626 1023 967 1102 formulas3
1001 1044 1131 1088 non
1166 1024 1336 1089 enim
1371 1036 1528 1112 puto
1555 1038 1618 1092 te
1645 1049 1822 1093 meas
1849 1029 2147 1114 epistolas

67 1139 69 1170 1
145 1122 337 1196 delere,
387 1131 458 1185 ut
510 1139 786 1205 reponas
839 1129 1002 1183 tuas.
1091 1141 1174 1183 an
1219 1119 1342 1184 hoc
1387 1120 1736 1206 significas,
1791 1121 1948 1188 nihil
1991 1123 2148 1198 fieri,

144 1216 331 1302 frigere
362 1228 443 1291 te,
480 1237 564 1280 ne
602 1211 890 1278 chartam
926 1212 1185 1297 quidem
1221 1213 1336 1278 tibi
1375 1216 1821 1300 suppeditare?
1861 1216 1991 1282 iam
2025 1216 2148 1280 ista

67 1301 69 1306 ’
145 1327 225 1376 tua
261 1313 436 1398 culpa
482 1319 611 1386 est,
658 1308 771 1394 qui
814 1308 1265 1372 verecundiam
1310 1319 1525 1373 tecum
1571 1311 1874 1378 extuleris
1909 1323 1974 1377 et
2016 1333 2147 1377 non

143 1407 219 1470 hic
244 1405 564 1470 nobiscum
596 1402 952 1487 reliqueris.
1021 1424 1148 1488 ego
1180 1414 1244 1468 te
1278 1401 1508 1482 Balbo,
1546 1426 1696 1470 cum
1729 1407 1813 1471 ad
1846 1429 1964 1472 vos
1998 1429 2147 1492 pro·
2180 1425 2205 1466 a

142 1501 432 1577 ficiscetur,
476 1519 663 1564 more
698 1497 991 1564 Romano
1036 1498 1518 1562 commendabo·
1607 1511 1678 1564 tu
1690 1548 1710 1577 ,
1755 1500 1810 1566 si
1841 1501 2145 1568 interval-

142 1595 240 1658 lum
282 1594 527 1680 longius
573 1591 697 1658 erit
738 1610 1027 1656 mearum
1070 1591 1450 1667 litterarum,
1505 1615 1587 1658 ne
1631 1593 1718 1657 sis
1765 1595 2142 1672 admiratus3

142 1711 273 1751 eram
312 1689 473 1754 enim
520 1687 821 1752 afuturus
864 1707 1085 1750 mense
1126 1684 1359 1770 Aprili.
1457 1685 1574 1750 has
1624 1686 1866 1752 litteras
1920 1689 2145 1774 scripsi

67 1821 70 1850 i
141 1782 188 1844 in
212 1781 561 1869 PomptinO,
608 1803 759 1846 cum
792 1780 879 1846 ad
912 1779 1131 1844 villam
1162 1779 1263 1843 M.
1298 1779 1564 1844 Aemilii
1598 1779 1996 1848 Philemonis
2033 1783 2146 1848 de-

68 1886 78 1948 j-
143 1876 435 1954 vertissem,
471 1901 556 1942 ex
592 1896 727 1959 qua
750 1875 877 1938 iam
903 1874 1231 1939 audieram
1266 1872 1592 1938 fremitum
1619 1874 1944 1940 clientium
1970 1897 2146 1942 meo·

142 1991 263 2047 rum,
293 1991 443 2055 quos
469 1971 739 2055 quidem
772 1980 845 2034 tu
870 1967 1027 2032 mihi
1054 1967 1435 2045 conciliasti3
1471 1990 1622 2034 nam
1639 1966 1910 2034 Ulubris
1945 1969 2146 2036 hono·-

141 2064 202 2127 ris
229 2066 336 2130 mei
366 2087 565 2132 causa
599 2064 734 2129 vim
770 2064 1115 2128 maximam
1150 2063 1650 2128 ranunculorum
1685 2085 1754 2128 se
1791 2085 2144 2130 commosse

142 2161 433 2226 constabat.
524 2181 687 2226 cura
718 2171 791 2224 ut
835 2159 1070 2224 valeas.
1154 2179 1238 2224 vr.
1275 2159 1376 2223 Id.
1414 2159 1624 2244 April.
1661 2159 1742 2224 de
1776 2158 2142 2246 Pomptino.

234 2253 572 2341 Epistolam
606 2265 785 2320 tuam
799 2302 817 2331 ,
871 2275 1066 2336 quam
1102 2255 1321 2339 accepi
1357 2255 1439 2318 ab
1475 2254 1558 2318 L.
1595 2255 1935 2333 ArruntiO,
1991 2277 2144 2322 con·
2177 2276 2204 2316 ι

140 2347 259 2412 scidi
286 2350 713 2426 innocentem3
766 2349 924 2413 nihil
968 2348 1137 2413 enim
1174 2348 1486 2424 habebat,
1543 2350 1718 2433 quod
1762 2372 1891 2415 non
1927 2352 2032 2417 vel
2075 2351 2144 2416 in

142 2443 375 2510 contione
415 2455 589 2511 recte
634 2443 765 2530 legi
811 2453 1057 2528 posset=
1106 2443 1219 2507 sed
1252 2454 1319 2508 et
1354 2443 1702 2508 Arruntius
1738 2443 1828 2508 ita
1863 2455 1928 2510 te
1962 2467 2144 2510 man·

144 2533 281 2602 (lasse
312 2538 517 2605 aiebat
552 2549 619 2603 et
657 2549 729 2602 tu
766 2536 1215 2621 adscripseras.
1302 2559 1528 2602 verum
1562 2538 1722 2602 illud
1756 2549 1912 2604 est0.
1981 2539 2140 2604 nihil

144 2631 276 2784 tebad
304 2654 401 2697 me
432 2643 669 2720 postea
696 2631 1019 2718 scripsisse
1048 2631 1346 2708 demiror,
1383 2633 1756 2718 praesertim
1790 2644 1924 2697 tam
1955 2633 2139 2698 novis

144 2740 189 2783 re
222 2743 302 2788 us.

1034 2874 1195 2930 XIX.

552 2979 676 3034 Ser.
694 2977 862 3052 Regii
878 2979 949 3034 V.
968 2979 1100 3034 Kal.
1124 2977 1315 3035 Sextil.
1338 2997 1390 3035 a.
1411 2969 1466 3034 u.
1487 2997 1535 3034 c.
1558 2980 1677 3034 710.

660 3080 937 3136 CICERO
974 3081 1371 3138 TREBATIO
1409 3082 1573 3138 SAL.

236 3191 410 3274 Vide,
456 3197 683 3282 quanti
720 3196 893 3282 apud
928 3219 1031 3262 me
1066 3194 1182 3273 sis3
1237 3197 1357 3262 etsi
1391 3197 1531 3262 iure
1564 3196 1634 3260 id
1667 3196 1955 3280 quiderm
2009 3221 2138 3264 non

144 3283 269 3350 enim
298 3301 355 3354 te
390 3313 605 3356 amore
641 3291 848 3355 vinco.
936 3311 1162 3355 verum
1197 3302 1412 3355 tamen
1445 3289 1622 3374 quod
1667 3293 1986 3374 praesenti
2019 3292 2140 3356 tibi

145 3394 294 3464 prope
326 3385 777 3472 subnegaram,
828 3402 959 3448 non
994 3382 1344 3450 tribueram
1390 3395 1590 3460 certe,
1642 3384 1713 3449 id
1747 3383 1995 3450 absenti
2029 3385 2140 3451 de-

147 3465 255 3574 ime
282 3497 399 3543 non
432 3481 641 3565 potui3
678 3480 915 3563 itaque,
952 3491 1027 3544 ut
1058 3479 1337 3565 primum
1371 3477 1564 3546 Velia
1595 3479 1900 3566 navigare
1935 3482 2138 3567 coepi,

147 3566 335 3634 metitui
350 3571 593 3660 Topica
610 3573 999 3639 Aristotelea
1026 3573 1464 3650 conscribere,
1485 3575 1568 3638 ab
1603 3575 1742 3660 ipsa
1781 3574 1937 3640 urbe
1967 3596 2140 3639 com—

147 3660 368 3728 monitus
410 3669 843 3734 amantissima
886 3669 1013 3733 tui:
1069 3691 1218 3734 eum
1268 3668 1507 3732 librum
1558 3669 1676 3734 tibi
1720 3668 1864 3733 misi
1908 3668 2136 3752 Regin,

148 3752 395 3838 scriptum
429 3782 621 3844 quam
657 3761 1019 3848 planissime
1064 3785 1165 3828 res
1210 3761 1320 3826 illa
1356 3763 1548 3827 scribi
1590 3763 1824 3848 potuit;
1879 3762 1976 3826 sin
2025 3759 2134 3826 tibi

148 3849 407 3921 quaedam
438 3853 824 3923 videbuntur
858 3855 1245 3934 obscuriora,
1283 3856 1564 3942 cogitare
1595 3855 1858 3922 debebis
1894 3856 2136 3921 nullam

150 3947 305 4007 artem
342 3946 557 4015 litteris
601 3951 735 4018 sine
777 3953 1121 4038 interprete
1156 3962 1220 4017 et
1267 3951 1404 4017 sine
1440 3954 1654 4036 aliqua
1689 3949 2138 4017 exercitatione

152 4037 339 4124 percipi
368 4063 568 4128 posse.
618 4069 746 4113 non
780 4046 973 4133 longe
1010 4045 1271 4114 abierisz
1306 4069 1465 4112 num
1499 4044 1600 4112 ius
1633 4045 1818 4112 civile
1853 4057 2140 4112 vestrum
