2675 4559
495 246 629 315 428
1118 258 1197 314 M„
1234 256 1511 316 TULLII
1544 255 1939 315 CICERONIS

499 382 758 449 laudem
793 404 875 448 ex
906 382 1032 449 ista
1075 380 1407 467 provincia
1441 379 1872 464 adsequimur,
1908 379 2021 445 vix
2058 380 2347 446 videmur
2378 404 2521 446 sum-

499 498 670 541 mam
707 474 1239 561 vituperationem
1272 495 1462 560 posse
1501 473 1723 539 vitare.
1777 496 1857 540 ea
1886 485 2114 539 nostra
2145 475 2303 539 ratio
2337 487 2440 553 est,
2470 488 2523 539 ut

499 592 719 635 omnes
754 570 910 635 boni
944 592 1094 635 cum
1126 568 1408 647 faveant,
1444 579 1583 633 tum
1600 567 1803 633 etiam
1829 590 2091 634 omnem
2126 592 2168 633 a
2200 568 2377 634 nobis
2410 568 2524 633 dili-

495 664 781 749 gentiam
825 665 1252 747 virtutemque
1297 673 1364 728 et
1405 662 1729 749 postulent
1774 674 1841 728 et
1885 672 2290 749 exspectent,
2339 685 2524 727 omnes

497 769 714 825 autem
747 758 1030 845 inprobi,
1066 757 1241 843 quod
1277 779 1427 823 cum
1460 758 1538 823 iis
1574 756 1817 823 bellum
1852 758 2315 843 sempiternum
2349 780 2527 823 susce-
2613 838 2614 845 ἵ

495 852 739 938 pimus,
785 853 890 919 vel
930 852 1196 918 minima
1226 873 1298 918 re
1333 851 1419 917 ad
1468 850 2071 939 reprehendendum
2108 851 2384 919 contenti
2414 875 2525 918 esse

411 968 464 1007 42
497 946 865 1013 videantur=
913 969 1040 1032 qua
1074 969 1173 1024 re,
1209 946 1516 1030 quoniam
1552 947 1692 1011 eius
1727 947 1905 1011 modi
1940 947 2273 1012 theatrum
2306 947 2526 1012 sortitus
2613 956 2614 999 ἑ

500 1064 589 1118 68,
627 1041 993 1108 celebritate
1037 1040 1525 1106 refertissimum
1538 1087 1557 1117 ,
1592 1040 2041 1127 magnitudine
2078 1040 2525 1127 amplissimum,
2613 1054 2614 1125 j

495 1136 734 1201 iudicio
769 1136 1297 1212 eruditissimum,
1333 1146 1567 1201 natura
1600 1146 1815 1201 autem
1848 1137 1939 1201 ita
1972 1155 2316 1212 resonans,
2350 1146 2416 1200 ut
2442 1156 2526 1199 us-
2613 1176 2614 1185 κ

497 1251 624 1313 que
641 1230 916 1295 Romam
947 1230 1443 1315 significationes
1471 1240 1789 1314 vocesque
1824 1231 2216 1310 referantur,
2253 1231 2522 1297 contende

497 1345 737 1406 quaeso
789 1334 981 1409 atque
1033 1324 1321 1401 elabora,
1374 1348 1506 1389 non
1558 1326 1750 1390 modo
1800 1336 1875 1389 ut
1924 1325 2026 1391 his
2082 1327 2281 1391 rebus
2327 1325 2523 1410 dignus

495 1418 724 1495 fuisse,
759 1418 876 1483 sed
909 1417 1102 1484 etiam
1137 1429 1211 1485 ut
1242 1419 1355 1483 illa
1390 1421 1604 1485 omnia
1645 1420 1772 1485 tuis
1809 1420 2059 1485 artibus
2096 1442 2422 1506 superasse
2450 1418 2524 1481 vi-

393 1510 461 1565 15
495 1511 713 1577 deare·
695 1560 714 1591 ,
752 1525 834 1591 et,
871 1513 1177 1598 quoniam
1210 1512 1368 1578 mihi
1404 1536 1589 1580 casus
1627 1514 1993 1579 urbanam
1973 1538 2045 1579 111
2081 1512 2522 1601 magistratibus

407 1583 1104 1674 “administrationem
1137 1608 1231 1674 rei
1265 1608 1583 1694 publicae,
1626 1608 1743 1673 tibi
1777 1609 2241 1695 provincialem
2275 1606 2453 1683 dedit,
2482 1604 2521 1669 si

493 1724 638 1766 mea
671 1724 821 1787 pars
856 1702 1096 1768 nemini
1133 1704 1321 1780 cedit,
1357 1702 1481 1780 fac,
1524 1714 1599 1769 ut
1633 1714 1746 1768 tua
1780 1714 2026 1769 ceteros
2063 1704 2300 1767 vincat.
2368 1698 2523 1765 simul

404 1828 413 1833 ·
495 1795 688 1861 etiam
729 1796 890 1861 illud
935 1798 1177 1883 cogita,
1231 1818 1351 1862 nos
1386 1820 1515 1862 non
1562 1797 1642 1863 de
1675 1798 1921 1881 reliqua
1956 1809 2022 1888 et
2066 1808 2323 1883 sperata
2352 1792 2524 1881 gloria

491 1889 621 1956 iam
663 1890 985 1969 laborare,
1037 1890 1153 1957 sed
1188 1892 1268 1957 de
1312 1902 1497 1977 parta
1540 1891 1871 1968 dimicare,
1924 1885 2097 1975 quae
2132 1890 2386 1975 quidem
2416 1908 2517 1951 non

492 1994 626 2047 tam
661 1984 1018 2069 expetenda
1052 1984 1237 2051 nobis
1273 1985 1417 2061 fuit,
1454 2006 1649 2069 quam
1684 1986 1923 2051 tuenda
1957 1997 2077 2052 est.
2172 2007 2275 2061 ac,
2309 1984 2361 2048 si
2390 1978 2513 2045 1111111

492 2079 837 2161 quicquam
873 2091 1041 2145 esset
1077 2080 1192 2145 abs
1229 2090 1293 2145 te
1337 2092 1735 2165 separatum,
1786 2080 1945 2144 1111111
1980 2081 2263 2167 amplius
2308 2075 2514 2143 deside·

490 2194 700 2237 rarem
733 2172 858 2237 hoc
893 2184 1093 2249 statu,
1129 2174 1243 2257 qui
1277 2172 1487 2238 1111111
1468 2197 1597 2238 iam
1630 2184 1853 2259 partus
1888 2184 2015 2239 est·
2065 2196 2243 2239 nunc
2274 2192 2413 2239 vero
2442 2166 2513 2233 sic

487 2286 590 2329 res
626 2285 765 2330 sese
798 2266 1025 2343 habet,
1070 2278 1170 2342 ut,
1215 2268 1340 2331 nisi
1376 2268 1591 2331 omnia
1640 2282 1753 2332 tua
1794 2268 1968 2333 facta
2002 2280 2203 2353 atque
2238 2268 2397 2333 dicta
2425 2284 2515 2328 no-

487 2358 634 2423 stris
667 2357 862 2423 rebus
895 2359 1085 2424 istinc
1118 2360 1567 2445 respondeant,
1604 2384 1729 2447 ego
1764 2384 1869 2427 1116
1903 2363 2101 2427 tantis
2128 2363 2289 2429 meis
2320 2357 2514 2427 labori-

488 2453 609 2517 bus
663 2452 980 2537 tantisque
1033 2454 1363 2539 periculis,
1428 2476 1703 2539 quorum
1772 2468 1842 2522 tu
1894 2458 2187 2523 omnium
2238 2455 2511 2544 particeps

485 2548 685 2626 fuisti,
720 2548 878 2613 nihil
913 2560 1325 2641 consecutum
1352 2563 1586 2637 putem.
1649 2552 1823 2636 quod
1858 2552 1943 2630 si,
1966 2564 2054 2619 ut
2088 2551 2509 2654 amplissimum

485 2667 722 2711 nomen
774 2634 1340 2729 consequeremur,
1395 2668 1566 2711 unus
1616 2657 1872 2732 praeter
1926 2658 2175 2715 ceteros
2229 2640 2507 2714 adiuvisti,

485 2749 659 2804 certe
694 2738 888 2816 idem,
923 2750 997 2803 ut
1031 2738 1099 2804 id
1131 2740 1550 2818 retineamus,
1595 2752 1851 2827 praeter
1886 2752 2133 2808 ceteros
2168 2734 2507 2809 elaborabis.

485 2854 616 2897 non
651 2843 748 2897 est
775 2833 894 2897 tibi
921 2832 1020 2899 his
1049 2834 1200 2899 solis
1227 2835 1541 2900 utendum
1569 2836 2146 2902 existimationibus
2174 2858 2251 2901 ac
2276 2827 2506 2901 iudiciis,

484 2926 595 3009 qui
629 2946 801 2990 nunc
838 2938 1016 3003 sunt,
1051 2928 1415 3005 hominum,
1452 2929 1571 2995 sed-
1602 2930 1683 2995 iis
1721 2930 1953 3008 etiam,
1984 2930 2097 3015 qui
2134 2927 2330 2996 futuri
2362 2930 2507 2989 sunt:

483 3039 875 3104 quamquam
907 3022 1162 3087 illorum
1197 3023 1318 3088 erit
1352 3023 1567 3089 verius
1602 3024 1940 3102 iudicium,
1986 3022 2427 3092 obtrectatione
2456 3024 2506 3077 et

396 3126 450 3165 ⁴4
487 3114 932 3180 malevolentia
965 3116 1324 3183 liberatum.
1398 3118 1674 3203 denique
1708 3119 1871 3184 illud
1907 3119 2100 3185 etiam
2140 3120 2330 3185 debes
2360 3106 2504 3194 cogi·
2613 3180 2614 3195 ,

483 3220 648 3286 tare,
700 3232 830 3275 non
881 3221 946 3275 te
996 3210 1115 3275 tibi
1157 3212 1276 3277 soli
1327 3214 1602 3299 gloriam
1644 3236 1981 3297 quaerere·
1961 3262 1982 3293 ,
2034 3215 2210 3299 quod
2253 3212 2306 3277 si
2346 3212 2498 3277 esset,
2613 3256 2614 3267 1

483 3313 698 3369 tamen
733 3326 864 3369 non
907 3306 1315 3391 neglegeres,
1352 3308 1735 3393 'praesertim
1770 3330 1919 3373 cum
1964 3304 2361 3394 amplissimis
2391 3318 2500 3365 mo·
2613 3326 2614 3347 ³

479 3400 803 3465 numentis
856 3420 1228 3467 consecrare
1288 3402 1603 3469 voluisses
1652 3402 2030 3469 memoriam
2090 3399 2354 3468 nominis
2399 3390 2497 3465 tuh

481 3493 597 3559 sed
631 3516 710 3558 ea
753 3504 852 3559 est
893 3493 1014 3560 tibi
1059 3496 1589 3563 communicanda
1630 3518 1913 3575 mecum,
1959 3496 2288 3582 prodenda
2317 3485 2496 3558 libel'i's

479 3587 742 3651 nostris.
787 3588 855 3653 in
896 3610 1027 3672 qua
1070 3590 1429 3657 cavendum
1472 3600 1572 3655 est
1604 3612 1715 3668 ne,
1751 3589 1808 3655 81
1841 3591 2277 3677 neglegentior
2306 3578 2488 3651 fueris

478 3706 606 3745 non
649 3684 848 3746 solum
891 3682 1010 3747 tibi
1053 3706 1282 3770 parum
1327 3685 1754 3762 consuluisse,
1808 3685 1923 3751 sed
1970 3685 2164 3751 etiam
2205 3684 2324 3749 tuis
2362 3671 2494 3742 invi·

481 3776 652 3841 disse
687 3776 984 3842 videaris.

379 3861 446 3971 lg
611 3870 836 3953 Atque
881 3872 1044 3938 haec
1087 3896 1219 3939 non
1254 3896 1332 3939 eo
1368 3874 1695 3951 dicuntur,
1742 3886 1817 3941 ut
1858 3886 1924 3943 te
1969 3876 2171 3941 oratio
2212 3892 2345 3937 mea
2375 3862 2490 3929 dor·

479 3962 784 4027 mientem
817 3966 1159 4077 excitasse,
1206 3968 1320 4034 sed
1365 3969 1579 4054 potius
1614 3981 1686 4035 ut
1720 3980 2081 4037 currentem
2113 3969 2385 4036 incitasse
2410 3978 2487 4031 ,71·

481 4050 738 4129 deatum
797 4056 996 4124 facies
1049 4062 1221 4127 enim
1271 4076 1610 4150 perpetuo,
1674 4086 1842 4151 quae
1896 4065 2133 4145 fecisti,
2192 4074 2261 4131 ut
2304 4070 2487 4125 omnes
