2675 4559
717 216 1274 279 EPISTOLARUM
1307 222 1383 278 v.
1417 222 1607 279 1213.
2064 211 2193 279 105

126 340 520 407 extrinsecus
555 351 669 406 aut
711 341 876 408 bene
915 354 1028 407 aut
1062 344 1230 409 male
1265 342 1525 411 vivendi
1558 360 1905 433 suspensas
1948 347 2187 415 habere

124 434 419 500 rationes.
473 454 645 518 quae
680 436 983 521 cogitatio
1019 458 1168 503 cum
1202 438 1361 503 mihi
1394 460 1525 503 non
1560 440 1818 505 omnino
1847 441 2185 508 excidisset
2220 466 2247 503 2

123 566 202 579 —-
215 529 464 595 etenim
497 529 755 615 penitus
787 530 1111 597 insederat
1138 568 1246 610 --‚
1281 533 1346 598 vi
1383 544 1599 601 tamen
1632 546 2085 621 tempestatum
2121 549 2185 603 et

125 645 440 689 concursu
477 624 916 690 calamitatum
952 636 1091 691 erat
1125 626 1526 711 aliquantum
1568 629 1957 695 labefactata
1992 641 2184 715 atque

125 719 425 785 convolsa
433 742 454 795 3
512 718 620 783 cui
671 730 734 784 te
780 719 1084 805 opitulari
1131 732 1196 785 et
1247 721 1436 787 video
1482 734 1547 789 et
1598 723 1668 789 id
1718 723 1949 790 fecisse
1993 726 2185 790 etiam

125 811 428 898 proximis
480 812 712 879 litteris
775 814 1176 898 multumque
1240 816 1592 901 profecisse
1642 818 1866 883 sentio.
1968 819 2185 902 itaque

124 908 238 973 hoc
273 906 538 993 saepius
587 906 929 973 dicendum
973 908 1218 994 tibique
1251 931 1385 975 non
1420 910 1910 997 significandum
1954 913 2184 989 solum,

127 1003 234 1069 sed
267 1002 468 1068 etiam
506 1001 964 1069 declarandum
1001 1005 1302 1083 arbitror,
1336 1006 1497 1071 nihil
1532 1006 1688 1071 mihi
1725 1029 1865 1073 esse
1900 1007 2184 1093 potuisse

129 1097 242 1161 tuis
294 1096 528 1161 litteris
582 1097 847 1183 gratius.
955 1098 1038 1163 ad
1093 1101 1554 1166 consolandum
1608 1112 1825 1167 autem
1877 1123 2026 1166 cum
2075 1101 2187 1165 illa
2218 1122 2244 1162 a

129 1192 364 1269 valent,
422 1211 591 1276 quae
638 1192 964 1279 eleganter
1009 1194 1394 1279 copioseque
1440 1196 1782 1282 collegisti,
1838 1206 1975 1261 tum
2026 1196 2185 1261 nihil

129 1286 262 1369 plus
307 1304 512 1369 quam
556 1285 733 1368 quod
781 1285 1240 1353 firmitudinem
1293 1289 1806 1376 gravitatemque
1851 1288 2048 1354 animi
2090 1290 2183 1353 tui

129 1378 443 1466 perspexi,
477 1398 675 1463 quam
709 1400 840 1445 non
873 1380 1108 1447 imitari
1141 1384 1581 1469 turpissimum
1620 1384 1935 1451 existimo.
1988 1394 2182 1468 atque
2244 1450 2250 1459 ,

129 1474 239 1541 hoc
273 1473 474 1541 etiam
509 1473 844 1540 fortiorem
877 1497 980 1540 me
1015 1486 1172 1561 puto
1208 1499 1404 1560 quam
1440 1488 1505 1543 te
1540 1479 1775 1564 ipsum,
1810 1490 2185 1565 praecepto-

128 1591 254 1635 rem
287 1567 717 1646 fortitudinis,
773 1568 946 1653 quod
995 1581 1066 1634 tu
1113 1570 1271 1635 mihi
1305 1572 1525 1637 videre
1561 1595 1742 1658 spem
1776 1595 1907 1637 non
1940 1574 2181 1640 nullam

129 1662 358 1729 habere
392 1661 558 1729 haec
599 1662 946 1747 aliquando
981 1664 1202 1730 futura
1243 1666 1511 1731 meliora
1522 1690 1543 1743 3
1596 1688 1782 1731 casus
1829 1663 2001 1732 enim
2043 1668 2185 1753 gla-

132 1756 372 1823 diatorii
408 1756 984 1843 similitudinesque
1022 1780 1157 1835 eae,
1195 1770 1334 1823 tum
1370 1760 1648 1825 rationes
1682 1760 1751 1825 in
1786 1782 1865 1825 ea
1899 1759 2185 1845 disputa-

132 1852 289 1916 tione
335 1874 378 1915 a
420 1862 486 1917 te
534 1850 836 1917 collectae
849 1900 868 1929 ,
924 1852 1230 1919 vetabant
1281 1876 1389 1935 me
1432 1853 1527 1919 rei
1578 1854 1877 1939 publicae
1928 1852 2184 1939 penitus

134 1944 434 2011 diffidere.
487 1943 710 2029 itaque
738 1946 1008 2011 alterum
1035 1946 1246 2013 minus
1273 1947 1529 2025 mirum,
1564 1948 1895 2015 fortiorem
1928 1959 1991 2013 te
2020 1968 2182 2023 esse,

133 2060 266 2103 cum
301 2038 550 2122 aliquid
583 2062 823 2125 speres,
859 2041 1132 2105 alterum
1161 2042 1417 2120 mirum,
1454 2065 1567 2128 spe
1594 2044 1727 2109 ulla
1760 2042 1990 2109 tenerit
2027 2042 2185 2126 quid

133 2145 214 2198 est
241 2133 415 2199 enim
444 2154 578 2197 non
604 2134 694 2199 ita
723 2133 1068 2212 adfectum,
1104 2146 1176 2201 ut
1201 2135 1271 2200 id
1301 2158 1433 2201 non
1460 2136 1742 2203 deletum
1770 2138 2183 2203 exstinctum-

41 2295 43 2300 ,
133 2250 243 2313 que
279 2250 423 2295 esse
457 2228 745 2295 fateare?
789 2229 1206 2317 circumspice
1243 2232 1459 2298 omnia
1504 2232 1793 2299 membra
1834 2232 1927 2297 rei
1972 2230 2182 2317 publi·
2265 2280 2268 2283 -

137 2346 263 2401 cae,
300 2345 472 2408 quae
504 2323 840 2389 notissima
885 2336 1034 2390 sunt
1069 2325 1215 2390 tibi:
1260 2328 1508 2391 nullum
1554 2326 1829 2413 reperies
1873 2325 2182 2413 profecto,

138 2418 294 2500 quod
337 2438 469 2482 non
513 2416 791 2483 fractum
837 2418 1317 2510 debilitatumve
1364 2421 1445 2485 sit
1457 2444 1475 2497 3
1531 2441 1697 2504 quae
1748 2440 2182 2506 persequerer,

141 2514 186 2577 si
213 2523 324 2579 aut
353 2512 586 2578 melius
623 2535 701 2579 ea
733 2513 1018 2579 viderem
1052 2536 1248 2599 quam
1283 2526 1357 2579 tu
1392 2514 1602 2592 vides,
1652 2527 1764 2582 aut
1799 2536 2183 2581 commemo-

141 2629 264 2672 rare
307 2628 566 2693 possem
609 2606 746 2672 sine
793 2606 1042 2674 dolore:
1088 2629 1482 2693 quamquam
1530 2609 1655 2673 tuis
1700 2609 1957 2673 monitis
2000 2613 2183 2693 prae-

144 2700 451 2786 ceptisque
490 2701 697 2766 omnis
733 2710 831 2767 est
865 2701 1240 2767 abiciendus
1278 2702 1478 2768 dolor.
1544 2724 1699 2789 ergo
1736 2713 1800 2767 et
1834 2701 2184 2767 domestica
2216 2722 2244 2760 4

147 2794 434 2872 feremus,
487 2806 564 2861 ut
604 2816 862 2874 censes,
917 2806 983 2861 et
1025 2796 1286 2882 publica
1329 2797 1526 2882 paulo
1563 2796 1757 2863 etiam
1791 2794 2019 2860 fortius
2054 2794 2185 2859 for-

149 2898 296 2955 tasse
325 2909 523 2974 quam
568 2902 640 2957 tu
683 2890 822 2977 ipse
833 2937 854 2968 ‚
908 2890 1020 2975 qui
1061 2890 1406 2977 praecipis3
1460 2902 1526 2959 te
1569 2892 1741 2957 enim
1782 2891 1997 2975 aliqua
2040 2913 2185 2976 spes

151 2986 514 3062 consolatur,
552 2996 624 3050 ut
661 2985 884 3051 scribis
897 3033 916 3063 ,
959 3006 1079 3051 nos
1125 2986 1365 3052 erimus
1401 2987 1594 3053 etiam
1638 2987 1707 3053 in
1742 2985 2027 3051 omnium
2072 2985 2184 3050 de-

153 3078 486 3161 speratione
530 3079 728 3145 fortes
741 3127 759 3157 ,
813 3092 888 3145 ut
921 3090 992 3145 tu
1027 3091 1246 3146 tamen
1277 3081 1453 3147 idem
1487 3093 1552 3148 et
1594 3081 1867 3147 hortaris
1904 3091 1969 3145 et
2001 3102 2186 3166 prae-

153 3171 314 3257 cipis:
349 3174 466 3240 das
503 3174 674 3241 enim
708 3174 866 3241 mihi
897 3175 1211 3242 iucundas
1246 3176 1720 3241 recordationes
1758 3174 2184 3240 conscientiae

153 3278 376 3336 nostrae
409 3290 753 3354 rerumque
790 3292 1010 3335 earum
1023 3317 1042 3348 ,
1089 3290 1250 3355 quas
1286 3281 1351 3335 te
1384 3270 1452 3334 in
1487 3268 1708 3355 primis
1746 3278 2005 3333 auctore
2039 3289 2186 3351 ges-

155 3360 352 3441 simus3
397 3363 830 3451 praestitimus
867 3364 1038 3431 enim
1081 3364 1326 3451 patriae
1362 3385 1494 3429 non
1538 3363 1751 3427 minus
1787 3370 1955 3429 certe
1990 3380 2189 3445 quam

157 3452 494 3537 debuimus,
540 3459 687 3545 plus
730 3458 1020 3544 profecto
1064 3481 1261 3543 quam
1297 3470 1396 3526 est
1442 3458 1525 3523 ab
1561 3456 1774 3525 animo
1810 3455 2186 3541 cuiusquam

158 3560 250 3613 aut
289 3552 550 3617 consilio
594 3552 869 3618 hominis
913 3553 1386 3639 postulandum.
1415 3553 1710 3640 ignosces
1752 3551 1913 3617 mihi
1958 3549 2038 3620 de
2082 3573 2185 3616 me
2221 3572 2247 3613 5

161 3638 274 3723 ipso
305 3645 546 3731 aliquid
580 3646 1008 3732 praedicanti3
1054 3669 1329 3731 quarum
1374 3648 1545 3715 enim
1588 3659 1663 3715 tu
1696 3669 1911 3714 rerum
1947 3646 2190 3731 cogita-

163 3733 304 3803 tione
335 3762 450 3805 nos
493 3740 696 3806 levari
737 3740 1140 3827 aegritudine
1187 3741 1477 3820 voluisti,
1523 3764 1745 3810 earum
1788 3741 1981 3823 etiam
2015 3758 2189 3803 com-

162 3834 584 3899 memoratione
617 3834 909 3901 lenimur.
963 3835 1199 3921 itaque,
1235 3846 1309 3901 ut
1333 3857 1577 3914 mones,
1614 3845 1927 3920 quantum
1960 3842 2187 3917 potero

165 3940 247 3985 me
287 3926 364 3991 ab
407 3926 705 3993 omnibus
747 3928 1054 3995 molestiis
1099 3940 1167 3994 et
1209 3929 1561 4017 angoribus
1615 3927 1932 3994 abducam
1984 3936 2190 3991 trans-

167 4011 458 4105 feramque
494 4021 778 4088 animum
813 4023 896 4088 ad
933 4046 1040 4102 ea,
1071 4023 1324 4108 quibus
1364 4022 1685 4090 secundae
1719 4044 1823 4089 res
1860 4033 2189 4101 ornantur,
