2675 4559
462 231 598 298 370
1076 239 1153 294 M.
1192 234 1469 294 TULLII
1505 229 1906 290 CICERONIS
1998 291 2002 294 ,
2125 231 2130 233 ’

462 366 702 456 poteris'
736 385 1147 454 cognoscere.
1178 359 1187 371 “
1217 359 1502 425 Tulliam
1537 355 1749 423 adhuc
1779 363 2036 434 mecum
2071 335 2280 418 teneo.
2351 353 2526 418 vale-

462 463 751 528 tudinem
786 473 968 526 tuam
1001 479 1159 524 cura
1192 453 1552 538 diligenter.
1607 449 1770 516 vale.
1823 471 1931 512 xn.
1966 448 2056 513 K.
2096 444 2465 529 Quinctilis.

1411 603 1569 659 XVI.

762 715 881 771 Ser.
901 695 1187 767 Brundisii
1204 709 1348 780 prid.
1369 707 1562 763 Nonas
1576 703 1873 759 Ianuarias
1892 719 1942 757 a.
1962 718 2018 755 u.
2037 717 2086 756 c.
2107 701 2229 755 707.

858 811 1201 872 TULLIUS
1238 806 1686 866 TERENTIAE
1723 804 1924 863 SUAE
1961 802 2018 860 S.
2055 803 2130 857 D.

594 930 667 998 S.
703 952 767 995 v.
802 931 867 995 b.
905 953 961 995 e.
998 951 1059 993 ν.
1107 926 1226 992 etsi
1260 925 1398 990 eius
1434 921 1608 987 modi
1648 931 1942 1005 'tempora
1975 929 2196 984 nostra
2231 926 2412 993 sunt,
2453 928 2525 982 ut

464 1026 623 1091 nihil
654 1025 960 1101 habeam,
1011 1020 1192 1106 quod
1235 1028 1349 1084 aut
1381 1041 1422 1082 a
1455 1027 1520 1082 te
1557 1009 1973 1104 [litterarmn]
2011 1022 2382 1097 exspectem
2417 1021 2526 1074 aut

464 1121 603 1206 ipse
632 1118 715 1184 ad
749 1129 811 1184 te
840 1115 1136 1192 scribam,
1171 1125 1387 1178 tamen
1412 1110 1629 1176 nescio
1656 1129 1786 1194 quo
1807 1107 1998 1172 modo
2027 1117 2092 1171 et
2115 1107 2258 1192 ipse
2281 1115 2526 1170 vestras

464 1215 708 1280 litterae
752 1219 1052 1296 exspecto
1089 1219 1155 1272 et
1186 1207 1398 1272 scribo
1434 1204 1518 1269 ad
1552 1225 1699 1281 voe,
1737 1224 1884 1268 cum
1917 1201 2157 1277 habe0,
2193 1198 2310 1283 qui
2341 1199 2524 1264 ferat.

463 1305 812 1374 Volumnia
844 1302 1067 1368 debuit
1098 1301 1167 1366 in
1200 1311 1265 1365 te
1300 1298 1646 1365 officiosior
1688 1319 1858 1372 esee,
1913 1317 2110 1379 quam
2143 1293 2298 1370 fuit,
2351 1304 2422 1358 et
2462 1294 2526 1358 id

438 1400 703 1486 ipsum,
756 1398 932 1484 quod
972 1396 1157 1474 fecit,
1209 1393 1418 1482 potuit
1463 1392 1832 1480 diligentius
1875 1390 2090 1459 facere
2135 1399 2200 1456 et
2245 1391 2524 1457 cautius:

464 1515 857 1578 quamquam
890 1493 1019 1557 alia
1052 1501 1229 1568 sunt,
1264 1512 1431 1574 quae
1465 1487 1674 1576 magis
1709 1507 2007 1554 curemus
2039 1484 2380 1571 magisque
2417 1486 2527 1551 do-

463 1590 740 1666 leamne,
792 1609 961 1672 quae
1002 1609 1108 1652 me
1158 1586 1253 1650 ita
1303 1583 1678 1660 conficiunt,
1730 1581 1828 1647 uti
1881 1581 1942 1646 ei
1993 1580 2364 1660 voluerunt,
2419 1581 2528 1665 qui

466 1706 571 1749 me
604 1683 687 1749 de
720 1705 869 1750 mea
902 1682 1218 1749 sententia
1254 1678 1680 1746 detruserunt.
1769 1697 1954 1753 cura,
1999 1686 2072 1741 ut
2107 1676 2343 1742 valeas.
2433 1698 2526 1761 pr.

465 1777 635 1843 Non.
670 1777 811 1844 Ian.

1399 1921 1591 1978 XVII.

818 2029 936 2086 Ser.
956 2027 1243 2084 Brundisii
1258 2025 1360 2085 VI.
1378 2025 1512 2080 Kal.
1536 2022 1828 2078 Ianuarias
1846 2039 1898 2078 a.
1918 1991 1976 2076 ιι.ι
1994 2040 2043 2076 c.
2063 2023 2184 2076 706.

858 2129 1201 2188 TULLIUS
1238 2123 1686 2187 TERENTIAE
1723 2123 1926 2181 SUAE
1963 2123 2020 2180 S.
2054 2123 2132 2178 D.

594 2242 666 2309 S.
702 2265 764 2308 v.
800 2243 865 2307 b.
894 2265 951 2308 e.
979 2266 1041 2306 v.
1080 2243 1137 2307 ei
1172 2241 1328 2326 quid
1363 2241 1689 2318 haberem,
1725 2238 1903 2324 quod
1937 2237 2021 2304 ad
2058 2248 2124 2304 te
2159 2239 2526 2316 scriberem,

461 2335 740 2402 facerem
771 2334 842 2400 id
872 2347 939 2401 et
970 2336 1263 2421 pluribus
1289 2334 1504 2400 verbis
1539 2346 1605 2399 et
1641 2332 1929 2420 saepius:
1963 2355 2158 2409 nunc,
2195 2354 2366 2416 quae
2405 2335 2532 2398 sint

460 2430 747 2518 negotia,
798 2430 1000 2495 viden.
1090 2451 1213 2516 ego
1248 2439 1466 2494 autem
1512 2451 1644 2514 quo
1680 2427 1872 2494 modo
1909 2428 2029 2492 sim
2065 2427 2391 2506 adfectus,
2453 2452 2534 2494 ex

462 2523 677 2610 Lepta
710 2535 776 2591 et
790 2524 1101 2590 Trebatio
1137 2524 1374 2611 poteris
1413 2545 1828 2610 cognoscere:
1863 2533 1940 2590 tu
1973 2523 2100 2600 fac,
2135 2534 2212 2588 ut
2245 2535 2435 2590 tuam
2470 2536 2533 2591 et

462 2618 715 2686 Tulliae
750 2617 1184 2686 valetudinem
1216 2641 1424 2684 cures.
1478 2619 1640 2683 vale.

1377 2775 1597 2836 XVIII.

806 2879 925 2936 Ser.
944 2879 1185 2935 Formiis
1200 2881 1305 2936 IX.
1326 2879 1459 2936 Kal.
1480 2879 1820 2934 Februarias
1839 2895 1890 2934 a.
1909 2897 1968 2934 u.
1989 2897 2036 2934 c.
2057 2879 2178 2934 706.

464 2978 805 3038 TULLIUS
842 2981 1289 3039 TERENTIAE
1328 2980 1530 3039 SUAE
1563 2981 1666 3043 ΕΤ
1703 2980 1965 3036 PATER
1999 2981 2526 3040 SUAVISSIMAE

582 3065 879 3138 FILIAE,
917 3066 1191 3124 CICERO
1227 3067 1481 3124 MATRI
1513 3065 1616 3121 ET
1655 3065 1935 3122 SORORI
1971 3066 2028 3123 S.
2061 3068 2136 3124 D.
2172 3067 2407 3126 PLUR.

590 3179 1143 3248 Considerandum
1170 3182 1355 3247 vobis
1385 3182 1576 3248 etiam
1602 3193 1796 3266 atque
1814 3183 2026 3259 etiam,
2045 3182 2298 3250 animae
2315 3207 2524 3261 meae,

458 3276 795 3362 diligenter
827 3286 1014 3363 put0‚
1060 3275 1216 3360 quid
1248 3276 1529 3354 faciatiS,
1587 3277 1920 3342 Romaene
1965 3277 2100 3342 sitis
2137 3301 2222 3342 an
2263 3301 2526 3344 mecum
2640 3311 2642 3314 >

456 3369 523 3433 in
559 3370 772 3454 aliquo
818 3380 955 3442 tuto
998 3370 1170 3435 loco:
1222 3370 1293 3434 id
1334 3392 1466 3436 non
1511 3370 1721 3436 solum
1761 3393 1980 3436 meum
2017 3371 2354 3437 consilium
2401 3384 2522 3450 est,

457 3462 572 3528 sed
606 3463 799 3528 etiam
834 3473 1137 3530 vestrum.
1226 3465 1384 3528 mihi
1419 3465 1686 3530 veniunt
1729 3464 1796 3529 in
1830 3475 2112 3532 mentem
2146 3465 2340 3532 haecx
2385 3467 2522 3532 Ro-

454 3578 600 3620 mae
643 3578 759 3622 vos
806 3579 945 3622 esse
989 3567 1131 3622 tuto
1174 3578 1364 3643 posse
1407 3581 1524 3645 per
1566 3555 2010 3637 Dolabellam,
2065 3580 2337 3644 eamque
2381 3583 2524 3626 rem

337 3689 343 3695 -
454 3669 645 3734 posue
678 3649 864 3714 nobis
901 3650 1269 3715 adiumento
1304 3673 1476 3730 esse,
1521 3653 1578 3717 ei
1621 3673 1788 3737 quae
1822 3652 2070 3720 visaeaut
2103 3653 2160 3720 ei
2203 3675 2374 3737 quae
2420 3678 2524 3718 ra-

454 3741 645 3826 pinae
686 3742 827 3808 fieri
869 3743 1223 3830 coeperint3
1276 3745 1392 3809 sed
1433 3767 1654 3811 rursus
1697 3743 1857 3812 illud
1899 3769 2004 3812 me
2039 3757 2283 3825 movet,
2340 3747 2520 3833 quod

454 3833 643 3898 video
694 3837 901 3902 omnis'
953 3837 1157 3902 bonos
1210 3838 1436 3905 abesse
1480 3840 1690 3906 Roma
1741 3849 1808 3906 et
1857 3863 1969 3907 eos
2020 3841 2322 3907 mulieres
2365 3863 2519 3908 suas

456 3945 675 3989 secum
708 3925 965 3996 habere.
1054 3929 1215 3996 haec
1250 3941 1466 3998 autem
1499 3932 1708 4020 regio,
1753 3935 1823 3998 in
1857 3955 1990 4018 qua
2023 3957 2146 4022 ego
2180 3956 2358 4012 sum,
2399 3957 2520 4002 no-

456 4024 731 4081 strorum
766 4031 863 4084 est
897 4043 1047 4088 cum
1081 4025 1493 4110 oppidorum,
1539 4038 1678 4106 tum
1723 4028 1917 4094 etiam
1951 4029 2394 4115 praediorum,
2444 4041 2517 4094 ut
