2675 4559
356 516 386 559 9

337 893 390 936 1⁰

371 1741 398 1780 1

415 263 547 332 210
1026 271 1103 324 Μ.
1142 267 1417 326 TULLII
1450 261 1857 322 CICERONIS

417 412 620 468 totam
655 395 882 466 sustuli
893 420 912 473 3
950 391 1237 460 solebam
1263 389 1439 458 enim
1464 399 1655 455 antea
1684 385 2003 453 debilitari
2029 385 2187 452 oleis
2216 395 2285 452 et
2308 385 2503 452 luca-

419 496 580 564 nicis
631 493 782 560 tuis.
869 489 983 557 sed
1035 487 1194 572 quid
1246 486 1408 552 haec
1458 483 1819 570 loquimur?
1870 481 2065 548 liceat
2112 479 2309 546 modo
2364 479 2500 546 isto

421 572 660 658 vffenire.
747 597 821 650 tu
854 605 1006 650 vero
1039 617 1128 630 --·
1161 581 1307 646 volo
1354 579 1525 646 enim
1568 578 1935 662 abstergere
1971 574 2167 640 animi
2210 574 2310 640 tui
2354 595 2505 639 me-

419 695 562 750 tum
593 717 684 730 —
713 679 798 746 ad
846 675 1310 763 tyrotarichum
1342 674 1679 757 antiquum
1724 670 1885 737 redi.
1972 691 2095 757 ego
2132 667 2251 734 tibi
2288 689 2507 734 unum

421 787 754 862 sumptum
805 773 1127 848 adferam,
1190 768 1367 853 quod
1428 767 1731 834 balneum
1785 763 2085 832 calfacias
2138 761 2504 848 oportebit:

425 881 638 938 cetera
672 889 850 934 more
881 876 1100 932 nostro
1111 889 1128 942 3
1167 862 1497 949 superiora.
1529 862 1639 928 illa
1672 859 1963 926 lusimus.
2016 858 2099 924 de
2132 857 2290 923 villa
2328 854 2511 924 Seli-

425 965 612 1032 ciana
645 973 711 1030 et
745 960 984 1028 curasti
1013 959 1353 1044 diligenter
1387 967 1453 1022 et
1480 954 1789 1042 scripsisti
1820 952 2239 1029 facetissime3
2273 951 2511 1035 itaque

423 1071 582 1147 puto
628 1081 731 1126 me
774 1055 1404 1144 praetermissurum:
1458 1052 1607 1118 salis
1644 1050 1815 1118 enim
1852 1048 2007 1116 satis
2050 1059 2181 1125 est,
2236 1047 2511 1114 sannio-

425 1177 585 1220 num
617 1173 866 1240 parum.
967 1183 972 1188 ·

1361 1379 1553 1438 XVII.

883 1485 1002 1542 Sor.
1021 1485 1237 1542 Romae
1255 1500 1449 1540 mense
1473 1481 1666 1538 Sextili
1688 1499 1739 1538 a.
1763 1499 1817 1536 u.
1833 1498 1882 1537 c.
1903 1480 2021 1536 708.

1167 1586 1445 1674 CICERO
1481 1581 1760 1641 PAETO.

557 1715 623 1782 N
625 1733 709 1781 on
742 1725 816 1780 tu
858 1713 1052 1780 homo
1097 1709 1407 1779 ridiculus
1451 1732 1519 1776 es
1532 1755 1551 1786 ,
1604 1708 1747 1792 qui,
1800 1729 1952 1774 cum
1984 1707 2233 1774 Balbus
2280 1717 2513 1791 noster

432 1812 606 1900 apud
639 1821 704 1878 te
737 1809 952 1886 fuerit,
987 1830 1069 1875 ex
1095 1827 1200 1872 me
1230 1826 1526 1890 quaeras,
1558 1801 1715 1887 quid
1740 1801 1823 1868 de
1858 1801 1997 1868 istis
2031 1799 2407 1888 municipiis
2447 1811 2515 1866 et

431 1907 604 1994 agris
648 1905 941 1970 futurum
993 1899 1254 1988 putem?
1306 1897 1493 1984 quasi
1535 1907 1651 1962 aut
1700 1916 1823 1982 ego
1876 1895 2225 1980 quicquam
2276 1894 2511 1973 sciam,

433 1999 610 2086 quod
643 2000 766 2064 iste
799 1997 1065 2073 nesciat,
1099 2005 1234 2072 aut,
1271 1992 1513 2076 siquid
1540 1989 1885 2075 aliquando
1913 1989 2066 2067 scio,
2098 2011 2230 2056 non
2256 2011 2343 2056 ex
2380 1990 2511 2056 isto

435 2096 676 2160 soleam
710 2091 892 2157 scire.
979 2091 1176 2154 immo
1212 2108 1395 2164 vere,
1440 2085 1498 2150 si
1530 2107 1635 2150 me
1670 2105 1847 2150 amas
1857 2129 1879 2160 ,
1922 2093 1995 2148 tu
2028 2083 2135 2150 fac
2168 2093 2241 2148 ut
2276 2083 2511 2163 sciam,

433 2186 591 2270 quid
620 2185 702 2252 de
727 2184 914 2250 nobis
943 2183 1234 2248 futurum
1261 2181 1371 2258 sit3
1407 2178 1690 2246 habuisti
1717 2179 1887 2244 enim
1920 2177 1988 2244 in
2015 2188 2127 2246 tua
2160 2187 2509 2264 potestate,

435 2303 518 2346 ex
553 2300 682 2363 quo
717 2277 822 2342 vel
857 2300 938 2342 ex
974 2275 1188 2340 sobrio
1223 2275 1328 2340 vel
1362 2284 1533 2340 certe
1560 2297 1645 2342 ex
1683 2273 1859 2340 ebrio
1888 2272 2051 2340 scire
2084 2294 2329 2358 posses.
2390 2273 2512 2340 sed

435 2387 568 2460 ego·
591 2372 746 2449 ista,
801 2371 894 2438 mi
924 2369 1156 2447 Paete,
1208 2391 1339 2434 non
1374 2389 1645 2452 quael-oz
1696 2369 1977 2454 primum
2011 2368 2165 2452 quia
2198 2367 2283 2434 de
2316 2367 2508 2436 lucro

432 2488 636 2553 prope
669 2465 801 2531 iam
833 2463 1330 2550 quadriennium
1364 2462 1670 2540 vivimus,
1718 2463 1774 2528 si
1808 2473 1920 2528 aut
1954 2463 2078 2530 hoc
2110 2463 2369 2529 lucrum
2408 2475 2509 2532 est

435 2571 549 2626 aut
591 2560 752 2628 haec
794 2559 955 2636 vita,
1011 2558 1423 2645 superstitem
1466 2558 1559 2624 rei
1604 2557 1901 2644 publicae
1944 2557 2159 2624 vivere
2170 2582 2189 2635 3
2242 2557 2508 2636 deinde,

433 2655 614 2740 quod
647 2655 809 2722 scire
835 2677 942 2742 ⁶9⁰
971 2671 1228 2738 quoque
1261 2651 1420 2717 mihi
1446 2651 1687 2730 videor,
1723 2653 1881 2737 quid
1912 2652 2203 2718 futurum
2236 2652 2350 2718 sit:
2392 2654 2511 2720 fiet

434 2749 608 2816 enim
643 2750 1096 2832 quodcumque
1141 2748 1361 2814 volent
1406 2747 1519 2831 qui
1552 2747 1859 2814 valebunt
1870 2771 1889 2825 3
1936 2747 2245 2814 valebunt
2278 2759 2511 2816 autem

435 2865 690 2929 semper
739 2865 939 2908 arma.
1047 2841 1200 2908 satis
1262 2841 1463 2928 igitur
1512 2841 1697 2908 nobis
1734 2858 1891 2909 ‘esse
1944 2841 2136 2910 debet
2187 2841 2511 2927 quicquid

435 2936 806 3004 conceditur
819 2961 838 3000 x
914 2937 1048 3024 hoc,
1091 2935 1147 3001 si
1198 2936 1312 3020 qui
1362 2936 1499 3022 pati
1548 2959 1675 3002 non
1728 2936 1967 3022 potuit,
2038 2936 2201 3006 mori
2252 2936 2504 3004 debuit.

436 3030 777 3098 Veientem
821 3029 1082 3114 quidem
1127 3052 1359 3116 agrum
1401 3041 1467 3097 et
1504 3028 1903 3116 Capenatem
1944 3031 2324 3109 metiuntur3
2376 3031 2509 3098 hoc

433 3145 566 3191 non
599 3126 792 3210 longe
825 3124 1010 3191 abest
1041 3147 1084 3190 a
1115 3123 1507 3192 Tusculano.
1594 3123 1757 3190 nihil
1788 3135 2005 3208 tamen
2038 3125 2259 3192 timeox
2296 3125 2505 3205 fruor,

433 3219 593 3286 dum
627 3218 807 3298 licet3
843 3229 1014 3306 opto,
1049 3211 1126 3286 ut
1155 3241 1412 3305 semper
1442 3219 1651 3286 liceat.
1705 3219 1763 3284 si
1794 3218 1865 3285 id
1898 3209 2109 3285 minus
2137 3217 2505 3306 contigerit,

435 3324 674 3391 tamen,
699 3313 1005 3400 quoniam
1029 3335 1156 3400 ego
1172 3314 1272 3380 vir
1297 3313 1481 3382 fortis
1506 3313 1809 3398 idemque
1834 3313 2251 3400 philosophus
2281 3315 2503 3381 vivere

436 3407 940 3497 pulcherrimum
971 3408 1152 3485 duxi,
1189 3430 1321 3474 non
1353 3429 1619 3494 possum
1644 3431 1795 3474 eum
1821 3430 1953 3474 non
1986 3408 2274 3494 diligere,
2312 3409 2498 3474 cuius

435 3499 746 3568 beneficio
781 3501 850 3568 id
883 3511 1264 3570 consecutus
1301 3519 1477 3580 sum3
1521 3502 1636 3586 qui
1678 3503 1735 3568 si
1779 3503 1997 3590 cupiat
2028 3523 2170 3568 esse
2202 3525 2501 3589 rempu-

387 3681 390 3684 .
435 3593 703 3672 blicam,
748 3595 1007 3679 qualem
1039 3595 1314 3663 fortasse
1348 3607 1415 3662 et
1458 3595 1569 3663 ille
1603 3597 1739 3664 volt
1772 3607 1839 3664 et
1872 3619 2093 3665 omnes
2128 3606 2350 3682 optare
2384 3597 2501 3662 de·

435 3685 695 3765 bemus,
746 3689 904 3773 quid
938 3689 1134 3756 faciat
1175 3699 1395 3756 tamen
1427 3712 1559 3758 non
1591 3689 1815 3769 habet3
1868 3690 1960 3758 ita
1992 3713 2063 3758 se
2098 3711 2244 3758 cum
2278 3689 2501 3756 multis

376 3800 404 3842 s
439 3781 806 3869 conligavit.
894 3783 1011 3849 sed
1051 3783 1308 3871 long-ius
1354 3785 1758 3872 progredior'3
1812 3785 2021 3854 scribo
2070 3783 2241 3853 enim
2284 3784 2371 3852 ad
2413 3795 2499 3851 te.

435 3873 560 3942 hoc
589 3887 806 3944 tamen
833 3878 1013 3957 scito,
1041 3901 1171 3946 non
1196 3880 1393 3946 modo
1412 3900 1540 3959 me,
1568 3880 1680 3966 qui
1704 3879 1987 3946 consiliis
2011 3901 2145 3946 non
2166 3880 2497 3955 intersum,

437 3969 554 4034 sed
585 3991 670 4036 ne
703 3971 919 4057 ipsum
953 3973 1214 4060 quidem
1246 3975 1603 4062 principem
1637 3974 1831 4054 scire,
1866 3974 2025 4060 quid
2056 3973 2351 4040 futumm
2382 3973 2467 4040 sit
2474 3997 2495 4049 3

433 4081 554 4126 nos
581 4061 752 4132 enim
774 4065 878 4130 ini
911 4066 1245 4147 servimus,
1277 4069 1419 4158 ipse
1444 4066 1869 4158 temporibus:
1904 4069 1995 4136 ita
2020 4091 2141 4136 nec
2174 4067 2300 4145 ille,
2336 4066 2497 4154 quid
