<?xml version="1.0" encoding="UTF-8"?>
<!DOCTYPE html PUBLIC "-//W3C//DTD XHTML 1.0 Transitional//EN"
    "http://www.w3.org/TR/xhtml1/DTD/xhtml1-transitional.dtd">
<html xmlns="http://www.w3.org/1999/xhtml" xml:lang="en" lang="en">
 <head>
  <title>
</title>
<meta http-equiv="Content-Type" content="text/html;charset=utf-8" />
  <meta name='ocr-system' content='tesseract 3.04.00' />
  <meta name='ocr-capabilities' content='ocr_page ocr_carea ocr_par ocr_line ocrx_word'/>
</head>
<body>
  <div class='ocr_page' id='page_1' title='image "./mtulliiciceroni12unkngoog/mtulliiciceroni12unkngoog_0279.png"; bbox 0 0 2675 4559; ppageno 0'>
   <div class='ocr_carea' id='block_1_1' title="bbox 113 4 753 145">
    <p class='ocr_par' dir='ltr' id='par_1_1' title="bbox 113 4 753 145">
     <span class='ocr_line' id='line_1_1' title="bbox 113 4 753 17; baseline -0.009 -5"><span class='ocrx_word' id='word_1_1' title='bbox 113 9 134 12; x_wconf 40' lang='lat'><strong>*-</strong></span> <span class='ocrx_word' id='word_1_2' title='bbox 617 4 753 17; x_wconf 48' lang='grc' dir='ltr'><strong>π-.</strong></span> 
     </span>
     <span class='ocr_line' id='line_1_2' title="bbox 141 5 679 116; baseline -0.002 -29"><span class='ocrx_word' id='word_1_3' title='bbox 141 5 608 116; x_wconf 60' lang='lat' dir='ltr'>W</span> <span class='ocrx_word' id='word_1_4' title='bbox 660 31 679 49; x_wconf 47' lang='grc' dir='ltr'><strong>..ἶ</strong></span> 
     </span>
     <span class='ocr_line' id='line_1_3' title="bbox 243 98 456 129; baseline 0 -8"><span class='ocrx_word' id='word_1_5' title='bbox 243 111 257 121; x_wconf 67' lang='grc' dir='ltr'>ι</span> <span class='ocrx_word' id='word_1_6' title='bbox 319 98 349 126; x_wconf 29' lang='grc' dir='ltr'><strong>ὓ,</strong></span> <span class='ocrx_word' id='word_1_7' title='bbox 391 104 456 129; x_wconf 64' lang='lat'><strong>⁶--</strong></span> 
     </span>
     <span class='ocr_line' id='line_1_4' title="bbox 289 135 326 145; baseline -0.054 0"><span class='ocrx_word' id='word_1_8' title='bbox 289 135 326 145; x_wconf 58' lang='lat' dir='ltr'><strong>a.</strong></span> 
     </span>
    </p>
   </div>
   <div class='ocr_carea' id='block_1_2' title="bbox 669 297 2204 366">
    <p class='ocr_par' dir='ltr' id='par_1_2' title="bbox 669 297 2204 366">
     <span class='ocr_line' id='line_1_5' title="bbox 669 297 2204 366; baseline 0.008 -13"><span class='ocrx_word' id='word_1_9' title='bbox 669 306 680 311; x_wconf 84' lang='lat'><strong>·</strong></span> <span class='ocrx_word' id='word_1_10' title='bbox 747 297 1306 358; x_wconf 74' lang='lat' dir='ltr'>EPISTOLARUM</span> <span class='ocrx_word' id='word_1_11' title='bbox 1335 301 1442 359; x_wconf 82' lang='grc' dir='ltr'><strong>ΙΧ.</strong></span> <span class='ocrx_word' id='word_1_12' title='bbox 1480 304 1600 359; x_wconf 84' lang='lat'><strong>2.3.</strong></span> <span class='ocrx_word' id='word_1_13' title='bbox 2077 297 2204 366; x_wconf 82' lang='lat'><strong>195</strong></span> 
     </span>
    </p>
   </div>
   <div class='ocr_carea' id='block_1_3' title="bbox 153 420 2260 1923">
    <p class='ocr_par' dir='ltr' id='par_1_3' title="bbox 43 420 2260 1926">
     <span class='ocr_line' id='line_1_6' title="bbox 177 420 2202 517; baseline 0.006 -30"><span class='ocrx_word' id='word_1_14' title='bbox 177 423 398 491; x_wconf 85' lang='lat' dir='ltr'><strong>fectum</strong></span> <span class='ocrx_word' id='word_1_15' title='bbox 429 423 542 499; x_wconf 85' lang='lat' dir='ltr'><strong>sit;</strong></span> <span class='ocrx_word' id='word_1_16' title='bbox 578 420 938 489; x_wconf 85' lang='lat' dir='ltr'><strong>confectum</strong></span> <span class='ocrx_word' id='word_1_17' title='bbox 971 423 1145 489; x_wconf 88' lang='lat' dir='ltr'><strong>enim</strong></span> <span class='ocrx_word' id='word_1_18' title='bbox 1179 446 1319 491; x_wconf 89' lang='lat' dir='ltr'><strong>esse</strong></span> <span class='ocrx_word' id='word_1_19' title='bbox 1356 425 1668 493; x_wconf 85' lang='lat' dir='ltr'><strong>existimo.</strong></span> <span class='ocrx_word' id='word_1_20' title='bbox 1731 430 1951 517; x_wconf 84' lang='lat' dir='ltr'><strong>magni</strong></span> <span class='ocrx_word' id='word_1_21' title='bbox 1986 442 2202 514; x_wconf 86' lang='lat' dir='ltr'><strong>autem</strong></span> 
     </span>
     <span class='ocr_line' id='line_1_7' title="bbox 177 515 2197 607; baseline 0.006 -24"><span class='ocrx_word' id='word_1_22' title='bbox 177 515 459 593; x_wconf 88' lang='lat' dir='ltr'><strong>intererit,</strong></span> <span class='ocrx_word' id='word_1_23' title='bbox 513 516 624 601; x_wconf 90' lang='lat' dir='ltr'><strong>qui</strong></span> <span class='ocrx_word' id='word_1_24' title='bbox 667 516 860 583; x_wconf 82' lang='lat' dir='ltr'><strong>fuerit</strong></span> <span class='ocrx_word' id='word_1_25' title='bbox 906 517 1160 585; x_wconf 85' lang='lat' dir='ltr'><strong>victoris</strong></span> <span class='ocrx_word' id='word_1_26' title='bbox 1203 518 1487 598; x_wconf 86' lang='lat' dir='ltr'><strong>animus,</strong></span> <span class='ocrx_word' id='word_1_27' title='bbox 1539 522 1652 607; x_wconf 91' lang='lat' dir='ltr'><strong>qui</strong></span> <span class='ocrx_word' id='word_1_28' title='bbox 1692 524 1903 591; x_wconf 82' lang='lat' dir='ltr'><strong>exitus</strong></span> <span class='ocrx_word' id='word_1_29' title='bbox 1953 548 2197 607; x_wconf 81' lang='lat' dir='ltr'><strong>rerum3</strong></span> 
     </span>
     <span class='ocr_line' id='line_1_8' title="bbox 175 612 2199 708; baseline 0.005 -32"><span class='ocrx_word' id='word_1_30' title='bbox 175 632 541 696; x_wconf 83' lang='lat' dir='ltr'><strong>quamquam</strong></span> <span class='ocrx_word' id='word_1_31' title='bbox 567 632 696 695; x_wconf 91' lang='lat' dir='ltr'><strong>quo</strong></span> <span class='ocrx_word' id='word_1_32' title='bbox 722 634 826 679; x_wconf 90' lang='lat' dir='ltr'><strong>me</strong></span> <span class='ocrx_word' id='word_1_33' title='bbox 856 612 1221 677; x_wconf 89' lang='lat' dir='ltr'><strong>coniectura</strong></span> <span class='ocrx_word' id='word_1_34' title='bbox 1247 613 1460 691; x_wconf 87' lang='lat' dir='ltr'><strong>ducat,</strong></span> <span class='ocrx_word' id='word_1_35' title='bbox 1494 615 1723 696; x_wconf 88' lang='lat' dir='ltr'><strong>habeo,</strong></span> <span class='ocrx_word' id='word_1_36' title='bbox 1760 619 1875 686; x_wconf 88' lang='lat' dir='ltr'><strong>sed</strong></span> <span class='ocrx_word' id='word_1_37' title='bbox 1900 633 2199 708; x_wconf 85' lang='lat' dir='ltr'><strong>exspecto</strong></span> 
     </span>
     <span class='ocr_line' id='line_1_9' title="bbox 173 706 2260 794; baseline 0.003 -23"><span class='ocrx_word' id='word_1_38' title='bbox 173 718 381 772; x_wconf 81' lang='lat' dir='ltr'><strong>tamen.</strong></span> <span class='ocrx_word' id='word_1_39' title='bbox 467 716 531 771; x_wconf 84' lang='lat' dir='ltr'><strong>te</strong></span> <span class='ocrx_word' id='word_1_40' title='bbox 574 726 728 773; x_wconf 81' lang='lat' dir='ltr'><strong>vero</strong></span> <span class='ocrx_word' id='word_1_41' title='bbox 773 706 960 783; x_wconf 86' lang='lat' dir='ltr'><strong>nolo,</strong></span> <span class='ocrx_word' id='word_1_42' title='bbox 1006 706 1132 772; x_wconf 90' lang='lat' dir='ltr'><strong>nisi</strong></span> <span class='ocrx_word' id='word_1_43' title='bbox 1181 707 1320 794; x_wconf 87' lang='lat' dir='ltr'><strong>ipse</strong></span> <span class='ocrx_word' id='word_1_44' title='bbox 1364 731 1582 775; x_wconf 88' lang='lat' dir='ltr'><strong>rumor</strong></span> <span class='ocrx_word' id='word_1_45' title='bbox 1623 712 1753 777; x_wconf 89' lang='lat' dir='ltr'><strong>iam</strong></span> <span class='ocrx_word' id='word_1_46' title='bbox 1803 736 2037 781; x_wconf 87' lang='lat' dir='ltr'><strong>raucus</strong></span> <span class='ocrx_word' id='word_1_47' title='bbox 2079 717 2196 782; x_wconf 87' lang='lat' dir='ltr'><strong>erit</strong></span> <span class='ocrx_word' id='word_1_48' title='bbox 2232 737 2260 778; x_wconf 85' lang='lat'>5</span> 
     </span>
     <span class='ocr_line' id='line_1_10' title="bbox 173 799 2199 887; baseline 0.005 -23"><span class='ocrx_word' id='word_1_49' title='bbox 173 800 375 877; x_wconf 71' lang='lat' dir='ltr'><strong>factae,</strong></span> <span class='ocrx_word' id='word_1_50' title='bbox 411 799 497 865; x_wconf 88' lang='lat' dir='ltr'><strong>ad</strong></span> <span class='ocrx_word' id='word_1_51' title='bbox 522 799 720 868; x_wconf 87' lang='lat' dir='ltr'><strong>Baias</strong></span> <span class='ocrx_word' id='word_1_52' title='bbox 755 800 1002 867; x_wconf 88' lang='lat' dir='ltr'><strong>venire·</strong></span> <span class='ocrx_word' id='word_1_53' title='bbox 984 849 1004 880; x_wconf 90' lang='lat'><strong>,</strong></span> <span class='ocrx_word' id='word_1_54' title='bbox 1043 802 1162 867; x_wconf 88' lang='lat' dir='ltr'><strong>erit</strong></span> <span class='ocrx_word' id='word_1_55' title='bbox 1197 801 1369 869; x_wconf 87' lang='lat' dir='ltr'><strong>enim</strong></span> <span class='ocrx_word' id='word_1_56' title='bbox 1402 803 1588 869; x_wconf 87' lang='lat' dir='ltr'><strong>nobis</strong></span> <span class='ocrx_word' id='word_1_57' title='bbox 1622 805 1969 887; x_wconf 80' lang='lat' dir='ltr'>honestius,</span> <span class='ocrx_word' id='word_1_58' title='bbox 2006 809 2199 877; x_wconf 84' lang='lat' dir='ltr'><strong>etiam</strong></span> 
     </span>
     <span class='ocr_line' id='line_1_11' title="bbox 173 892 2199 989; baseline 0.005 -30"><span class='ocrx_word' id='word_1_59' title='bbox 173 916 298 960; x_wconf 82' lang='lat' dir='ltr'><strong>cum</strong></span> <span class='ocrx_word' id='word_1_60' title='bbox 329 894 478 960; x_wconf 89' lang='lat' dir='ltr'><strong>hinc</strong></span> <span class='ocrx_word' id='word_1_61' title='bbox 515 892 1012 973; x_wconf 78' lang='lat' dir='ltr'><strong>discesserimus,</strong></span> <span class='ocrx_word' id='word_1_62' title='bbox 1049 895 1250 963; x_wconf 88' lang='lat' dir='ltr'><strong>videri</strong></span> <span class='ocrx_word' id='word_1_63' title='bbox 1285 898 1535 965; x_wconf 83' lang='lat' dir='ltr'><strong>venisse</strong></span> <span class='ocrx_word' id='word_1_64' title='bbox 1570 899 1638 963; x_wconf 92' lang='lat' dir='ltr'><strong>in</strong></span> <span class='ocrx_word' id='word_1_65' title='bbox 1672 899 1780 965; x_wconf 85' lang='lat' dir='ltr'><strong>illa</strong></span> <span class='ocrx_word' id='word_1_66' title='bbox 1814 900 1957 968; x_wconf 87' lang='lat' dir='ltr'><strong>loca</strong></span> <span class='ocrx_word' id='word_1_67' title='bbox 1988 904 2199 989; x_wconf 81' lang='lat' dir='ltr'><strong>plora-</strong></span> 
     </span>
     <span class='ocr_line' id='line_1_12' title="bbox 174 989 2197 1075; baseline 0.004 -22"><span class='ocrx_word' id='word_1_68' title='bbox 174 999 287 1053; x_wconf 86' lang='lat' dir='ltr'><strong>tum</strong></span> <span class='ocrx_word' id='word_1_69' title='bbox 333 989 545 1075; x_wconf 87' lang='lat' dir='ltr'><strong>potius</strong></span> <span class='ocrx_word' id='word_1_70' title='bbox 591 1012 776 1075; x_wconf 78' lang='lat' dir='ltr'><strong>quam</strong></span> <span class='ocrx_word' id='word_1_71' title='bbox 820 1000 1130 1055; x_wconf 87' lang='lat' dir='ltr'><strong>natatum.</strong></span> <span class='ocrx_word' id='word_1_72' title='bbox 1219 990 1335 1057; x_wconf 90' lang='lat' dir='ltr'><strong>sed</strong></span> <span class='ocrx_word' id='word_1_73' title='bbox 1380 991 1539 1059; x_wconf 85' lang='lat' dir='ltr'><strong>haec</strong></span> <span class='ocrx_word' id='word_1_74' title='bbox 1583 1004 1655 1058; x_wconf 91' lang='grc' dir='ltr'><strong>ιιι</strong></span> <span class='ocrx_word' id='word_1_75' title='bbox 1698 994 1953 1061; x_wconf 89' lang='lat' dir='ltr'><strong>melius·</strong></span> <span class='ocrx_word' id='word_1_76' title='bbox 2006 997 2197 1062; x_wconf 92' lang='lat' dir='ltr'><strong>modo</strong></span> 
     </span>
     <span class='ocr_line' id='line_1_13' title="bbox 171 1082 2199 1172; baseline 0.003 -25"><span class='ocrx_word' id='word_1_77' title='bbox 171 1082 328 1147; x_wconf 84' lang='lat' dir='ltr'><strong>nobis</strong></span> <span class='ocrx_word' id='word_1_78' title='bbox 369 1092 498 1149; x_wconf 86' lang='lat' dir='ltr'><strong>stet</strong></span> <span class='ocrx_word' id='word_1_79' title='bbox 537 1082 730 1159; x_wconf 91' lang='lat' dir='ltr'><strong>illud,</strong></span> <span class='ocrx_word' id='word_1_80' title='bbox 783 1106 915 1149; x_wconf 83' lang='lat' dir='ltr'><strong>una</strong></span> <span class='ocrx_word' id='word_1_81' title='bbox 948 1084 1164 1151; x_wconf 85' lang='lat' dir='ltr'><strong>vivere</strong></span> <span class='ocrx_word' id='word_1_82' title='bbox 1205 1084 1273 1149; x_wconf 88' lang='lat' dir='ltr'><strong>in</strong></span> <span class='ocrx_word' id='word_1_83' title='bbox 1309 1085 1535 1151; x_wconf 87' lang='lat' dir='ltr'><strong>studiis</strong></span> <span class='ocrx_word' id='word_1_84' title='bbox 1579 1087 1839 1166; x_wconf 86' lang='lat' dir='ltr'><strong>nostris,</strong></span> <span class='ocrx_word' id='word_1_85' title='bbox 1894 1110 1935 1152; x_wconf 88' lang='lat' dir='ltr'><strong>a</strong></span> <span class='ocrx_word' id='word_1_86' title='bbox 1967 1088 2199 1172; x_wconf 85' lang='lat' dir='ltr'><strong>quibus</strong></span> 
     </span>
     <span class='ocr_line' id='line_1_14' title="bbox 171 1162 2198 1289; baseline 0.004 -48"><span class='ocrx_word' id='word_1_87' title='bbox 171 1187 332 1243; x_wconf 72' lang='lat' dir='ltr'><strong>antea</strong></span> <span class='ocrx_word' id='word_1_88' title='bbox 373 1162 862 1243; x_wconf 74' lang='lat' dir='ltr'><strong>delectationem</strong></span> <span class='ocrx_word' id='word_1_89' title='bbox 906 1179 1098 1245; x_wconf 90' lang='lat' dir='ltr'><strong>modo</strong></span> <span class='ocrx_word' id='word_1_90' title='bbox 1143 1178 1549 1289; x_wconf 75' lang='lat' dir='ltr'><strong>petebamus,</strong></span> <span class='ocrx_word' id='word_1_91' title='bbox 1602 1204 1775 1248; x_wconf 82' lang='lat' dir='ltr'><strong>nunc</strong></span> <span class='ocrx_word' id='word_1_92' title='bbox 1818 1204 1971 1249; x_wconf 87' lang='lat' dir='ltr'><strong>vero</strong></span> <span class='ocrx_word' id='word_1_93' title='bbox 2006 1183 2198 1251; x_wconf 87' lang='lat' dir='ltr'><strong>etiam</strong></span> 
     </span>
     <span class='ocr_line' id='line_1_15' title="bbox 171 1270 2194 1357; baseline 0.003 -22"><span class='ocrx_word' id='word_1_94' title='bbox 171 1270 444 1348; x_wconf 76' lang='lat' dir='ltr'><strong>salutem3</strong></span> <span class='ocrx_word' id='word_1_95' title='bbox 499 1292 632 1335; x_wconf 91' lang='lat' dir='ltr'><strong>non</strong></span> <span class='ocrx_word' id='word_1_96' title='bbox 667 1271 916 1349; x_wconf 80' lang='lat' dir='ltr'><strong>deesse,</strong></span> <span class='ocrx_word' id='word_1_97' title='bbox 969 1272 1026 1339; x_wconf 90' lang='lat' dir='ltr'><strong>si</strong></span> <span class='ocrx_word' id='word_1_98' title='bbox 1059 1273 1203 1357; x_wconf 89' lang='lat' dir='ltr'><strong>quis</strong></span> <span class='ocrx_word' id='word_1_99' title='bbox 1239 1274 1543 1341; x_wconf 86' lang='lat' dir='ltr'><strong>adhibere</strong></span> <span class='ocrx_word' id='word_1_100' title='bbox 1580 1276 1779 1355; x_wconf 81' lang='lat' dir='ltr'><strong>volet,</strong></span> <span class='ocrx_word' id='word_1_101' title='bbox 1831 1298 1963 1343; x_wconf 89' lang='lat' dir='ltr'><strong>non</strong></span> <span class='ocrx_word' id='word_1_102' title='bbox 2004 1277 2194 1345; x_wconf 87' lang='lat' dir='ltr'><strong>modo</strong></span> 
     </span>
     <span class='ocr_line' id='line_1_16' title="bbox 169 1364 2191 1446; baseline 0.005 -17"><span class='ocrx_word' id='word_1_103' title='bbox 169 1376 230 1429; x_wconf 87' lang='lat' dir='ltr'><strong>ut</strong></span> <span class='ocrx_word' id='word_1_104' title='bbox 257 1364 657 1440; x_wconf 71' lang='lat' dir='ltr'><strong>architectos,</strong></span> <span class='ocrx_word' id='word_1_105' title='bbox 709 1385 934 1431; x_wconf 79' lang='lat' dir='ltr'><strong>verum</strong></span> <span class='ocrx_word' id='word_1_106' title='bbox 969 1368 1162 1433; x_wconf 86' lang='lat' dir='ltr'><strong>etiam</strong></span> <span class='ocrx_word' id='word_1_107' title='bbox 1195 1380 1266 1434; x_wconf 87' lang='lat' dir='ltr'><strong>ut</strong></span> <span class='ocrx_word' id='word_1_108' title='bbox 1309 1368 1559 1446; x_wconf 84' lang='lat' dir='ltr'><strong>fabros,</strong></span> <span class='ocrx_word' id='word_1_109' title='bbox 1614 1368 1697 1436; x_wconf 86' lang='lat' dir='ltr'><strong>ad</strong></span> <span class='ocrx_word' id='word_1_110' title='bbox 1732 1370 2191 1439; x_wconf 80' lang='lat' dir='ltr'><strong>aedificandam</strong></span> 
     </span>
     <span class='ocr_line' id='line_1_17' title="bbox 163 1458 2195 1546; baseline 0.006 -24"><span class='ocrx_word' id='word_1_111' title='bbox 163 1480 282 1523; x_wconf 84' lang='lat' dir='ltr'><strong>rem</strong></span> <span class='ocrx_word' id='word_1_112' title='bbox 301 1458 649 1544; x_wconf 85' lang='lat' dir='ltr'><strong>publicam,</strong></span> <span class='ocrx_word' id='word_1_113' title='bbox 678 1468 742 1525; x_wconf 85' lang='lat' dir='ltr'><strong>et</strong></span> <span class='ocrx_word' id='word_1_114' title='bbox 765 1459 977 1546; x_wconf 87' lang='lat' dir='ltr'><strong>potius</strong></span> <span class='ocrx_word' id='word_1_115' title='bbox 1001 1460 1276 1529; x_wconf 81' lang='lat' dir='ltr'><strong>libenter</strong></span> <span class='ocrx_word' id='word_1_116' title='bbox 1303 1483 1663 1530; x_wconf 85' lang='lat' dir='ltr'><strong>accurrere.</strong></span> <span class='ocrx_word' id='word_1_117' title='bbox 1692 1464 1749 1530; x_wconf 85' lang='lat' dir='ltr'><strong>si</strong></span> <span class='ocrx_word' id='word_1_118' title='bbox 1774 1485 1964 1533; x_wconf 84' lang='lat' dir='ltr'><strong>nemo</strong></span> <span class='ocrx_word' id='word_1_119' title='bbox 1980 1477 2195 1533; x_wconf 82' lang='lat' dir='ltr'><strong>utetur</strong></span> 
     </span>
     <span class='ocr_line' id='line_1_18' title="bbox 161 1553 2195 1640; baseline 0.004 -24"><span class='ocrx_word' id='word_1_120' title='bbox 161 1572 357 1637; x_wconf 84' lang='lat' dir='ltr'><strong>opera,</strong></span> <span class='ocrx_word' id='word_1_121' title='bbox 389 1563 609 1619; x_wconf 89' lang='lat' dir='ltr'><strong>tamen</strong></span> <span class='ocrx_word' id='word_1_122' title='bbox 643 1562 710 1618; x_wconf 90' lang='lat' dir='ltr'><strong>et</strong></span> <span class='ocrx_word' id='word_1_123' title='bbox 742 1553 1018 1619; x_wconf 88' lang='lat' dir='ltr'><strong>scribere</strong></span> <span class='ocrx_word' id='word_1_124' title='bbox 1052 1565 1118 1619; x_wconf 86' lang='lat' dir='ltr'><strong>et</strong></span> <span class='ocrx_word' id='word_1_125' title='bbox 1149 1555 1365 1640; x_wconf 84' lang='lat' dir='ltr'><strong>legere</strong></span> <span class='ocrx_word' id='word_1_126' title='bbox 1399 1557 1741 1634; x_wconf 78' lang='grc' dir='ltr'><strong><em>πολιτείας</em></strong></span> <span class='ocrx_word' id='word_1_127' title='bbox 1776 1568 1859 1635; x_wconf 86' lang='lat' dir='ltr'><strong>et,</strong></span> <span class='ocrx_word' id='word_1_128' title='bbox 1896 1560 1950 1624; x_wconf 87' lang='lat' dir='ltr'><strong>si</strong></span> <span class='ocrx_word' id='word_1_129' title='bbox 1984 1560 2195 1625; x_wconf 87' lang='lat' dir='ltr'><strong>minus</strong></span> 
     </span>
     <span class='ocr_line' id='line_1_19' title="bbox 157 1645 2195 1731; baseline 0.004 -20"><span class='ocrx_word' id='word_1_130' title='bbox 157 1645 220 1711; x_wconf 88' lang='lat' dir='ltr'><strong>in</strong></span> <span class='ocrx_word' id='word_1_131' title='bbox 249 1646 418 1713; x_wconf 87' lang='lat' dir='ltr'><strong>curia</strong></span> <span class='ocrx_word' id='word_1_132' title='bbox 445 1658 640 1731; x_wconf 87' lang='lat' dir='ltr'><strong>atque</strong></span> <span class='ocrx_word' id='word_1_133' title='bbox 667 1646 734 1711; x_wconf 87' lang='lat' dir='ltr'><strong>in</strong></span> <span class='ocrx_word' id='word_1_134' title='bbox 767 1646 929 1725; x_wconf 85' lang='lat' dir='ltr'><strong>foro,</strong></span> <span class='ocrx_word' id='word_1_135' title='bbox 966 1658 1031 1713; x_wconf 88' lang='lat' dir='ltr'><strong>at</strong></span> <span class='ocrx_word' id='word_1_136' title='bbox 1055 1646 1126 1712; x_wconf 85' lang='lat' dir='ltr'><strong>in</strong></span> <span class='ocrx_word' id='word_1_137' title='bbox 1157 1648 1384 1713; x_wconf 87' lang='lat' dir='ltr'><strong>litteris</strong></span> <span class='ocrx_word' id='word_1_138' title='bbox 1410 1658 1475 1713; x_wconf 87' lang='lat' dir='ltr'><strong>et</strong></span> <span class='ocrx_word' id='word_1_139' title='bbox 1507 1647 1705 1727; x_wconf 87' lang='lat' dir='ltr'><strong>libris,</strong></span> <span class='ocrx_word' id='word_1_140' title='bbox 1742 1661 1814 1715; x_wconf 86' lang='lat' dir='ltr'><strong>ut</strong></span> <span class='ocrx_word' id='word_1_141' title='bbox 1848 1652 2195 1719; x_wconf 81' lang='lat' dir='ltr'><strong>doctissimi</strong></span> 
     </span>
     <span class='ocr_line' id='line_1_20' title="bbox 159 1739 2193 1827; baseline 0.002 -23"><span class='ocrx_word' id='word_1_142' title='bbox 159 1756 386 1807; x_wconf 84' lang='lat' dir='ltr'><strong>veteres</strong></span> <span class='ocrx_word' id='word_1_143' title='bbox 420 1739 734 1819; x_wconf 88' lang='lat' dir='ltr'><strong>fecerunt,</strong></span> <span class='ocrx_word' id='word_1_144' title='bbox 765 1741 1128 1827; x_wconf 85' lang='lat' dir='ltr'><strong>gubernare</strong></span> <span class='ocrx_word' id='word_1_145' title='bbox 1163 1762 1300 1806; x_wconf 89' lang='lat' dir='ltr'><strong>rem</strong></span> <span class='ocrx_word' id='word_1_146' title='bbox 1336 1740 1661 1826; x_wconf 84' lang='lat' dir='ltr'><strong>publicam</strong></span> <span class='ocrx_word' id='word_1_147' title='bbox 1696 1752 1760 1807; x_wconf 91' lang='lat' dir='ltr'><strong>et</strong></span> <span class='ocrx_word' id='word_1_148' title='bbox 1794 1743 1875 1809; x_wconf 88' lang='lat' dir='ltr'><strong>de</strong></span> <span class='ocrx_word' id='word_1_149' title='bbox 1910 1744 2193 1809; x_wconf 85' lang='lat' dir='ltr'><strong>moribus</strong></span> 
     </span>
     <span class='ocr_line' id='line_1_21' title="bbox 153 1834 2193 1923; baseline 0.003 -23.693"><span class='ocrx_word' id='word_1_150' title='bbox 153 1856 228 1899; x_wconf 77' lang='lat' dir='ltr'><strong>ac</strong></span> <span class='ocrx_word' id='word_1_151' title='bbox 271 1835 522 1923; x_wconf 86' lang='lat' dir='ltr'><strong>legibus</strong></span> <span class='ocrx_word' id='word_1_152' title='bbox 568 1856 894 1918; x_wconf 77' lang='lat' dir='ltr'><strong>quaerere.</strong></span> <span class='ocrx_word' id='word_1_153' title='bbox 995 1834 1154 1899; x_wconf 87' lang='lat' dir='ltr'><strong>mihi</strong></span> <span class='ocrx_word' id='word_1_154' title='bbox 1195 1834 1359 1901; x_wconf 84' lang='lat' dir='ltr'><strong>haec</strong></span> <span class='ocrx_word' id='word_1_155' title='bbox 1402 1834 1725 1901; x_wconf 87' lang='lat' dir='ltr'><strong>videntur·</strong></span> <span class='ocrx_word' id='word_1_156' title='bbox 1780 1844 1852 1901; x_wconf 87' lang='lat' dir='ltr'><strong>tu</strong></span> <span class='ocrx_word' id='word_1_157' title='bbox 1896 1837 2055 1921; x_wconf 87' lang='lat' dir='ltr'><strong>quid</strong></span> <span class='ocrx_word' id='word_1_158' title='bbox 2106 1837 2193 1905; x_wconf 88' lang='lat' dir='ltr'><strong>sis</strong></span> 
     </span>
    </p>
   </div>
   <div class='ocr_carea' id='block_1_4' title="bbox 43 1929 2194 2111">
    <p class='ocr_par' dir='ltr' id='par_1_4' title="bbox 43 1929 2194 2111">
     <span class='ocr_line' id='line_1_22' title="bbox 43 1929 2194 2015; baseline 0.002 -20"><span class='ocrx_word' id='word_1_159' title='bbox 43 1929 46 1978; x_wconf 72' lang='lat'>3</span> <span class='ocrx_word' id='word_1_160' title='bbox 155 1940 396 1995; x_wconf 83' lang='lat' dir='ltr'><strong>acturus</strong></span> <span class='ocrx_word' id='word_1_161' title='bbox 441 1940 507 1995; x_wconf 84' lang='lat' dir='ltr'><strong>et</strong></span> <span class='ocrx_word' id='word_1_162' title='bbox 559 1930 715 2014; x_wconf 90' lang='lat' dir='ltr'><strong>quid</strong></span> <span class='ocrx_word' id='word_1_163' title='bbox 755 1930 874 1995; x_wconf 92' lang='lat' dir='ltr'><strong>tibi</strong></span> <span class='ocrx_word' id='word_1_164' title='bbox 923 1930 1202 2015; x_wconf 84' lang='lat' dir='ltr'><strong>placeat,</strong></span> <span class='ocrx_word' id='word_1_165' title='bbox 1256 1940 1627 2015; x_wconf 85' lang='lat' dir='ltr'><strong>pergratum</strong></span> <span class='ocrx_word' id='word_1_166' title='bbox 1671 1930 1818 2009; x_wconf 89' lang='lat' dir='ltr'><strong>erit,</strong></span> <span class='ocrx_word' id='word_1_167' title='bbox 1864 1930 1919 1996; x_wconf 85' lang='lat' dir='ltr'><strong>si</strong></span> <span class='ocrx_word' id='word_1_168' title='bbox 1964 1930 2048 1997; x_wconf 90' lang='lat' dir='ltr'><strong>ad</strong></span> <span class='ocrx_word' id='word_1_169' title='bbox 2092 1954 2194 1999; x_wconf 87' lang='lat' dir='ltr'><strong>me</strong></span> 
     </span>
     <span class='ocr_line' id='line_1_23' title="bbox 43 2023 485 2111; baseline -0.012 -17"><span class='ocrx_word' id='word_1_170' title='bbox 43 2091 45 2094; x_wconf 77' lang='grc'>,</span> <span class='ocrx_word' id='word_1_171' title='bbox 153 2023 485 2111; x_wconf 83' lang='lat' dir='ltr'><strong>scripseris.</strong></span> 
     </span>
    </p>
   </div>
   <div class='ocr_carea' id='block_1_5' title="bbox 503 2172 1824 2435">
    <p class='ocr_par' dir='ltr' id='par_1_5' title="bbox 503 2172 1824 2435">
     <span class='ocr_line' id='line_1_24' title="bbox 1112 2172 1219 2227; baseline -0.009 0"><span class='ocrx_word' id='word_1_172' title='bbox 1112 2172 1219 2227; x_wconf 91' lang='grc' dir='ltr'><strong>ΠΙ.</strong></span> 
     </span>
     <span class='ocr_line' id='line_1_25' title="bbox 503 2275 1824 2347; baseline -0.001 -15"><span class='ocrx_word' id='word_1_173' title='bbox 503 2276 622 2333; x_wconf 85' lang='lat' dir='ltr'><strong>Ser.</strong></span> <span class='ocrx_word' id='word_1_174' title='bbox 642 2276 855 2332; x_wconf 86' lang='lat' dir='ltr'><strong>Romae</strong></span> <span class='ocrx_word' id='word_1_175' title='bbox 873 2275 1058 2331; x_wconf 87' lang='lat' dir='ltr'><strong>medio</strong></span> <span class='ocrx_word' id='word_1_176' title='bbox 1075 2290 1267 2331; x_wconf 85' lang='lat' dir='ltr'><strong>mense</strong></span> <span class='ocrx_word' id='word_1_177' title='bbox 1285 2276 1471 2347; x_wconf 87' lang='lat' dir='ltr'><strong>Aprili</strong></span> <span class='ocrx_word' id='word_1_178' title='bbox 1490 2294 1541 2332; x_wconf 86' lang='lat' dir='ltr'><strong>a.</strong></span> <span class='ocrx_word' id='word_1_179' title='bbox 1561 2294 1615 2331; x_wconf 89' lang='lat' dir='ltr'><strong>u.</strong></span> <span class='ocrx_word' id='word_1_180' title='bbox 1636 2294 1683 2332; x_wconf 88' lang='lat' dir='ltr'><strong>c.</strong></span> <span class='ocrx_word' id='word_1_181' title='bbox 1705 2278 1736 2331; x_wconf 79' lang='lat'>7</span> <span class='ocrx_word' id='word_1_182' title='bbox 1740 2277 1824 2333; x_wconf 85' lang='lat'><strong>08.</strong></span> 
     </span>
     <span class='ocr_line' id='line_1_26' title="bbox 823 2376 1502 2435; baseline -0.004 -1"><span class='ocrx_word' id='word_1_183' title='bbox 823 2376 1098 2435; x_wconf 85' lang='lat' dir='ltr'>CICERO</span> <span class='ocrx_word' id='word_1_184' title='bbox 1132 2376 1502 2435; x_wconf 82' lang='lat' dir='ltr'>VARRONI.</span> 
     </span>
    </p>
   </div>
   <div class='ocr_carea' id='block_1_6' title="bbox 50 2492 2248 4079">
    <p class='ocr_par' dir='ltr' id='par_1_6' title="bbox 141 2492 2248 3417">
     <span class='ocr_line' id='line_1_27' title="bbox 267 2492 2248 2578; baseline -0.003 -17"><span class='ocrx_word' id='word_1_185' title='bbox 267 2492 438 2572; x_wconf 83' lang='lat' dir='ltr'><strong>Etsi,</strong></span> <span class='ocrx_word' id='word_1_186' title='bbox 491 2492 652 2578; x_wconf 87' lang='lat' dir='ltr'><strong>quid</strong></span> <span class='ocrx_word' id='word_1_187' title='bbox 683 2493 1028 2559; x_wconf 86' lang='lat' dir='ltr'><strong>scriberem</strong></span> <span class='ocrx_word' id='word_1_188' title='bbox 1043 2540 1060 2570; x_wconf 93' lang='lat'><strong>,</strong></span> <span class='ocrx_word' id='word_1_189' title='bbox 1104 2516 1237 2559; x_wconf 87' lang='lat' dir='ltr'><strong>non</strong></span> <span class='ocrx_word' id='word_1_190' title='bbox 1269 2492 1619 2569; x_wconf 80' lang='lat' dir='ltr'><strong>habebam,</strong></span> <span class='ocrx_word' id='word_1_191' title='bbox 1664 2506 1878 2561; x_wconf 87' lang='lat' dir='ltr'><strong>tamen</strong></span> <span class='ocrx_word' id='word_1_192' title='bbox 1915 2493 2187 2561; x_wconf 80' lang='lat' dir='ltr'><strong>Caninio</strong></span> <span class='ocrx_word' id='word_1_193' title='bbox 2223 2515 2248 2555; x_wconf 86' lang='lat'><strong>1</strong></span> 
     </span>
     <span class='ocr_line' id='line_1_28' title="bbox 145 2587 2187 2674; baseline 0 -19"><span class='ocrx_word' id='word_1_194' title='bbox 145 2589 222 2655; x_wconf 82' lang='lat' dir='ltr'><strong>ad</strong></span> <span class='ocrx_word' id='word_1_195' title='bbox 253 2598 320 2655; x_wconf 86' lang='lat' dir='ltr'><strong>te</strong></span> <span class='ocrx_word' id='word_1_196' title='bbox 353 2588 534 2655; x_wconf 84' lang='lat' dir='ltr'><strong>eunti</strong></span> <span class='ocrx_word' id='word_1_197' title='bbox 565 2608 698 2653; x_wconf 90' lang='lat' dir='ltr'><strong>non</strong></span> <span class='ocrx_word' id='word_1_198' title='bbox 729 2588 910 2673; x_wconf 88' lang='lat' dir='ltr'><strong>potui</strong></span> <span class='ocrx_word' id='word_1_199' title='bbox 943 2587 1100 2653; x_wconf 85' lang='lat' dir='ltr'><strong>nihil</strong></span> <span class='ocrx_word' id='word_1_200' title='bbox 1145 2588 1316 2655; x_wconf 88' lang='lat' dir='ltr'><strong>dare.</strong></span> <span class='ocrx_word' id='word_1_201' title='bbox 1406 2588 1565 2671; x_wconf 89' lang='lat' dir='ltr'><strong>quid</strong></span> <span class='ocrx_word' id='word_1_202' title='bbox 1600 2610 1753 2674; x_wconf 86' lang='lat' dir='ltr'><strong>ergo</strong></span> <span class='ocrx_word' id='word_1_203' title='bbox 1788 2589 2187 2673; x_wconf 86' lang='lat' dir='ltr'><strong>potissimum</strong></span> 
     </span>
     <span class='ocr_line' id='line_1_29' title="bbox 145 2680 2189 2766; baseline 0 -19"><span class='ocrx_word' id='word_1_204' title='bbox 145 2682 448 2749; x_wconf 78' lang='lat' dir='ltr'><strong>scribam?</strong></span> <span class='ocrx_word' id='word_1_205' title='bbox 497 2681 674 2765; x_wconf 88' lang='lat' dir='ltr'><strong>quod</strong></span> <span class='ocrx_word' id='word_1_206' title='bbox 709 2680 872 2747; x_wconf 88' lang='lat' dir='ltr'><strong>velle</strong></span> <span class='ocrx_word' id='word_1_207' title='bbox 907 2693 972 2747; x_wconf 89' lang='lat' dir='ltr'><strong>te</strong></span> <span class='ocrx_word' id='word_1_208' title='bbox 1005 2692 1160 2766; x_wconf 88' lang='lat' dir='ltr'><strong>puto</strong></span> <span class='ocrx_word' id='word_1_209' title='bbox 1171 2727 1190 2759; x_wconf 93' lang='lat'><strong>,</strong></span> <span class='ocrx_word' id='word_1_210' title='bbox 1245 2682 1373 2746; x_wconf 87' lang='lat' dir='ltr'><strong>cito</strong></span> <span class='ocrx_word' id='word_1_211' title='bbox 1408 2704 1511 2746; x_wconf 89' lang='lat' dir='ltr'><strong>me</strong></span> <span class='ocrx_word' id='word_1_212' title='bbox 1548 2680 1632 2745; x_wconf 80' lang='lat' dir='ltr'><strong>ad</strong></span> <span class='ocrx_word' id='word_1_213' title='bbox 1674 2693 1739 2746; x_wconf 90' lang='lat' dir='ltr'><strong>te</strong></span> <span class='ocrx_word' id='word_1_214' title='bbox 1775 2703 1917 2747; x_wconf 88' lang='lat' dir='ltr'><strong>esse</strong></span> <span class='ocrx_word' id='word_1_215' title='bbox 1962 2692 2189 2747; x_wconf 82' lang='lat' dir='ltr'><strong>ventu-</strong></span> 
     </span>
     <span class='ocr_line' id='line_1_30' title="bbox 145 2773 2191 2859; baseline -0.001 -17"><span class='ocrx_word' id='word_1_216' title='bbox 145 2799 295 2843; x_wconf 81' lang='lat' dir='ltr'><strong>rum.</strong></span> <span class='ocrx_word' id='word_1_217' title='bbox 367 2775 491 2843; x_wconf 86' lang='lat' dir='ltr'><strong>etsi</strong></span> <span class='ocrx_word' id='word_1_218' title='bbox 517 2775 685 2852; x_wconf 89' lang='lat' dir='ltr'><strong>vide,</strong></span> <span class='ocrx_word' id='word_1_219' title='bbox 721 2796 982 2859; x_wconf 78' lang='lat' dir='ltr'><strong>quaeso,</strong></span> <span class='ocrx_word' id='word_1_220' title='bbox 1019 2775 1254 2841; x_wconf 83' lang='lat' dir='ltr'><strong>satisne</strong></span> <span class='ocrx_word' id='word_1_221' title='bbox 1281 2786 1533 2839; x_wconf 83' lang='lat' dir='ltr'><strong>rectum</strong></span> <span class='ocrx_word' id='word_1_222' title='bbox 1567 2773 1669 2851; x_wconf 87' lang='lat' dir='ltr'><strong>sit,</strong></span> <span class='ocrx_word' id='word_1_223' title='bbox 1705 2795 1823 2838; x_wconf 86' lang='lat' dir='ltr'><strong>nos</strong></span> <span class='ocrx_word' id='word_1_224' title='bbox 1856 2773 1979 2837; x_wconf 87' lang='lat' dir='ltr'><strong>hoc</strong></span> <span class='ocrx_word' id='word_1_225' title='bbox 2012 2786 2191 2839; x_wconf 80' lang='lat' dir='ltr'><strong>tanto</strong></span> 
     </span>
     <span class='ocr_line' id='line_1_31' title="bbox 144 2866 2191 2939; baseline -0.001 -4"><span class='ocrx_word' id='word_1_226' title='bbox 144 2870 427 2939; x_wconf 81' lang='lat' dir='ltr'><strong>incendio</strong></span> <span class='ocrx_word' id='word_1_227' title='bbox 465 2867 736 2935; x_wconf 83' lang='lat' dir='ltr'><strong>civitatis</strong></span> <span class='ocrx_word' id='word_1_228' title='bbox 781 2867 850 2935; x_wconf 90' lang='lat' dir='ltr'><strong>in</strong></span> <span class='ocrx_word' id='word_1_229' title='bbox 890 2866 1030 2934; x_wconf 86' lang='lat' dir='ltr'><strong>istis</strong></span> <span class='ocrx_word' id='word_1_230' title='bbox 1071 2869 1232 2934; x_wconf 89' lang='lat' dir='ltr'><strong>locis</strong></span> <span class='ocrx_word' id='word_1_231' title='bbox 1275 2890 1448 2933; x_wconf 83' lang='lat' dir='ltr'><strong>esse:</strong></span> <span class='ocrx_word' id='word_1_232' title='bbox 1494 2868 1789 2935; x_wconf 81' lang='lat' dir='ltr'><strong>dabimus</strong></span> <span class='ocrx_word' id='word_1_233' title='bbox 1832 2888 2191 2939; x_wconf 85' lang='lat' dir='ltr'><strong>sermonem</strong></span> 
     </span>
     <span class='ocr_line' id='line_1_32' title="bbox 141 2961 2189 3050; baseline 0 -23"><span class='ocrx_word' id='word_1_234' title='bbox 141 2964 228 3043; x_wconf 86' lang='lat' dir='ltr'><strong>iis,</strong></span> <span class='ocrx_word' id='word_1_235' title='bbox 259 2964 378 3050; x_wconf 86' lang='lat' dir='ltr'><strong>qui</strong></span> <span class='ocrx_word' id='word_1_236' title='bbox 402 2963 698 3029; x_wconf 85' lang='lat' dir='ltr'><strong>nesciunt</strong></span> <span class='ocrx_word' id='word_1_237' title='bbox 723 2961 930 3039; x_wconf 87' lang='lat' dir='ltr'><strong>nobis,</strong></span> <span class='ocrx_word' id='word_1_238' title='bbox 966 2973 1373 3045; x_wconf 85' lang='lat' dir='ltr'><strong>quocumque</strong></span> <span class='ocrx_word' id='word_1_239' title='bbox 1400 2961 1467 3027; x_wconf 90' lang='lat' dir='ltr'><strong>in</strong></span> <span class='ocrx_word' id='word_1_240' title='bbox 1493 2962 1633 3027; x_wconf 89' lang='lat' dir='ltr'><strong>Ioco</strong></span> <span class='ocrx_word' id='word_1_241' title='bbox 1660 2962 1879 3041; x_wconf 85' lang='lat' dir='ltr'><strong>simus,</strong></span> <span class='ocrx_word' id='word_1_242' title='bbox 1916 2961 2189 3028; x_wconf 88' lang='lat' dir='ltr'><strong>eundem</strong></span> 
     </span>
     <span class='ocr_line' id='line_1_33' title="bbox 143 3054 2189 3137; baseline -0.001 -14"><span class='ocrx_word' id='word_1_243' title='bbox 143 3058 398 3135; x_wconf 83' lang='lat' dir='ltr'><strong>cultum,</strong></span> <span class='ocrx_word' id='word_1_244' title='bbox 436 3056 714 3123; x_wconf 85' lang='lat' dir='ltr'><strong>eundem</strong></span> <span class='ocrx_word' id='word_1_245' title='bbox 746 3055 986 3122; x_wconf 85' lang='lat' dir='ltr'><strong>victum</strong></span> <span class='ocrx_word' id='word_1_246' title='bbox 1022 3076 1182 3121; x_wconf 88' lang='lat' dir='ltr'><strong>esse.</strong></span> <span class='ocrx_word' id='word_1_247' title='bbox 1245 3055 1405 3137; x_wconf 88' lang='lat' dir='ltr'><strong>quid</strong></span> <span class='ocrx_word' id='word_1_248' title='bbox 1440 3054 1673 3121; x_wconf 81' lang='lat' dir='ltr'><strong>refert?</strong></span> <span class='ocrx_word' id='word_1_249' title='bbox 1707 3067 1921 3124; x_wconf 86' lang='lat' dir='ltr'><strong>tamen</strong></span> <span class='ocrx_word' id='word_1_250' title='bbox 1954 3057 2023 3121; x_wconf 88' lang='lat' dir='ltr'><strong>in</strong></span> <span class='ocrx_word' id='word_1_251' title='bbox 2056 3076 2189 3123; x_wconf 88' lang='lat' dir='ltr'><strong>ser-</strong></span> 
     </span>
     <span class='ocr_line' id='line_1_34' title="bbox 143 3148 2187 3227; baseline 0 -11"><span class='ocrx_word' id='word_1_252' title='bbox 143 3172 388 3220; x_wconf 84' lang='lat' dir='ltr'><strong>monem</strong></span> <span class='ocrx_word' id='word_1_253' title='bbox 421 3150 794 3217; x_wconf 85' lang='lat' dir='ltr'><strong>incidemus.</strong></span> <span class='ocrx_word' id='word_1_254' title='bbox 881 3149 1069 3215; x_wconf 85' lang='lat' dir='ltr'><strong>valde</strong></span> <span class='ocrx_word' id='word_1_255' title='bbox 1103 3148 1192 3225; x_wconf 92' lang='lat' dir='ltr'><strong>id,</strong></span> <span class='ocrx_word' id='word_1_256' title='bbox 1230 3149 1441 3225; x_wconf 86' lang='lat' dir='ltr'><strong>credo,</strong></span> <span class='ocrx_word' id='word_1_257' title='bbox 1475 3149 1899 3215; x_wconf 86' lang='lat' dir='ltr'><strong>laborandum</strong></span> <span class='ocrx_word' id='word_1_258' title='bbox 1933 3162 2049 3227; x_wconf 85' lang='lat' dir='ltr'><strong>est,</strong></span> <span class='ocrx_word' id='word_1_259' title='bbox 2084 3173 2187 3227; x_wconf 89' lang='lat' dir='ltr'><strong>ne,</strong></span> 
     </span>
     <span class='ocr_line' id='line_1_35' title="bbox 143 3241 2189 3329; baseline 0 -21"><span class='ocrx_word' id='word_1_260' title='bbox 143 3266 276 3311; x_wconf 87' lang='lat' dir='ltr'><strong>cum</strong></span> <span class='ocrx_word' id='word_1_261' title='bbox 323 3266 550 3313; x_wconf 87' lang='lat' dir='ltr'><strong>omnes</strong></span> <span class='ocrx_word' id='word_1_262' title='bbox 601 3244 669 3309; x_wconf 87' lang='lat' dir='ltr'><strong>in</strong></span> <span class='ocrx_word' id='word_1_263' title='bbox 713 3244 885 3309; x_wconf 87' lang='lat' dir='ltr'><strong>omni</strong></span> <span class='ocrx_word' id='word_1_264' title='bbox 929 3264 1164 3329; x_wconf 85' lang='lat' dir='ltr'><strong>genere</strong></span> <span class='ocrx_word' id='word_1_265' title='bbox 1213 3253 1276 3308; x_wconf 83' lang='lat' dir='ltr'><strong>et</strong></span> <span class='ocrx_word' id='word_1_266' title='bbox 1327 3241 1644 3309; x_wconf 88' lang='lat' dir='ltr'><strong>scelerum</strong></span> <span class='ocrx_word' id='word_1_267' title='bbox 1686 3253 1752 3307; x_wconf 87' lang='lat' dir='ltr'><strong>et</strong></span> <span class='ocrx_word' id='word_1_268' title='bbox 1802 3242 2189 3327; x_wconf 78' lang='lat' dir='ltr'><strong>flagitiorum</strong></span> 
     </span>
     <span class='ocr_line' id='line_1_36' title="bbox 145 3336 2188 3417; baseline 0.002 -17"><span class='ocrx_word' id='word_1_269' title='bbox 145 3340 529 3417; x_wconf 84' lang='lat' dir='ltr'><strong>volutentur,</strong></span> <span class='ocrx_word' id='word_1_270' title='bbox 571 3350 790 3405; x_wconf 86' lang='lat' dir='ltr'><strong>nostra</strong></span> <span class='ocrx_word' id='word_1_271' title='bbox 833 3338 1168 3404; x_wconf 88' lang='lat' dir='ltr'><strong>nobiscum</strong></span> <span class='ocrx_word' id='word_1_272' title='bbox 1203 3348 1318 3403; x_wconf 89' lang='lat' dir='ltr'><strong>aut</strong></span> <span class='ocrx_word' id='word_1_273' title='bbox 1363 3336 1529 3403; x_wconf 84' lang='lat' dir='ltr'><strong>inter</strong></span> <span class='ocrx_word' id='word_1_274' title='bbox 1544 3379 1549 3383; x_wconf 91' lang='lat'>-</span> <span class='ocrx_word' id='word_1_275' title='bbox 1562 3358 1689 3401; x_wconf 84' lang='lat' dir='ltr'><strong>nos</strong></span> <span class='ocrx_word' id='word_1_276' title='bbox 1716 3336 1989 3403; x_wconf 85' lang='lat' dir='ltr'><strong>cessatio</strong></span> <span class='ocrx_word' id='word_1_277' title='bbox 2022 3336 2188 3404; x_wconf 77' lang='lat' dir='ltr'><strong>vitu-</strong></span> 
     </span>
    </p>

    <p class='ocr_par' dir='ltr' id='par_1_7' title="bbox 50 3428 2246 4079">
     <span class='ocr_line' id='line_1_37' title="bbox 50 3428 2246 3519; baseline -0.003 -21"><span class='ocrx_word' id='word_1_278' title='bbox 50 3462 52 3469; x_wconf 96' lang='lat'><em>·</em></span> <span class='ocrx_word' id='word_1_279' title='bbox 141 3446 406 3514; x_wconf 81' lang='lat' dir='ltr'><strong>peretur.</strong></span> <span class='ocrx_word' id='word_1_280' title='bbox 463 3454 586 3519; x_wconf 85' lang='lat' dir='ltr'><strong>ego</strong></span> <span class='ocrx_word' id='word_1_281' title='bbox 612 3454 766 3498; x_wconf 81' lang='lat' dir='ltr'><strong>vero</strong></span> <span class='ocrx_word' id='word_1_282' title='bbox 793 3432 1088 3517; x_wconf 86' lang='lat' dir='ltr'><strong>neglecta</strong></span> <span class='ocrx_word' id='word_1_283' title='bbox 1112 3432 1533 3497; x_wconf 87' lang='lat' dir='ltr'><strong>barbarorum</strong></span> <span class='ocrx_word' id='word_1_284' title='bbox 1564 3428 1815 3497; x_wconf 84' lang='lat' dir='ltr'><strong>inscitia</strong></span> <span class='ocrx_word' id='word_1_285' title='bbox 1842 3435 2189 3515; x_wconf 72' lang='lat' dir='ltr'><strong>persequar</strong></span> <span class='ocrx_word' id='word_1_286' title='bbox 2221 3451 2246 3491; x_wconf 68' lang='grc' dir='ltr'><strong>ι</strong></span> 
     </span>
     <span class='ocr_line' id='line_1_38' title="bbox 143 3523 2187 3612; baseline 0.001 -23"><span class='ocrx_word' id='word_1_287' title='bbox 143 3532 224 3602; x_wconf 88' lang='lat' dir='ltr'><strong>te;</strong></span> <span class='ocrx_word' id='word_1_288' title='bbox 255 3525 556 3612; x_wconf 78' lang='lat' dir='ltr'><strong>quamvis</strong></span> <span class='ocrx_word' id='word_1_289' title='bbox 591 3526 761 3593; x_wconf 87' lang='lat' dir='ltr'><strong>enim</strong></span> <span class='ocrx_word' id='word_1_290' title='bbox 797 3526 925 3592; x_wconf 88' lang='lat' dir='ltr'><strong>sint</strong></span> <span class='ocrx_word' id='word_1_291' title='bbox 956 3526 1114 3592; x_wconf 89' lang='lat' dir='ltr'><strong>haec</strong></span> <span class='ocrx_word' id='word_1_292' title='bbox 1149 3526 1403 3603; x_wconf 86' lang='lat' dir='ltr'><strong>misera,</strong></span> <span class='ocrx_word' id='word_1_293' title='bbox 1438 3546 1605 3610; x_wconf 86' lang='lat' dir='ltr'><strong>quae</strong></span> <span class='ocrx_word' id='word_1_294' title='bbox 1634 3536 1783 3591; x_wconf 87' lang='lat' dir='ltr'><strong>sunt</strong></span> <span class='ocrx_word' id='word_1_295' title='bbox 1816 3523 2187 3601; x_wconf 81' lang='lat' dir='ltr'><strong>miserrima,</strong></span> 
     </span>
     <span class='ocr_line' id='line_1_39' title="bbox 143 3617 2189 3705; baseline -0.001 -20"><span class='ocrx_word' id='word_1_296' title='bbox 143 3627 346 3687; x_wconf 75' lang='lat' dir='ltr'><strong>tamen</strong></span> <span class='ocrx_word' id='word_1_297' title='bbox 397 3631 568 3687; x_wconf 86' lang='lat' dir='ltr'><strong>artes</strong></span> <span class='ocrx_word' id='word_1_298' title='bbox 629 3631 884 3686; x_wconf 78' lang='lat' dir='ltr'><strong>nostrae</strong></span> <span class='ocrx_word' id='word_1_299' title='bbox 935 3620 1153 3687; x_wconf 85' lang='lat' dir='ltr'><strong>nescio</strong></span> <span class='ocrx_word' id='word_1_300' title='bbox 1205 3642 1338 3705; x_wconf 91' lang='lat' dir='ltr'><strong>quo</strong></span> <span class='ocrx_word' id='word_1_301' title='bbox 1392 3619 1585 3687; x_wconf 89' lang='lat' dir='ltr'><strong>modo</strong></span> <span class='ocrx_word' id='word_1_302' title='bbox 1637 3640 1811 3686; x_wconf 89' lang='lat' dir='ltr'><strong>nunc</strong></span> <span class='ocrx_word' id='word_1_303' title='bbox 1862 3617 2189 3686; x_wconf 85' lang='lat' dir='ltr'><strong>uberiores</strong></span> 
     </span>
     <span class='ocr_line' id='line_1_40' title="bbox 145 3710 2191 3799; baseline -0 -20"><span class='ocrx_word' id='word_1_304' title='bbox 145 3710 378 3785; x_wconf 83' lang='lat' dir='ltr'><strong>fructus</strong></span> <span class='ocrx_word' id='word_1_305' title='bbox 429 3716 600 3782; x_wconf 88' lang='lat' dir='ltr'><strong>ferre</strong></span> <span class='ocrx_word' id='word_1_306' title='bbox 652 3716 976 3793; x_wconf 86' lang='lat' dir='ltr'><strong>videntur,</strong></span> <span class='ocrx_word' id='word_1_307' title='bbox 1029 3738 1228 3799; x_wconf 87' lang='lat' dir='ltr'><strong>quam</strong></span> <span class='ocrx_word' id='word_1_308' title='bbox 1269 3716 1422 3783; x_wconf 82' lang='lat' dir='ltr'><strong>olim</strong></span> <span class='ocrx_word' id='word_1_309' title='bbox 1475 3715 1799 3793; x_wconf 81' lang='lat' dir='ltr'><strong>ferebant,</strong></span> <span class='ocrx_word' id='word_1_310' title='bbox 1850 3714 1985 3780; x_wconf 81' lang='lat' dir='ltr'><strong>sive</strong></span> <span class='ocrx_word' id='word_1_311' title='bbox 2035 3710 2191 3796; x_wconf 82' lang='lat' dir='ltr'><strong>quia</strong></span> 
     </span>
     <span class='ocr_line' id='line_1_41' title="bbox 143 3805 2189 3894; baseline -0.003 -18"><span class='ocrx_word' id='word_1_312' title='bbox 143 3809 306 3876; x_wconf 67' lang='lat' dir='ltr'><strong>nulla</strong></span> <span class='ocrx_word' id='word_1_313' title='bbox 349 3832 524 3877; x_wconf 88' lang='lat' dir='ltr'><strong>nunc</strong></span> <span class='ocrx_word' id='word_1_314' title='bbox 565 3810 636 3878; x_wconf 86' lang='lat' dir='ltr'><strong>in</strong></span> <span class='ocrx_word' id='word_1_315' title='bbox 677 3832 748 3877; x_wconf 89' lang='lat' dir='ltr'><strong>re</strong></span> <span class='ocrx_word' id='word_1_316' title='bbox 793 3810 918 3875; x_wconf 86' lang='lat' dir='ltr'><strong>alia</strong></span> <span class='ocrx_word' id='word_1_317' title='bbox 961 3810 1461 3894; x_wconf 77' lang='lat' dir='ltr'><strong>adquiescimus,</strong></span> <span class='ocrx_word' id='word_1_318' title='bbox 1510 3810 1645 3875; x_wconf 85' lang='lat' dir='ltr'><strong>sive</strong></span> <span class='ocrx_word' id='word_1_319' title='bbox 1690 3806 1866 3893; x_wconf 88' lang='lat' dir='ltr'><strong>quod</strong></span> <span class='ocrx_word' id='word_1_320' title='bbox 1905 3805 2189 3893; x_wconf 82' lang='lat' dir='ltr'><strong>gravitas</strong></span> 
     </span>
     <span class='ocr_line' id='line_1_42' title="bbox 149 3901 2188 3990; baseline 0 -26"><span class='ocrx_word' id='word_1_321' title='bbox 149 3905 344 3971; x_wconf 86' lang='lat' dir='ltr'><strong>morbi</strong></span> <span class='ocrx_word' id='word_1_322' title='bbox 372 3904 531 3971; x_wconf 85' lang='lat' dir='ltr'><strong>facit</strong></span> <span class='ocrx_word' id='word_1_323' title='bbox 563 3915 639 3971; x_wconf 89' lang='lat' dir='ltr'><strong>ut</strong></span> <span class='ocrx_word' id='word_1_324' title='bbox 672 3905 989 3971; x_wconf 88' lang='lat' dir='ltr'><strong>medicina</strong></span> <span class='ocrx_word' id='word_1_325' title='bbox 1023 3926 1361 3990; x_wconf 86' lang='lat' dir='ltr'><strong>egeamus,</strong></span> <span class='ocrx_word' id='word_1_326' title='bbox 1409 3924 1613 3986; x_wconf 85' lang='lat' dir='ltr'><strong>eaque</strong></span> <span class='ocrx_word' id='word_1_327' title='bbox 1656 3923 1829 3967; x_wconf 86' lang='lat' dir='ltr'><strong>nunc</strong></span> <span class='ocrx_word' id='word_1_328' title='bbox 1862 3901 2188 3986; x_wconf 79' lang='lat' dir='ltr'><strong>adpareat,</strong></span> 
     </span>
     <span class='ocr_line' id='line_1_43' title="bbox 151 3994 2190 4079; baseline -0.002 -16"><span class='ocrx_word' id='word_1_329' title='bbox 151 3998 314 4067; x_wconf 76' lang='lat' dir='ltr'><strong>ouius</strong></span> <span class='ocrx_word' id='word_1_330' title='bbox 348 4001 482 4067; x_wconf 82' lang='lat' dir='ltr'><strong>vim</strong></span> <span class='ocrx_word' id='word_1_331' title='bbox 525 4022 657 4067; x_wconf 88' lang='lat' dir='ltr'><strong>non</strong></span> <span class='ocrx_word' id='word_1_332' title='bbox 701 4001 1160 4076; x_wconf 84' lang='lat' dir='ltr'><strong>sentiebamus,</strong></span> <span class='ocrx_word' id='word_1_333' title='bbox 1208 4020 1359 4064; x_wconf 90' lang='lat' dir='ltr'><strong>cum</strong></span> <span class='ocrx_word' id='word_1_334' title='bbox 1393 3996 1786 4064; x_wconf 86' lang='lat' dir='ltr'><strong>valebamus.</strong></span> <span class='ocrx_word' id='word_1_335' title='bbox 1873 3995 1990 4061; x_wconf 88' lang='lat' dir='ltr'><strong>sed</strong></span> <span class='ocrx_word' id='word_1_336' title='bbox 2032 3994 2190 4079; x_wconf 91' lang='lat' dir='ltr'><strong>quid</strong></span> 
     </span>
    </p>
   </div>
   <div class='ocr_carea' id='block_1_7' title="bbox 152 4085 2188 4247">
    <p class='ocr_par' dir='ltr' id='par_1_8' title="bbox 152 4085 2188 4247">
     <span class='ocr_line' id='line_1_44' title="bbox 152 4085 2188 4247; baseline 0 -92"><span class='ocrx_word' id='word_1_337' title='bbox 152 4108 258 4173; x_wconf 84' lang='lat' dir='ltr'><strong>ego</strong></span> <span class='ocrx_word' id='word_1_338' title='bbox 297 4117 470 4161; x_wconf 86' lang='lat' dir='ltr'><strong>nune</strong></span> <span class='ocrx_word' id='word_1_339' title='bbox 515 4094 676 4161; x_wconf 81' lang='lat' dir='ltr'><strong>haec</strong></span> <span class='ocrx_word' id='word_1_340' title='bbox 719 4094 805 4160; x_wconf 86' lang='lat' dir='ltr'><strong>ad.</strong></span> <span class='ocrx_word' id='word_1_341' title='bbox 836 4105 927 4174; x_wconf 87' lang='lat' dir='ltr'><strong>te,</strong></span> <span class='ocrx_word' id='word_1_342' title='bbox 973 4093 1156 4161; x_wconf 85' lang='lat' dir='ltr'><strong>cuius</strong></span> <span class='ocrx_word' id='word_1_343' title='bbox 1193 4090 1367 4159; x_wconf 86' lang='lat' dir='ltr'><strong>domi</strong></span> <span class='ocrx_word' id='word_1_344' title='bbox 1410 4085 2059 4247; x_wconf 62' lang='lat' dir='ltr'><strong>nascuntur,1gti-ai1&#39;n’</strong></span> <span class='ocrx_word' id='word_1_345' title='bbox 2094 4088 2188 4166; x_wconf 79' lang='grc' dir='ltr'><strong>εἷς</strong></span> 
     </span>
     <span class='ocr_line' id='line_1_45' title="bbox 1874 4196 1900 4224; baseline 0 -1"><span class='ocrx_word' id='word_1_346' title='bbox 1874 4196 1900 4224; x_wconf 75' lang='grc'><strong>.</strong></span> 
     </span>
    </p>
   </div>
  </div>
 </body>
</html>
