2675 4559
69 37 73 112 l

69 25 71 32 '
168 3 171 6 ⁴
194 0 640 58 sw‘mffi'?⁴sszlt³-'
658 25 661 32 -
681 0 684 3 ’
706 19 711 22 -
738 5 755 10 ”
773 0 782 40 Ϊ

240 41 679 94 ’ῆψῦῷττε

737 261 1293 320 EPISTOLARUM
1326 263 1433 318 IX.
1470 264 1658 318 15.16.
2095 253 2224 320 207

205 402 397 480 putas,
449 388 504 454 si
548 408 665 474 ego
710 387 832 451 sim
874 385 1185 472 Neapoli?
1237 386 1484 452 Romae
1529 409 1678 454 cum
1723 409 1868 454 sum
1909 399 1975 455 et
2025 411 2227 478 urgeo

202 487 408 561 forum,
444 493 701 549 senatus
726 481 1019 546 consulta
1045 479 1412 546 scribuntur
1437 481 1613 567 apud
1640 494 1992 550 amatorem
2018 495 2224 562 tuum,

201 579 555 646 familiarem
578 599 821 652 meum3
858 586 921 642 et
948 575 1210 659 quidem
1236 597 1385 640 cum
1409 574 1478 640 in
1503 587 1783 644 mentem
1810 579 2004 655 venit,
2023 601 2228 664 ponor

201 675 271 740 ad
308 671 708 740 scribendum
752 680 817 736 et
862 681 1010 736 ante
1058 669 1251 735 audio
1294 680 1554 736 senatus
1590 672 1950 738 consultum
1993 673 2062 738 in
2097 673 2228 738 Ar-

78 788 81 792 ·
200 765 449 834 meniam
483 775 553 832 et
578 762 835 850 Syriam
870 786 1011 830 esse
1044 765 1382 850 perlatum,
1416 763 1591 848 quod
1625 765 1691 830 in
1725 787 1937 832 meam
1972 777 2226 833 senten-

200 863 331 927 tiam
361 860 607 926 factum
633 880 773 924 esse
800 857 1068 935 dicatur,
1105 879 1297 942 quam
1328 858 1586 924 omnino
1613 859 2002 926 mentionem
2027 861 2228 932 ullam

202 955 267 1021 de
297 977 369 1021 ea
398 977 469 1020 re
506 975 647 1020 esse
682 951 942 1018 factam.
1030 963 1225 1036 atque
1260 951 1384 1018 hoc
1409 951 1608 1018 nolim
1643 976 1747 1020 me
1781 953 1974 1020 iocari
2008 965 2224 1040 putes3

200 1071 325 1114 nam
356 1048 509 1114 mihi
546 1046 709 1113 scito
742 1047 873 1112 iam
898 1069 939 1110 a
964 1047 1223 1133 regibus
1254 1047 1493 1112 ultimis
1519 1047 1764 1114 adlatas
1791 1070 1932 1114 esse
1963 1047 2226 1126 litteras,

200 1143 403 1228 quibus
436 1141 599 1208 mihi
642 1141 885 1228 gratias
930 1151 1155 1227 agant,
1200 1141 1374 1225 quod
1409 1165 1480 1206 se
1514 1163 1660 1207 mea
1694 1142 2008 1208 sententia
2039 1165 2225 1228 reges

200 1237 655 1324 appellaverim,
708 1257 869 1320 quos
906 1257 1027 1321 ego
1062 1257 1192 1300 non
1227 1237 1419 1301 modo
1454 1259 1639 1322 reges
1675 1237 2057 1323 appellatos,
2112 1237 2225 1304 sed

200 1331 425 1398 omnino
458 1342 649 1396 natos
692 1329 1076 1396 nesciebam.
1166 1330 1323 1414 quid
1360 1352 1516 1416 ergo
1551 1331 1687 1397 est?
1738 1343 1982 1408 tamen,
2026 1352 2223 1415 quarn

201 1425 290 1490 diu
318 1425 418 1492 hic
446 1425 567 1492 erit
604 1435 821 1490 noster
854 1423 959 1489 hic
993 1424 1353 1510 praefectus
1391 1426 1696 1503 moribus,
1730 1427 1970 1511 parebo
2007 1436 2226 1492 aucto·-

198 1520 345 1586 ritati
374 1531 520 1586 tuae
532 1544 552 1598 3
594 1539 745 1585 cum
770 1540 923 1584 vero
951 1517 1173 1595 aberit,
1202 1518 1285 1584 ad
1310 1518 1548 1604 fungos
1573 1542 1677 1586 me
1703 1531 1850 1586 tuos
1879 1520 2224 1587 conferam,

200 1615 427 1680 domum
477 1614 535 1680 si
585 1612 843 1680 habebo
854 1658 874 1689 ,
926 1613 994 1678 in
1038 1612 1237 1679 denos
1281 1612 1418 1680 dies
1463 1614 1747 1700 singulos
1793 1615 2225 1702 sumptuariae

72 1765 79 1790 ·.
198 1709 335 1795 legis
366 1708 497 1776 dies
526 1707 888 1785 conferam3
926 1706 1025 1772 sin
1052 1717 1268 1774 autem
1295 1705 1507 1772 minus
1541 1708 1846 1773 invenero
1880 1710 2056 1792 quod
2088 1709 2227 1794 pla-

200 1817 341 1883 ceat,
388 1803 650 1872 decrevi
691 1802 980 1870 habitare
1024 1802 1199 1888 apud
1243 1813 1335 1880 te3
1389 1802 1520 1867 scio
1565 1803 1735 1868 enim
1769 1825 1872 1868 me
1908 1802 2066 1868 nihil
2108 1803 2226 1868 tibi

74 3171 81 3186 ..
66 3049 87 3162 ...w
68 2937 83 3036 -ν-νηγη,
63 2877 81 2928 ..ἐς-ψ,
63 2729 87 2866 1.έῆὶηὶ
72 2709 75 2720 ‚.
72 2695 77 2700 0
72 2601 75 2604 ι
76 2511 91 2524 ι,
63 2439 65 2441 ’
80 2400 89 2416 ἢ.
72 2373 87 2386 5
76 2357 79 2360 .
70 2301 79 2328 ⁴..
72 2275 77 2282 .
68 2165 79 2266 ›fin-..--

200 1896 409 1983 gratius
441 1899 661 1964 facere
694 1919 903 1983 posse.
959 1896 1221 1962 domum
1251 1895 1586 1963 Sullanam
1619 1896 2039 1983 desperabam
2073 1897 2222 1974 iam,

202 2004 261 2058 ut
286 1993 391 2058 tibi
420 1993 717 2080 proxime
752 1991 1006 2077 scripsi3
1052 1991 1169 2058 sed
1212 2001 1428 2059 tamen
1461 2013 1591 2056 non
1627 1991 1859 2058 abieci:
1905 2001 1977 2057 tu
2011 1992 2223 2068 veliQ

202 2097 260 2149 ut
286 2087 529 2165 scribis,
586 2107 738 2152 cum
771 2079 973 2150 fabris
1009 2107 1153 2151 eam
1187 2084 1538 2172 perspicias
1549 2109 1568 2164 3
1623 2085 1679 2150 si
1715 2085 1884 2154 enim
1927 2084 2086 2150 nihil
2131 2096 2227 2151 est

202 2177 255 2244 in
283 2179 625 2268 parietibus
660 2189 773 2246 aut
807 2179 876 2244 in
910 2189 1078 2246 tecto
1114 2179 1281 2257 vitii,
1328 2189 1539 2245 cetera
1571 2178 1729 2247 mihi
1763 2176 2224 2266 probabuntur.

1121 2413 1280 2471 XVI.

506 2518 632 2575 Ser.
650 2517 711 2572 in
728 2515 1053 2572 Tusculano
1069 2533 1260 2572 mense
1278 2515 1517 2582 Quintili
1535 2533 1587 2572 a.
1605 2535 1660 2572 u.
1683 2533 1730 2573 c.
1753 2517 1871 2573 708.

810 2618 1083 2676 CICERO
1116 2619 1379 2675 PAETO
1417 2617 1580 2676 SAL.

302 2742 719 2811 Delectarunt
780 2765 883 2808 me
956 2754 1105 2808 tuae
1169 2744 1421 2809 litterae
1434 2789 1454 2820 ‚
1523 2743 1590 2807 in
1651 2741 1885 2827 quibus
1945 2745 2221 2829 primum

202 2835 585 2905 animadverti
615 2857 899 2904 amorem
926 2847 1131 2912 tuum,
1158 2837 1274 2921 qui
1300 2849 1364 2902 te
1391 2837 1476 2902 ad
1503 2836 1910 2904 scribendum
1935 2836 2224 2904 incitavit

204 2943 511 3012 verentem,
544 2955 632 2998 ne
668 2929 868 2998 Silius
903 2951 1021 2998 suo
1055 2931 1279 2996 nuntio
1316 2930 1559 3016 aliquid
1594 2931 1750 2998 mihi
1786 2931 2224 3000 sollicitudinis

204 3026 508 3105 attulisset3
545 3027 631 3092 de
665 3046 795 3109 quo
829 3035 895 3091 et
929 3034 1001 3090 tu
1027 3024 1185 3090 mihi
1218 3036 1412 3092 antea
1437 3026 1802 3111 scripseras,
1839 3025 1938 3092 bis
1963 3025 2225 3110 quidem

204 3117 397 3186 eodem
419 3119 735 3206 exemplo,
769 3118 958 3186 facile
986 3130 1060 3184 ut
1092 3119 1529 3206 intellegerem
1555 3130 1620 3186 te
1645 3143 1786 3186 esse
1815 3131 2223 3198 commotum,

206 3221 257 3274 et
283 3234 391 3300 ego
414 3215 529 3281 tibi
564 3224 861 3282 accurate
887 3214 1360 3300 rescripseram,
1394 3229 1469 3279 ut
1503 3234 1756 3300 quoquo
1789 3214 1982 3279 modo
2014 3214 2083 3278 in
2112 3215 2222 3279 tali

207 3325 261 3370 re
296 3318 473 3393 atque
523 3321 811 3396 tempore
854 3319 970 3374 aut
1012 3308 1351 3376 liberarem
1408 3319 1470 3374 te
1513 3307 1638 3372 ista
1683 3329 1838 3372 cura
1887 3317 2000 3374 aut
2052 3318 2224 3374 certe

208 3397 467 3469 levarem.
532 3404 648 3471 sed
682 3404 987 3488 quoniam
1021 3403 1329 3490 proximis
1365 3424 1622 3488 quoque
1657 3400 1884 3469 litteris
1921 3402 2225 3480 ostendis,

207 3507 445 3574 quantae
478 3497 597 3563 tibi
632 3519 823 3566 curae
858 3497 941 3564 sit
970 3519 1049 3563 ea
1072 3521 1195 3576 res,
1232 3499 1345 3574 sic,
1381 3497 1471 3562 mi
1485 3497 1710 3575 Paete,
1744 3495 2009 3562 habeto:
2046 3497 2226 3580 quic-

208 3587 337 3667 quid
366 3601 497 3658 arte
528 3592 667 3658 ficri
700 3592 979 3678 potuerit
996 3628 1083 3640 —
1098 3615 1229 3659 non
1264 3592 1439 3658 enim
1472 3592 1603 3657 iam
1637 3589 1792 3657 satis
1830 3603 1928 3657 est
1961 3589 2224 3656 consilio

208 3697 489 3766 pugnare3
542 3687 879 3754 artificium
923 3687 1251 3772 quoddam
1286 3687 1788 3774 excogitandum
1822 3697 1920 3752 est
1951 3721 2066 3762 —,
2112 3684 2226 3751 sed

208 3780 389 3842 tamen
430 3781 735 3868 quicquid
774 3781 1089 3850 elaborari
1136 3792 1247 3847 aut
1292 3781 1462 3848 effici
1506 3781 1786 3867 potuerit
1833 3781 1917 3846 ad
1959 3780 2227 3846 istorum

208 3861 675 3940 benevolentiam
710 3875 1173 3942 conciliandam
1208 3887 1273 3942 et
1306 3876 1775 3963 conligendam,
1812 3895 2061 3940 summo
2092 3885 2226 3941 stu·-

213 3956 297 4026 dio
319 3986 415 4032 me
440 3981 848 4048 consecutum
875 3993 1037 4048 esse,
1062 3990 1184 4036 nec
1210 3969 1468 4048 frustra,
1497 3981 1570 4035 ut
1595 3968 1898 4047 arbitron
1935 3969 2028 4036 sic
2053 3970 2224 4036 enim

214 4054 386 4138 color,
432 4062 521 4130 sic
560 4065 865 4132 observor
907 4065 991 4132 ab
1038 4064 1336 4132 omnibus
1380 4065 1489 4142 iis,
1543 4064 1655 4151 qui
1690 4087 1731 4129 a
1765 4059 2046 4132 Caesare
2082 4063 2224 4130 dili·-
