2675 4559
744 218 1301 344 nrisTOLARUM
1334 259 1499 316 xm.
1533 262 1689 318 4-6,
1835 235 1846 244 ’
2117 251 2247 318 315

634 473 750 554 Ser.
771 474 985 530 Romae
1003 379 1448 530 menseVOQtobri
1466 493 1518 530 a.
1537 493 1594 531 u.
1616 493 1663 530 e.
1685 477 1804 532 709.

467 566 741 626 CICERO
778 567 836 624 S.
872 568 947 622 D.
988 567 1056 634 Q.
1092 567 1438 624 VALERIO
1472 568 1649 626 LEG.
1686 570 1960 627 PROPR.

312 677 470 742 Non
504 670 772 740 'moleste
806 673 945 740 fero
982 697 1127 740 eam
1160 675 1720 754 necessitudinem,
1757 699 1925 762 quae
1959 679 2117 744 mihi
2150 691 2246 747 te-

184 794 337 838 oum
390 778 519 847 est,
570 779 789 836 notam
840 791 981 835 esse
1026 790 1223 852 quam
1266 770 1587 856 plurimis,
1639 791 1852 856 neque
1903 783 2117 840 tamen
2159 775 2245 840 ob

184 887 331 933 eam
380 886 644 930 eausam
676 891 765 910 -ω-
804 863 982 947 quod
1024 873 1098 928 tu
1142 863 1382 950 optime
1425 864 1790 931 existimare
1834 878 2017 952 potes
2051 901 2139 916 -ὸ
2181 880 2245 936 te

180 959 478 1048 inpedio‚
523 980 653 1042 quo
687 958 898 1040 minus
944 970 1313 1043 susceptum
1347 960 1680 1044 negotium
1714 979 1831 1046 pro
1865 971 1980 1026 tua
2020 963 2147 1028 fide
2183 973 2248 1028 et

182 1053 522 1140 diligentia
565 1075 647 1118 ex
688 1035 1019 1117 voluntate
1064 1049 1360 1118 Caesaris
1374 1094 1394 1130 ,
1445 1054 1560 1138 qui
1603 1053 1720 1118 tibi
1763 1076 1901 1122 rem
1943 1077 2245 1142 magnam

182 1147 643 1231 difficilemque
679 1146 1023 1224 commisit,
1067 1167 1294 1232 gerere
1326 1147 1560 1232 possis3
1607 1169 1759 1212 nam
1807 1169 1954 1214 eum
1989 1150 2174 1215 multi
2207 1174 2248 1215 a

183 1265 289 1308 mo
335 1252 557 1328 petant
600 1241 830 1318 multa,
882 1239 1060 1324 quod
1102 1241 1183 1307 de
1228 1253 1343 1307 tua
1385 1263 1542 1329 erga
1583 1262 1689 1308 me
1741 1245 2072 1310 voluntate
2115 1264 2245 1310 non

186 1337 513 1414 dubitent,
564 1356 693 1400 non
746 1335 1102 1413 committe,
1156 1346 1230 1400 ut
1280 1334 1626 1402 ambitione
1679 1356 1826 1404 mea
1869 1339 2249 1422 conturbem.

186 1431 477 1497 officium
520 1441 723 1496 tuum.
814 1425 892 1496 O.
930 1426 1159 1494 Curtio
1194 1429 1279 1494 ab
1320 1429 1585 1497 ineunte
1631 1441 1840 1499 aetate
1884 1431 2245 1502 familiaris—

187 1526 349 1594 sime
402 1532 549 1590 sum
598 1545 774 1588 usus.
870 1524 1009 1588 eius
1060 1534 1127 1589 et
1178 1520 1431 1588 Sullani
1479 1525 1783 1610 temporis
1833 1526 2248 1593 iniustissima

187 1619 553 1686 calamitate
586 1617 783 1695 dolui,
828 1627 891 1682 et
935 1639 1083 1682 oum
1116 1616 1224 1696 iis,
1268 1615 1382 1700 qui
1416 1617 1702 1684 similem·
1731 1617 2030 1686 iniuriam
2063 1643 2248 1687 aece-

185 1724 438 1800 perant,
466 1711 717 1788 amissis
737 1711 1033 1777 omnibus
1062 1711 1337 1776 fortunis
1365 1711 1606 1784 reditus
1636 1715 1944 1780 tamenin
1972 1716 2248 1800 patriam

184 1809 519 1875 voluntate
564 1807 851 1872 omnium
896 1805 1161 1872 eonoedi
1204 1807 1556 1884 videretur,
1611 1807 1864 1873 adiutor
1913 1809 2247 1874 ineolumi-

186 1904 337 1970 tatis
374 1902 489 1967 fui.
576 1901 632 1968 is
676 1900 872 1966 habet
904 1900 973 1965 in
1007 1900 1432 1967 Volaterrano
1466 1901 1961 1988 possessionem,
1997 1924 2144 1970 oum
2179 1905 2248 1970 in

189 2021 332 2064 eam
358 2008 689 2081 tamquam
706 2019 743 2062 e
766 1995 1105 2080 naufragio
1123 1995 1424 2079 reliquias
1453 1997 1851 2074 eontulisset3
1879 1995 2002 2064 hoe
2029 2010 2247 2064 autem

188 2113 479 2180 tempore
523 2113 673 2157 eum
722 2087 967 2158 Caesar
1011 2091 1079 2155 in
1130 2101 1426 2156 senatum
1475 2092 1634 2178 legit
1647 2139 1666 2170 ,
1721 2111 1915 2176 quem
1958 2092 2247 2158 ordinem

187 2189 294 2254 ille
346 2187 474 2253 ista
524 2184 929 2272 possessione
983 2184 1221 2250 amissa
1274 2185 1440 2252 tueri
1493 2186 1603 2250 vix
1654 2198 1892 2272 potest3
1944 2187 2248 2274 gravissi-

188 2303 369 2348 mum
404 2291 620 2346 autem
663 2289 787 2356 est,
824 2301 993 2370 oum·
1010 2279 1301 2365 superior
1334 2279 1546 2345 faetus
1581 2281 1664 2346 sit
1701 2281 1952 2358 ordine,
1987 2281 2248 2348 inferio-

186 2399 322 2443 rem
363 2397 503 2440 esse
538 2373 825 2452 fortuna,
884 2373 1273 2459 minimeque
1318 2375 1617 2442 convenit
1663 2398 1744 2442 ex
1779 2397 1856 2442 eo
1893 2396 2050 2464 agro
2063 2425 2082 2456 ,
2135 2379 2250 2462 qui

183 2468 491 2536 Caesaris
556 2469 737 2534 iussu
796 2468 1146 2546 dividatur,
1218 2489 1370 2535 eum
1437 2471 1712 2548 moveri,
1783 2471 1894 2556 qui
1948 2468 2246 2538 Caesaris
2320 2499 2323 2502 ·

172 2562 499 2632 ,beneficio
552 2574 806 2628 senator
858 2563 957 2628 sit.
1056 2563 1172 2628 sed
1222 2563 1380 2628 mihi
1431 2565 1646 2630 minus
1697 2564 1855 2630 libet
1906 2566 2110 2630 multa
2163 2567 2242 2632 de

185 2657 509 2744 aequitate
552 2657 645 2724 rei
690 2657 995 2736 seribere,
1048 2679 1131 2724 ne
1166 2679 1364 2722 eausa
1405 2659 1618 2744 potius
1653 2659 1826 2743 apud
1871 2669 1935 2724 te
1967 2660 2273 2730 valuisse.

184 2753 409 2818 videar
438 2773 640 2836 quam
673 2752 907 2838 gratia.
946 2773 1143 2836 quam
1170 2751 1255 2816 ob
1282 2773 1420 2818 rem
1455 2764 1520 2818 te
1553 2753 1622 2817 in
1647 2752 1954 2818 maiorem
1981 2753 2247 2818 modum

182 2869 375 2934 rog0,
419 2857 495 2912 ut
530 2843 609 2910 C.
647 2843 857 2912 Curtii
890 2868 1028 2912 rem
1064 2867 1276 2911 meam
1310 2857 1497 2932 putes
1534 2867 1705 2912 esse·
1687 2893 1706 2924 ,
1753 2841 2058 2931 quioquid
2101 2839 2248 2914 mea

184 2964 383 3007 eausa
400 2940 693 3020 faceres,
728 2951 822 3018 ut,
857 2939 927 3004 id
964 2937 1045 3005 C.
1084 2937 1296 3006 Curtii
1330 2961 1527 3006 causa
1560 2959 1711 3006 oum
1744 2941 1993 3020 feceris,
2029 2941 2248 3008 existi-

182 3059 343 3114 mes,
379 3035 559 3120 quod
590 3035 697 3101 ille
720 3058 839 3122 per
862 3053 967 3101 me
993 3035 1307 3111 habuerit,
1343 3036 1410 3100 id
1443 3057 1548 3102 me
1578 3035 1813 3103 habere
1841 3037 1958 3102 abs
1985 3047 2084 3114 te„
2124 3038 2248 3102 hoe

182 3145 247 3198 te
283 3131 697 3196 vehementer
730 3131 925 3196 etiam
958 3139 1153 3214 'atque
1188 3129 1383 3195 etiam
1417 3151 1594 3216 rogo.

1138 3277 1221 3335 VI
1242 3297 1291 3335 a.

860 3381 978 3474 Sor.
996 3373 1210 3437 Romae
1231 3401 1281 3438 a.
1300 3389 1356 3436 u.
1378 3399 1425 3437 e.
1446 3383 1574 3438 698.-

368 3483 448 3538 Μ.
487 3483 763 3540 CICERO
800 3483 869 3549 Q.
906 3483 1220 3572 VALERO
1259 3484 1326 3550 Q.
1364 3485 1432 3539 F.
1472 3483 1725 3541 ORCAE
1757 3482 2072 3540 PROCOS.

314 3589 388 3657 S.
426 3612 489 3654 v.
522 3588 589 3654 b.
627 3613 683 3656 e.
722 3612 783 3654 v.
840 3591 1030 3656 oredo
1066 3601 1131 3678 te
1166 3583 1474 3657 memoria
1509 3602 1750 3668 tenere,
1786 3613 1890 3657 me
1926 3601 1991 3656 et
2027 3612 2243 3658 coram

182 3684 259 3750 P.
292 3681 544 3770 Cuspio
580 3693 793 3748 tecum
826 3684 1114 3750 locutum
1141 3707 1300 3762 esse,
1338 3705 1486 3753 oum
1515 3696 1579 3750 te
1613 3705 2036 3770 prosequerer
2060 3685 2246 3770 palu·

186 3777 436 3854 datum,
484 3787 547 3842 et
581 3774 735 3842 ite'm
769 3787 997 3864 postea
1038 3778 1330 3864 pluribus
1367 3779 1579 3845 verbis
1615 3789 1830 3845 tecum
1865 3778 2104 3864 egisse,
2151 3787 2244 3855 ut,

186 3879 628 3956 quoscumque
662 3872 781 3938 tibi
804 3872 945 3940 eius
980 3873 1371 3942 necessarios
1408 3874 1939 3950 commendarem,
1973 3871 2246 3940 haberes

185 3987 292 4032 eos
343 3968 413 4032 in
464 3990 733 4035 numero
783 3991 1076 4039 meorum
1126 3969 1660 4036 necessariorumt
1721 3969 1790 4036 id
1842 3979 1914 4034 tu
1965 3989 2082 4056 pro
2137 3977 2249 4034 tua

186 4083 437 4128 summa
490 4082 647 4150 erga
698 4087 799 4130 me
823 4148 829 4150 .
857 4065 1303 4132 benevolentia
1338 4072 1789 4160 'perpetuaque
1845 4063 2252 4132 observantia

2283 701 2306 740 1

2279 2582 2304 2621 3

2280 3602 2303 3641 1
