2675 4559
475 195 1040 255 ;EPIST0LARUM
1073 194 1185 251 AD
1223 195 1292 260 Q.
1328 194 1706 251 FRATREM
1738 194 1815 251 11.
1854 199 2049 253 1213.
2172 186 2304 254 455

238 323 419 388 datas
472 320 892 385 Blandenone
945 341 1093 384 cum
1145 316 1445 388 Caesaris
1497 319 1722 385 litteris
1738 368 1757 398 ,
1820 320 2072 387 refertis
2123 324 2301 389 omni

237 416 480 493 officie,
533 414 897 501 diligentia,
951 413 1288 488 suavitate.
1378 424 1525 481 sunt
1578 416 1703 481 ista
1747 415 2008 499 quidem
2063 440 2301 503 mag-na

235 510 337 577 vel
363 510 576 597 potius
609 505 917 586 maxima3
955 508 1194 579 habent
1217 508 1393 573 enim
1418 508 1553 575 vim
1579 532 1883 595 magnam
1916 511 1998 575 ad
2028 510 2301 596 gloriam

233 616 300 672 et
335 606 420 670 ad
465 626 781 670 summam
815 603 1223 691 dignitatem3
1265 603 1387 668 sed
1420 602 1579 667 mihi
1610 604 1833 681 erede,
1882 626 2076 688 quem
2110 607 2299 685 nosti,

233 700 409 784 quod
453 700 521 765 in
562 699 700 765 istis
743 698 936 765 rebus
981 718 1104 785 ego
1149 696 1411 785 plurimi
1441 697 1737 774 aestimo,
1782 697 1849 762 id
1894 700 2027 766 iam
2047 700 2295 766 habeo:

231 808 298 861 te
334 793 578 861 scilicet
619 794 900 881 primum
945 803 1080 858 tam
1123 793 1573 865 inservientem
1622 795 1944 861 communi
1978 794 2296 881 dignitati,

232 888 466 955 deinde
504 887 803 956 Caesaris
855 898 1104 953 tantum
1149 887 1218 952 in
1263 908 1368 953 me
1414 910 1725 966 amorem,
1772 910 1967 972 quem
2002 890 2299 955 omnibus

228 984 309 1050 iis
355 984 734 1060 honoribus,
784 1006 946 1068 quos
992 1006 1096 1050 me
1143 1006 1182 1053 a
1218 1006 1288 1051 se
1337 995 1710 1075 exspectare
1746 986 1909 1061 volt,
1956 996 2294 1071 antepono.

228 1078 478 1145 litterae
522 1100 676 1143 vero
723 1078 860 1146 eius
903 1102 1036 1143 una
1088 1077 1273 1145 datae
1319 1098 1468 1143 cum
1513 1078 1669 1156 tuis,
1722 1100 1995 1163 quarum
2045 1078 2297 1144 initium
2390 1156 2397 1163 ο

229 1184 361 1249 est,
414 1194 610 1257 quam
663 1164 896 1239 suavis=
924 1174 984 1238 ei
1039 1184 1188 1239 tuus
1235 1172 1548 1243 adventus
1600 1172 1795 1243 fuerit
1837 1184 1901 1238 et
1942 1173 2296 1239 recordatio

229 1268 464 1333 veteris
511 1266 773 1345 amoris,
829 1267 1090 1345 deinde,
1147 1290 1216 1333 se
1239 1270 1244 1274 “
1271 1266 1656 1333 effecturum
1700 1278 1781 1331 ut·
1814 1289 1937 1353 ego
1971 1268 2039 1331 in
2083 1267 2294 1337 medio

229 1362 450 1427 dolore
487 1383 563 1425 ac
597 1360 912 1453 desiderio
939 1361 1032 1425 tui
1067 1372 1153 1439 te,
1198 1383 1348 1433 cum
1376 1384 1415 1426 a
1442 1382 1547 1427 me
1574 1362 1853 1437 abesses,
1890 1360 2294 1447 potissimum

227 1476 450 1521 secum
487 1477 625 1521 esse
670 1454 970 1532 laetarer,
1023 1455 1481 1521 incredibiliter
1532 1478 1627 1521 me
1660 1454 2076 1521 delectarunt.
2166 1477 2295 1541 qua
2311 1487 2314 1491 ·
2330 1475 2355 1515 2

224 1574 296 1617 re
331 1549 492 1615 facis
528 1562 601 1615 tu
637 1550 896 1634 quidem
940 1550 1248 1627 fraterne,
1293 1550 1471 1635 quod
1514 1572 1619 1615 me
1653 1550 1955 1627 hortaris,
2002 1551 2117 1619 sed
2159 1572 2294 1617 me-

223 1645 486 1711 hercule
523 1655 883 1715 currentem
919 1666 1090 1709 nunc
1125 1645 1409 1728 quidem,
1454 1656 1527 1709 ut
1554 1645 1767 1709 omnia
1802 1666 1947 1715 mea
1982 1644 2194 1709 studia
2226 1646 2294 1713 in

222 1739 422 1807 istum
454 1760 658 1809 unum
695 1738 1040 1811 conferam.
1125 1761 1246 1825 ego
1281 1760 1437 1803 vero
1481 1737 1729 1803 ardenti
1749 1737 2025 1821 ‘quidem
2062 1732 2293 1814 studit),

223 1854 303 1898 ac
354 1832 624 1899 fortasse
681 1833 986 1910 efficiam,
1041 1834 1216 1918 quod
1267 1854 1460 1918 saepe
1510 1831 1890 1909 viatoribus,
1942 1854 2093 1897 cum
2146 1854 2294 1918 pro·

221 1938 482 2016 perant,
519 1928 761 2007 evenit,
805 1937 905 2006 ut,
941 1928 997 1996 si
1031 1927 1266 2004 serius,
1317 1948 1513 2010 quam
1554 1926 1899 2037 voluerint,
1952 1926 2119 1991 forte
2155 1949 2294 1991 eur·-

221 2020 525 2099 rexerint,
553 2014 962 2109 propera-ndo
991 2022 1185 2087 etiam
1221 2020 1429 2099 citius,
1468 2042 1663 2105 quam
1699 2020 1755 2085 si
1789 2020 1870 2085 de
1905 2031 2091 2086 nocte
2124 2020 2296 2131 vigi-⁶
2310 2010 2326 2023 ⁴

219 2115 492 2193 lassent,
536 2116 914 2209 perveniant
946 2136 1076 2199 quo
1122 2115 1351 2191 velint,
1398 2114 1490 2181 sic
1526 2136 1680 2199 eg0,
1724 2114 2029 2197 quoniam
2064 2114 2133 2179 in
2166 2114 2287 2179 isto

221 2208 482 2287 homine
525 2210 794 2277 colendo
840 2220 972 2275 tam
1015 2208 1359 2275 indormivi
1403 2208 1543 2285 diu,
1589 2220 1654 2273 te
1698 2208 2064 2275 mehercule
2098 2230 2289 2294 saepe

222 2302 568 2379 excitante,
635 2326 828 2369 cursu
879 2304 1198 2391 corrigam
1251 2303 1618 2371 tarditatem
1674 2324 1823 2367 cum
1878 2302 2089 2385 equis,
2147 2314 2289 2369 tum

218 2416 376 2461 vero
409 2432 496 2449 -·-
527 2399 833 2482 quoniam
877 2411 948 2465 tu
987 2398 1220 2465 scribis
1265 2404 1499 2485 poe‘ma
1544 2398 1631 2463 ab
1675 2418 1751 2462 eo
1795 2409 2086 2478 nostrum
2140 2419 2289 2483 pro-

219 2490 362 2555 bari
395 2526 484 2543 -··-
516 2493 846 2578 quadrigis
881 2494 1167 2578 poeticis.
1259 2493 1451 2561 modo
1484 2492 1643 2557 mihi
1679 2492 1827 2557 date
1862 2492 2285 2568 Britanniam,

219 2606 418 2669 quam
469 2586 734 2670 pingam
787 2588 1108 2653 coloribus
1153 2588 1312 2665 tuis,
1364 2586 1662 2676 penicillo
1695 2606 1869 2651 meo.
1960 2585 2077 2649 sed
2130 2585 2287 2667 quid

218 2680 386 2765 ago?
439 2680 613 2763 quod
647 2679 808 2744 mihi
841 2691 1124 2767 tempus,
1171 2682 1419 2747 Romae
1452 2679 1857 2765 praesertim,
1910 2690 1985 2745 ut
2026 2678 2145 2741 iste
2180 2698 2285 2741 me

217 2785 437 2858 rogat,
473 2773 785 2851 manenti,
821 2794 1100 2839 vacuum
1135 2774 1529 2845 ostenditur?
1575 2772 1689 2837 sed
1724 2770 1973 2847 videro,
1958 2794 1973 2809 ·
2010 2770 2284 2836 fortasse

221 2868 421 2945 enim,
465 2877 540 2932 ut
572 2868 674 2944 fit,
719 2868 932 2935 vincet
967 2878 1116 2932 tuus
1151 2890 1332 2933 amor
1366 2866 1573 2932 omnis
1611 2862 2041 2936 difficultates
2127 2864 2287 2931 Tre-
2320 2886 2345 2925 3

220 2960 466 3026 batium
501 2962 676 3047 quod
713 2963 795 3027 ad
832 2985 900 3029 se
937 2962 1244 3039 miserim,
1278 2960 1561 3048 persalse
1598 2971 1663 3025 et
1696 2956 2060 3025 humaniter
2094 2960 2284 3026 etiam
2358 2971 2361 2974 '
2397 2982 2404 2988 ·

220 3055 460 3141 gratias
493 3056 650 3121 mihi
687 3056 852 3143 agit:
889 3068 1086 3143 negat
1109 3056 1284 3122 enim
1311 3057 1379 3120 in
1404 3064 1583 3121 tanta
1610 3053 2017 3121 multitudine
2044 3075 2285 3130 eorum,

221 3150 334 3233 qui
369 3172 502 3217 una
535 3164 778 3230 essent,
816 3170 1204 3235 quemquam
1239 3150 1471 3227 fuisse,
1512 3149 1626 3233 qui
1662 3146 2097 3215 vadimonium
2136 3168 2287 3211 con·

223 3244 434 3329 cipere
487 3258 723 3332 posset·
817 3246 917 3311 Μ.
967 3244 1195 3311 Curtio
1246 3244 1643 3310 tribunatum
1700 3243 1782 3309 ab
1838 3264 1915 3307 eo
1966 3241 2166 3331 petivi
2200 3276 2287 3290 «-

220 3358 373 3404 nam
388 3339 718 3407 Domitius
745 3364 814 3407 se
819 3334 1125 3407 derideri
1155 3348 1464 3425 putasset,
1500 3339 1555 3403 si
1586 3349 1754 3404 esset
1782 3361 1821 3402 a
1854 3359 1959 3401 me
1992 3346 2255 3421 rogatus
2266 3360 2284 3413 3

220 3433 344 3499 hoc
387 3436 558 3501 enim
605 3446 705 3503 est
749 3436 888 3501 eius
933 3433 1353 3510 cotidianum,
1408 3456 1477 3497 se
1510 3455 1594 3497 ne
1642 3432 1971 3497 tribunum
2007 3430 2283 3495 militum

223 3530 483 3612 quidem
524 3530 770 3597 facere:
826 3530 1020 3597 etiam
1063 3530 1130 3593 in
1175 3538 1405 3594 senatu
1448 3528 1601 3592 lusit
1636 3526 1925 3613 Appium
1970 3524 2284 3611 collegam

220 3635 559 3709 propterea
601 3627 729 3691 isse
765 3625 850 3694 ad
887 3617 1264 3702 Caesarem,
1309 3634 1385 3689 ut
1420 3623 1701 3707 aliquem
1736 3622 2133 3715 tribunatum
2168 3643 2285 3684 au-

221 3715 418 3791 fen-et
449 3754 566 3798 --,
613 3721 728 3787 sed
762 3720 830 3787 in
867 3721 1137 3787 alterum
1175 3740 1433 3784 annum.
1523 3717 1590 3781 id
1620 3728 1703 3781 -et
1740 3714 2005 3781 Curtius
2046 3713 2139 3777 ita
2172 3734 2285 3779 vo-

221 3814 414 3882 lebat.
501 3826 572 3892 tu
586 3862 605 3893 ,
652 3838 842 3901 quem
882 3816 964 3880 ad
1007 3815 1270 3879 modum
1315 3836 1421 3878 me
1456 3832 1680 3877 censes
1716 3820 2009 3896 oportere
2046 3830 2187 3873 esse
2222 3818 2287 3871 et
2318 3826 2346 3865 4

221 3911 290 3975 in
323 3932 394 3975 re
429 3910 690 3995 publica
727 3921 790 3977 et
833 3911 901 3975 in
933 3908 1166 3974 nostris
1209 3904 1585 3983 inimicitiis,
1630 3906 1723 3971 ita
1756 3914 1823 3970 et
1856 3926 1995 3969 esse
2039 3913 2103 3966 et
2147 3901 2285 3965 fore

221 4004 508 4073 auricula
543 4004 762 4069 infima
799 4004 958 4070 scito
993 4003 1365 4069 molliorem.
1428 4024 1533 4069 res
1567 3998 1899 4067 Romanae
1935 4020 2003 4063 se
2040 3998 2135 4063 sic
2169 3996 2285 4061 ha-
2318 4012 2345 4053 5
