2675 4559
383 195 430 263 8
1001 201 1078 256 Μ.
1117 200 1389 261 TULLII
1424 196 1825 263 CICERONIS

385 332 686 406 libenter,
737 337 838 404 ut,
891 324 1192 409 quoniam
1241 323 1576 392 intervallo
1626 324 1912 399 locorum
1964 332 2031 389 et
2080 334 2447 409 temporum

387 423 654 493 diiuncti
687 440 936 497 sumus,
972 442 1088 505 per
1121 418 1366 489 litteras
1400 428 1615 483 tecum
1649 438 1844 502 quam
1880 415 2251 503 saepissime
2286 438 2447 483 con-

383 520 632 603 loquar.
717 514 891 599 quod
925 512 981 579 si
1013 508 1218 583 rarius
1252 512 1366 582 fiet
1400 534 1595 595 quam
1639 522 1711 579 tu
1746 510 2173 599 exspectabis,
2216 512 2285 579 i'd
2320 512 2447 579 erit

386 634 641 688 causae,
677 608 852 693 quod
884 630 1015 676 non
1049 608 1194 680 eius,
1221 606 1475 693 generis
1510 629 1695 673 meae
1725 605 1978 675 litterae
2010 617 2185 683 sunt,
2222 618 2297 674 ut
2330 628 2445 675 eas

323 701 338 713 ‘
387 706 662 777 audeam
703 714 942 771 temere
977 701 1397 773 committere:
1443 700 1737 785 quotiens
1782 700 1943 771 mihi
1974 711 2291 769 cenorum
2324 698 2447 765 ho-

387 800 634 869 minum
675 807 958 883 potestas
995 796 1138 873 erit,
1185 794 1419 879 quihus
1452 805 1623 861 recte
1658 794 1836 872 dem,
1879 816 2009 867 non
2042 793 2449 881 praetemit-

329 912 354 950 2
389 906 541 959 tam.
611 892 788 976 quod
823 891 982 959 scire
1017 890 1134 967 vis,
1169 910 1301 973 qua
1333 889 1607 973 quisque
1638 889 1707 956 in
1741 899 1807 955 te
1838 889 1965 959 fide
2000 890 2084 955 sit
2116 900 2183 957 et
2214 890 2449 957 volun-2

389 998 550 1065 tate,
605 984 868 1054 difficile
909 984 1086 1052 dictu
1132 994 1229 1049 est
1272 983 1355 1052 de
1396 982 1694 1068 singulis:
1746 1004 1949 1053 unum
1999 984 2161 1051 illud
2210 982 2441 1075 audeo,

386 1080 568 1165 quod
607 1089 798 1167 antea
836 1077 954 1143 tibi
995 1099 1188 1162 saepe
1233 1076 1619 1163 significavi,
1668 1100 1841 1145 nunc
1884 1081 2141 1163 quoque
2182 1100 2255 1145 re
2294 1100 2449 1163 per-2

389 1185 609 1260 specta
643 1184 708 1237 et
743 1170 999 1257 cognita
1033 1170 1328 1249 scribere,
1362 1170 1771 1238 vehementer
1803 1172 2115 1257 quosdam
2149 1170 2441 1237 homines

390 1281 453 1333 et
489 1289 598 1333 eos
633 1266 929 1341 maxime,
966 1264 1077 1349 qui
1111 1275 1174 1331 te
1202 1275 1268 1331 et
1299 1265 1578 1331 maxime
1605 1265 1963 1332 debuerunt
1996 1278 2061 1332 et
2093 1266 2443 1351 plurimum

387 1362 608 1425 iuvare
643 1369 1016 1445 potuerunt,
1051 1358 1356 1425 invidisse
1392 1359 1687 1445 dignitati
1721 1372 1890 1437 tuae,
1926 1361 2441 1443 simillimamque

388 1456 456 1519 in
489 1478 560 1519 re
589 1451 878 1519 dissimili
913 1452 1007 1517 tui
1042 1454 1343 1539 temporis
1369 1475 1541 1519 nunc
1567 1464 1630 1520 et
1662 1454 1861 1520 nostri
1890 1454 2215 1539 quondam
2241 1454 2443 1519 fuisse

389 1549 720 1624 rationem,
755 1558 856 1623 ut,
893 1567 1054 1630 quos
1089 1557 1161 1610 tu
1195 1547 1289 1612 rei
1323 1547 1621 1634 publicae
1656 1570 1853 1614 causa
1886 1542 2191 1627 laeseras,
2227 1548 2443 1635 palam

389 1654 456 1709 te
489 1652 962 1729 oppugnarent,
998 1661 1270 1725 quorum
1306 1644 1765 1719 auctoritatem,
1802 1642 2181 1729 dignitatem
2215 1645 2443 1709 volun-

389 1747 714 1820 tatemque
760 1735 1168 1812 defenderas,
1219 1758 1355 1801 non
1397 1747 1531 1801 tam
1575 1756 1886 1803 memores
1933 1750 2145 1804 essent
2188 1737 2443 1803 virtutis

387 1843 538 1897 tuae
572 1853 768 1914 quam
800 1828 1008 1898 laudis
1043 1828 1300 1896 inimici.
1390 1850 1519 1912 quo
1554 1829 1814 1913 quidem
1848 1842 2152 1916 tempore,
2189 1843 2267 1899 ut
2294 1854 2445 1917 per·-

389 1924 614 2011 scripsi
648 1924 733 1989 ad
767 1934 832 1987 te
867 1932 1075 1998 antea,
1113 1922 1389 2007 cognovi
1414 1924 1835 1991 Hortensium
1868 1924 2286 2011 percupidum
2324 1924 2441 2002 tui,
2495 1943 2507 1952 ·

389 2018 745 2085 studiosum
761 2016 1130 2091 Lucullum,
1165 2039 1246 2081 ex
1269 2015 1749 2101 magistratibus
1778 2030 1995 2084 autem
2019 2019 2103 2085 L.
2122 2019 2445 2099 Racilium

388 2124 454 2177 et
496 2112 624 2177 fide
659 2121 724 2175 et
767 2110 980 2176 animo
1026 2110 1352 2195 singulari.
1438 2134 1593 2177 nam
1634 2123 1851 2183 nostra
1893 2114 2319 2200 propugnatio
2366 2137 2446 2179 ac

387 2205 674 2274 defensio
720 2203 1045 2291 dignitatis
1088 2214 1237 2269 tuae
1289 2216 1549 2291 propter
1590 2206 2096 2293 magnitudinem
2149 2208 2443 2275 benefieii

387 2300 484 2365 tui
517 2298 784 2365 fortasse
809 2299 1130 2383 plerisque
1159 2298 1358 2365 officii
1392 2300 1698 2367 maiorem
1727 2302 2170 2369 auctoritatem
2200 2303 2441 2371 habere

327 2406 352 2447 8
387 2392 681 2462 videatur
725 2413 920 2476 quam
963 2392 1332 2459 sententiae.
1419 2405 1749 2479 praeterea
1788 2394 2049 2479 quidem
2094 2398 2179 2463 de
2210 2420 2443 2465 consu-

386 2486 630 2551 laribus
671 2486 916 2551 nemini
953 2508 1217 2572 possum
1263 2499 1377 2553 aut
1420 2488 1614 2555 studii
1648 2512 1805 2576 erga
1848 2502 1913 2557 te
1948 2503 2060 2558 aut
2094 2492 2288 2558 officii
2326 2506 2443 2559 aut»

385 2579 574 2646 amici
619 2580 812 2647 animi
849 2604 988 2647 esse
1031 2581 1236 2647 testis:
1291 2582 1527 2647 etenim
1559 2582 1973 2671 Pompeium,
2027 2587 2140 2671 qui
2184 2609 2443 2655 mecum

385 2674 755 2761 saepissime
797 2696 926 2741 non
971 2675 1178 2741 solum
1222 2699 1262 2741 a
1306 2699 1409 2743 me
1452 2690 1865 2761 provocatus,
1918 2680 2034 2745 sed
2080 2680 2275 2747 etiam
2319 2704 2443 2749 sua

383 2780 610 2854 sponte
647 2769 728 2835 de
763 2780 826 2833 te
861 2769 1328 2838 communicare
1358 2771 1536 2846 solet,
1572 2772 1695 2837 scis
1732 2775 2123 2859 temporibus
2156 2776 2281 2842 illis
2304 2799 2441 2843 non

383 2884 574 2947 saepe
625 2862 694 2925 in
745 2873 972 2928 senatu
1023 2862 1218 2929 fuisse
1230 2888 1248 2939 3
1300 2864 1408 2929 cui
1452 2864 1712 2948 quidem
1754 2866 1999 2935 litterae
2044 2880 2223 2948 tuae,
2258 2892 2438 2955 quas

381 2955 670 3039 proxime
713 2954 1007 3033 miseras,
1061 2956 1236 3041 quod
1278 2957 1469 3026 facile
1513 2958 1958 3039 intellexerim,
2003 2963 2437 3049 periucundae

381 3048 657 3113 fuerunt.
746 3044 904 3113 mihi
947 3050 1208 3135 quidem
1250 3050 1616 3118 humanitas
1653 3065 1768 3121 tua
1800 3056 1901 3123 vel
1938 3080 2189 3123 summa
2220 3059 2437 3145 potius

381 3142 694 3227 sapientia
727 3164 858 3208 non
900 3142 1184 3211 iucunda
1217 3147 1455 3225 solum,
1494 3147 1607 3213 sed
1644 3149 1835 3239 etiam
1871 3150 2261 3219 admirabilis
2297 3154 2437 3219 visa

381 3248 504 3302 est:
541 3237 751 3303 virum
779 3238 949 3305 enim
977 3240 1395 3307 excellentem
1422 3254 1487 3307 et
1523 3243 1640 3308 tibi
1673 3254 1785 3309 tua
1811 3248 2157 3330 praestanti
2191 3248 2259 3313 in
2285 3271 2436 3315 eum

377 3329 758 3397 liberalitate
820 3333 1216 3411 devinctum,
1277 3358 1410 3401 non
1471 3336 1633 3401 nihil
1686 3339 2115 3425 suspicantem
2172 3354 2434 3429 propter

379 3422 738 3505 aliquorum
773 3425 1138 3509 opinionem
1185 3451 1338 3493 suae
1377 3430 1741 3515 cupiditatis
1788 3442 1850 3498 te
1886 3433 1970 3497 ab
2006 3458 2075 3499 se
2110 3434 2437 3503 abaliena-

377 3524 546 3590 tum,
589 3517 700 3581 illa
745 3519 1010 3602 epistola
1053 3521 1399 3599 retinuisti3
1456 3524 1569 3607 qui
1614 3525 1771 3590 mihi
1807 3549 1953 3593 cum
1988 3552 2240 3616 semper
2280 3543 2434 3600 tuae

375 3606 551 3672 laudi
586 3607 803 3675 favere
838 3610 1014 3677 visus
1041 3624 1157 3689 est,
1195 3616 1390 3681 etiam
1420 3614 1563 3702 ipso
1591 3621 2108 3707 suspitiosissimo
2144 3636 2433 3712 tempore
2538 3702 2547 3707 ,

377 3697 766 3781 Caniniano,
819 3714 958 3769 tum
1000 3728 1152 3772 vero
1195 3708 1375 3775 lectis
1413 3711 1539 3775 tuis
1586 3712 1811 3780 litteris
1848 3728 2223 3803 perspectus
2260 3730 2357 3783 est
2392 3744 2435 3786 a

371 3816 478 3859 me
513 3806 644 3863 toto
681 3796 892 3863 animo
928 3798 1008 3865 de
1051 3811 1116 3867 te
1151 3823 1229 3869 ac
1265 3802 1347 3869 de
1389 3805 1515 3871 tuis
1552 3811 1943 3875 ornamentis
1980 3822 2044 3876 et
2079 3812 2431 3879 commodis

313 3902 342 3941 4
376 3888 676 3971 cogitare.
765 3914 894 3977 qua
927 3918 998 3961 re
1033 3918 1130 3975 ea,
1167 3918 1334 3981 quae
1370 3899 1674 3978 scribam,
1712 3903 1803 3968 sic
1838 3902 2101 3982 habeto,
2139 3929 2243 3972 me
2278 3929 2432 3971 cum

372 3978 480 4044 illo
512 4002 583 4047 re
618 4005 810 4071 saepe
845 3991 1314 4059 communicata
1349 3992 1429 4059 de
1460 3993 1633 4061 illius
1662 3996 1746 4062 ad
1782 4006 1844 4062 te
1882 3998 2197 4065 sententia
2234 4010 2431 4086 atque
