2675 4559
644 207 1194 265 EPISTOLARUM
1227 207 1329 266 v1.
1365 209 1416 263 3.
1435 210 1488 264 4.
1742 186 1748 193 '
1964 197 2089 264 123

122 337 292 402 videor
328 355 551 419 augere
594 331 872 398 dolorem
927 341 1139 408 tuum,
1190 352 1384 414 quem
1442 332 1824 398 consolando
1876 333 2090 400 levare

124 431 357 506 debeam,
405 427 605 492 fateor
642 447 745 492 me
780 424 1212 491 communium
1248 425 1559 490 malorum
1595 427 2089 496 consolationem

120 524 303 588 nullam
331 520 605 586 invenire
636 529 886 605 praeter
917 518 1115 596 illam,
1151 539 1325 602 quae.
1352 530 1586 598 tamen,
1620 519 1677 584 >si
1712 520 1920 606 possis
1945 543 2088 588 eam

120 617 400 702 suscipere,
448 613 725 680 maxima
764 624 865 680 est
913 633 1169 698 quaque
1214 633 1336 698 ego
1381 613 1614 678 cotidie
1663 614 1870 700 magis
1913 625 2088 680 utor:

120 707 493 774 conscientiam
542 719 752 776 rectae
804 705 1151 772 voluntatis
1194 705 1542 770 maximam
1594 707 2090 777 consolationem

118 826 217 868 esse
244 823 432 868 rerum
462 799 1011 867 incommodarum
1042 821 1165 864 nec
1198 822 1339 866 esse
1373 799 1578 866 ullum
1610 823 1919 887 magnum
1951 825 2090 871 ma-

117 899 211 962 lum
237 907 461 982 practer
492 896 776 980 culpam:
810 917 855 960 a
883 915 1019 979 qua
1052 894 1356 979 quoniam
1383 904 1634 981 tantum
1660 894 1987 973 absumus,
2015 908 2090 962 ut

120 991 259 1054 etiam
284 989 503 1076 optime
553 988 965 1066 senserimus,
1011 998 1404 1073 eventusque
1445 989 1652 1076 magis
1694 989 1895 1054 nostri
1939 1010 2090 1053 con-

120 1085 202 1148 silii
228 1106 391 1167 quam
424 1083 757 1148 consilium
790 1081 1308 1168 reprehendatur,
1343 1093 1410 1148 et
1443 1082 1746 1168 quoniam
1778 1082 2092 1168 praestiti-

120 1200 217 1242 mus
244 1179 392 1262 quod
426 1177 783 1253 debuimus,
820 1177 1145 1242 moderate
1172 1177 1348 1260 quod
1373 1176 1587 1242 evenit
1617 1177 1918 1246 feramus.
1973 1177 2088 1250 sed
2163 1203 2167 1207 ·

120 1269 201 1334 hoc
226 1271 357 1336 mihi
396 1283 610 1336 tamen
646 1293 775 1336 non
810 1291 1025 1346 sumo,
1074 1280 1149 1334 ut
1190 1281 1255 1334 te
1290 1271 1578 1336 consoler
1619 1270 1702 1337 de
1737 1269 2090 1336 communi-

119 1363 199 1428 bus
225 1365 491 1442 miseriis,
528 1387 698 1449 quae
732 1364 817 1429 ad
851 1363 1306 1429 consolandum
1340 1359 1598 1430 maioris
1631 1365 1872 1451 ingenii
1907 1374 1968 1430 et
2004 1365 2090 1430 ad

118 1457 383 1524 ferundum
414 1457 757 1543 singularis
801 1457 1051 1524 virtutis
1086 1458 1406 1544 indigent:
1449 1458 1610 1524 illud
1653 1459 1854 1526 cuivis
1899 1458 2087 1524 facile

118 1561 182 1614 est
213 1551 437 1630 docere,
490 1575 607 1618 cur
660 1552 1001 1639 praecipue
1044 1563 1115 1618 tu
1159 1551 1374 1618 dolere
1416 1551 1576 1618 nihil
1629 1552 1894 1630 debeas3
1949 1553 2085 1620 eius

118 1645 259 1723 enim,
294 1647 397 1730 qui
428 1647 671 1713 tardior
702 1647 772 1710 in
806 1657 871 1713 te
902 1645 1177 1712 levando
1211 1645 1362 1721 fuit,
1407 1666 1602 1729 quam
1644 1645 1784 1712 fore
1827 1657 2086 1731 putara-

118 1759 230 1813 mus,
253 1761 367 1804 non
398 1752 491 1806 est
525 1740 689 1809 mihi
723 1740 919 1806 dubia
954 1740 1035 1805 de
1069 1751 1185 1804 tua
1218 1737 1423 1804 salute
1458 1739 1802 1817 sententia3
1847 1740 1928 1806 de
1961 1740 2085 1804 illis

120 1845 269 1896 autem
297 1855 416 1898 non
450 1835 728 1900 arbitror
753 1845 816 1899 te
844 1844 1211 1920 exspectare
1239 1832 1396 1916 quid
1431 1831 1720 1897 sentiam.
1773 1832 2088 1917 reliquum
2123 1847 2150 1886 ³

119 1934 194 2000 est,
219 1937 278 1991 ut
304 1939 361 1993 te
392 1941 609 2014 angat,
647 1930 821 2011 quod
856 1928 1025 1992 absis
1064 1951 1103 1992 a
1136 1927 1262 1992 tuis
1297 1937 1430 1991 tam
1465 1926 1596 1992 diu.
1667 1949 1770 1992 res
1804 1927 2088 2006 molesta,

116 2022 405 2098 praesertim
448 2022 532 2087 ab
584 2021 667 2086 iis
710 2021 953 2107 pueris,
999 2020 1232 2104 quibus
1277 2019 1435 2085 nihil
1477 2029 1688 2107 potest
1730 2043 1870 2087 esse
1913 2021 2089 2087 festi-

117 2109 236 2190 vius3
265 2115 381 2192 sed,
414 2128 487 2181 ut
522 2117 608 2181 ad
645 2126 707 2180 te
744 2115 969 2200 scripsi
1004 2126 1211 2192 antea,
1248 2124 1501 2200 tempus
1539 2125 1634 2181 est
1668 2114 1860 2181 huius
1893 2116 2086 2192 modi,

73 2283 76 2294 Ι
116 2214 164 2265 ut
188 2229 331 2271 suam
373 2209 643 2294 quisque
689 2209 1126 2274 condicionem
1166 2207 1586 2274 miserrimam
1620 2219 1804 2295 putet
1837 2220 1929 2286 et,
1974 2210 2087 2276 ubi
2141 2203 2146 2207 ⁴

118 2298 317 2382 quisque
348 2303 451 2382 sit,
502 2304 595 2369 ibi
642 2325 780 2370 esse
825 2302 1084 2368 minime
1121 2303 1291 2370 velit.
1381 2302 1708 2387 equidem,
1759 2326 1878 2370 nos
1914 2305 2089 2394 quod

118 2387 295 2460 Romae
318 2419 549 2475 sumus,
586 2397 1012 2463 miserrimum
1040 2419 1179 2462 esse
1204 2397 1392 2472 ducO,
1425 2418 1555 2462 non
1581 2397 1788 2463 solum
1813 2397 1987 2482 quod
2021 2398 2088 2463 in

119 2487 245 2553 malis
288 2493 567 2560 omnibus
632 2492 923 2558 acerbius
974 2501 1074 2556 est
1132 2490 1352 2558 videre
1412 2512 1606 2577 quam
1659 2492 1908 2568 audire,
1971 2494 2086 2558 sed

120 2579 249 2646 etiam
278 2586 433 2668 quod
467 2587 551 2653 ad
596 2586 805 2652 omnis
850 2607 1036 2652 casus
1080 2585 1438 2652 subitorum
1483 2585 1914 2670 periculorum
1946 2607 2085 2650 ma-

118 2670 182 2752 gis
218 2674 415 2746 obiecti
466 2702 691 2746 sumus
734 2700 931 2763 quam
981 2679 1037 2744 si
1088 2679 1490 2755 abessemus3
1544 2679 1664 2744 etsi
1705 2701 1808 2744 me
1851 2677 2083 2763 ipsum,

120 2769 488 2838 consolatorem
522 2784 709 2840 tuum
723 2820 743 2850 ,
787 2795 917 2840 non
952 2783 1201 2838 tantum
1233 2770 1512 2848 litterae,
1555 2771 1792 2855 quibus
1835 2793 2086 2857 semper

119 2859 284 2940 studui,
312 2878 617 2948 quantum
649 2866 1081 2952 longinquitas
1114 2866 1420 2950 temporis
1453 2864 1790 2952 mitigavit.
1845 2876 2082 2950 quanto
2115 2880 2144 2920 ⁴

119 2946 279 3020 fuerim
306 2962 367 3024 in
400 2960 641 3037 dolore,
678 2960 1049 3026 meministi:
1084 2960 1153 3026 in
1188 2981 1317 3044 quo
1353 2960 1560 3045 prima
1592 2960 1702 3024 illa
1737 2960 2084 3048 consolatio

120 3055 195 3149 051,
219 3050 423 3120 vidisse
453 3078 562 3122 me
595 3055 741 3141 plus
774 3075 971 3138 quam
1006 3064 1269 3130 ceteros,
1306 3075 1455 3119 eum
1491 3054 1825 3139 cupiebam
1861 3075 2087 3138 quam-

118 3156 179 3242 Ψ
204 3139 387 3228 iniqua
418 3148 791 3215 condicione
825 3169 1051 3234 pacem
1062 3172 1083 3226 ς
1118 3147 1293 3232 quod
1318 3148 1439 3214 etsi
1474 3169 1646 3223 casu,
1680 3169 1813 3212 non
1841 3147 2086 3213 divina-

119 3239 234 3298 tlone
267 3260 395 3308 mea
434 3242 679 3310 faemm
717 3253 846 3319 est,
898 3253 1114 3308 tamen
1156 3239 1283 3328 [in]
1310 3241 1456 3305 'hac
1497 3239 1670 3304 inani
1712 3239 2084 3325 prudentiae

119 3318 251 3394 laude
292 3332 577 3404 delector.
684 3337 941 3412 deinde,
1002 3336 1179 3421 quod
1229 3335 1390 3400 mihi
1443 3333 1526 3399 ad
1588 3332 2083 3399 consolationem

122 3433 378 3494 001mnune
408 3441 623 3496 tecum
656 3442 782 3509 est,
828 3431 885 3496 si
916 3430 1048 3495 iam
1080 3451 1276 3496 vocer
1312 3429 1400 3494 ad
1433 3427 1676 3493 exitum
1710 3426 1908 3504 vitae,
1953 3448 2084 3492 non

122 3507 175 3572 ab
210 3537 270 3582 ea
308 3542 373 3587 re
420 3524 679 3610 publica
730 3525 997 3601 avellar,
1051 3545 1181 3608 qua
1232 3521 1584 3589 carendum
1627 3543 1766 3588 esse
1811 3521 2084 3598 doleam,

120 3615 411 3708 P1220⁸ertim
442 3639 587 3684 cum
619 3618 691 3684 id
735 3618 872 3684 sine
914 3618 1049 3683 ullo
1094 3640 1287 3683 sensu
1328 3616 1618 3682 futurum
1653 3615 1752 3681 sit.
1823 3614 2086 3682 adiuvat

122 3705 255 3766 enam
282 3718 443 3775 aetas
484 3723 550 3778 et
582 3721 727 3778 acta
766 3712 898 3777 iam
930 3711 1095 3790 vita,
1140 3733 1309 3796 quae
1354 3731 1503 3776 cum
1539 3732 1731 3776 cursu
1767 3730 1884 3774 suo
1919 3706 2084 3773 bene

120 3792 341 3888 ponfecto
370 3802 666 3883 delectat,
717 3815 857 3872 tum
890 3815 1067 3874 vetat
1108 3805 1177 3869 in
1210 3827 1289 3871 eo
1322 3805 1458 3870 vim
1493 3805 1748 3880 timere,
1801 3823 1930 3885 quo
1965 3821 2084 3864 nos

120 3898 207 3986 ¹³91
239 3903 441 3962 natura
480 3898 621 3985 ipsa
661 3921 867 3986 paene
908 3899 1298 3985 perduxerit.
1387 3908 1710 3984 postremo
1753 3896 1808 3959 is
1844 3894 1944 3958 vir
1979 3892 2084 3958 vel

122 3981 257 4045 etum
283 3985 324 4048 ii
350 3989 463 4058 viri
494 3991 615 4059 hoc
648 3994 815 4060 bello
849 3993 1237 4069 occiderunt,
1271 4003 1348 4058 ut
1379 3988 1756 4078 inpudentia
1788 3987 2082 4053 videatur
