2675 4559
507 245 631 307 1³34
1115 250 1192 304 M.
1230 247 1505 304 TULLII
1538 243 1938 306 CICERONIS

505 381 603 445 tiis
643 377 719 441 ds
753 372 1095 461 provinciis
1125 369 1377 448 Galliis,
1415 393 1543 437 neu
1578 371 1734 454 quid
1768 370 2156 436 coniunctim
2189 371 2530 439 referretur.

503 467 898 543 contristavit
949 468 1109 540 haec
1165 464 1479 533 sententia
1519 464 1801 531 Balbum
1846 462 2251 542 Cornelium,
2306 476 2370 531 et
2419 466 2530 530 scio

503 589 647 633 curu
687 573 986 649 questum
1018 582 1158 628 esse
1193 577 1340 625 cum
1378 557 1700 644 Scipione.
1756 557 2043 625 Calidius
2077 560 2148 624 in
2186 560 2530 627 defensione

507 685 619 725 sua
655 658 776 725 fuit
810 655 1283 732 disertissimae,
1320 654 1389 719 in
1424 653 1829 720 accusatione
1864 655 2015 719 satis
2051 653 2349 741 frigidus.

1487 804 1563 859 X.

733 910 850 967 Ser.
870 909 1085 964 Romae
1106 925 1157 963 a.
1178 908 1232 962 d.
1251 907 1447 963 XIIII.
1468 906 1601 962 Kal.
1620 907 1963 963 Decembres
1985 925 2036 962 a.
2054 926 2109 962 u.
2132 926 2182 963 c.
2206 909 2326 963 703.
2365 956 2366 959 ,

1066 1008 1398 1067 CAELIUS
1436 1007 1796 1066 CICERONI
1833 1008 1995 1065 SAL.

447 1153 459 1185 1
635 1133 804 1197 sane,
841 1150 1035 1212 quam
1070 1125 1295 1191 litteris
1333 1121 1411 1190 C.
1452 1122 1661 1190 Cassii
1696 1135 1760 1189 et
1792 1123 2087 1189 Deiotari
2124 1147 2349 1190 sumus
2384 1144 2529 1189 com-

507 1229 687 1301 mem
723 1246 874 1289 nam
910 1218 1175 1285 Cassius
1211 1220 1302 1284 cis
1335 1217 1715 1305 Euphraten
1749 1218 1963 1305 copias
1987 1217 2383 1286 Parthorum
2414 1239 2527 1283 esse

507 1321 771 1401 stu-ipsit,
806 1315 1156 1380 Deiotarus
1191 1311 1514 1399 profectas
1541 1334 1657 1397 per
1678 1310 2176 1399 Commagenen·
2198 1313 2269 1379 in
2301 1312 2527 1398 provin-

503 1417 665 1477 ciam
703 1421 1000 1476 nostram.
1055 1430 1178 1494 ego
1212 1407 1475 1491 quidem
1509 1409 1925 1494 praecipuum
1958 1420 2230 1487 metum,
2268 1408 2432 1493 quod
2462 1406 2526 1471 ad

503 1521 563 1569 tu
603 1504 925 1579 attinebat,
962 1502 1180 1579 habui,
1217 1502 1328 1587 qui
1365 1502 1621 1579 scirem,
1658 1524 1854 1587 quam
1885 1506 2221 1589 inparatus
2259 1504 2341 1568 ab
2375 1524 2526 1567 exer·

503 1605 627 1665 ssim
667 1622 860 1676 esses,
893 1620 976 1664 ne
1004 1598 1178 1682 quod
1213 1597 1318 1662 hic
1353 1599 1662 1668 tumultus
1691 1597 1983 1684 dignitati
2010 1610 2165 1666 tuae
2202 1598 2523 1685 periculum

503 1697 806 1761 :vulfur-fret:
844 1715 996 1759 nam
1023 1693 1104 1758 de
1122 1692 1274 1770 vita,
1301 1694 1355 1758 si
1378 1692 1662 1779 paratior
1676 1694 1760 1759 ab
1778 1694 2062 1760 exercitu
2089 1717 2285 1773 esses,
2313 1693 2523 1760 timuis-

503 1817 667 1865 sfflny.
703 1810 872 1854 nunc
907 1788 1068 1853 haec
1103 1788 1419 1873 exiguitas
1456 1788 1786 1874 copiarum
1818 1810 2168 1869 recessum,
2206 1811 2335 1856 non
2367 1785 2521 1853 dimi·

503 1889 816 1949 vffliouem
858 1882 1016 1946 mihi
1058 1891 1237 1948 tuam
1281 1884 1746 1969 praesagiebat.
1834 1885 1958 1950 hoc
1992 1906 2125 1969 quo
2161 1885 2352 1950 modo
2384 1880 2520 1947 acci-

503 1993 723 2061 [mn-ut
754 1976 1070 2052 homines,
1109 1997 1303 2058 quam
1337 1976 1687 2061 probabilis
1722 1980 2068 2046 necessitas
2107 1980 2329 2046 futura
2363 1985 2517 2047 esset,
2619 1987 2620 2026 ἓ

503 2097 723 2137 rsa-um·
745 2072 935 2136 etiam
961 2090 1160 2146 nunc3
1197 2092 1407 2153 neque
1433 2072 1610 2157 prius
1640 2072 1925 2140 desinam
1961 2074 2329 2150 formidare,
2355 2090 2516 2155 quam
2618 2094 2620 2121 1

443 2185 463 2217 ·-
503 2165 780 2249 fetigisse
816 2174 879 2227 te
913 2162 1170 2228 Italiam
1203 2163 1484 2229 audiero.
1576 2166 1690 2231 sed
1734 2166 1813 2232 de
1846 2166 2241 2235 Parthorum
2283 2163 2515 2231 transitu
2618 2177 2620 2214 ὲ

499 2261 703 2321 nuntii
737 2257 946 2321 varios
982 2279 1304 2323 sermones
1339 2255 1724 2326 excitarunt:
1762 2261 1922 2327 alius
1959 2262 2133 2327 enim
2166 2258 2513 2346 Pompeium

499 2350 899 2427 mittendum,
946 2351 1107 2416 alius
1153 2352 1236 2416 ab
1273 2353 1432 2419 urbe
1465 2353 1851 2441 Pompeium
1894 2378 2023 2422 non
2066 2353 2511 2424 removendum,

499 2449 655 2509 :ilius
695 2442 1042 2511 Caesarem
1086 2466 1237 2510 cum·
1278 2469 1397 2512 suo
1442 2450 1952 2527 exercitu,·alius
1989 2453 2313 2527 consules,
2354 2464 2509 2514 nemo

495 2553 707 2605 tamen
733 2562 813 2605 ex
839 2550 1099 2605 senatus
1126 2542 1418 2608 consulto
1444 2544 1743 2628 privatos.
1798 2546 2091 2613 consules
2132 2557 2361 2619 autem,
2389 2538 2511 2624 quia

495 2645 790 2698 verentur
822 2656 903 2700 ne
936 2633 1096 2699 illud
1131 2646 1389 2701 senatus
1426 2638 1785 2703 consultum
1819 2638 1959 2716 fiat,
2004 2650 2077 2705 ut
2111 2636 2392 2726 paludati
2422 2655 2508 2698 ex-

495 2743 635 2793 mut
675 2739 737 2793 st
769 2728 1224 2795 contumeliose
1268 2740 1521 2815 praeter
1554 2754 1661 2797 eos
1697 2733 1780 2797 ad
1823 2733 2023 2799 alium
2051 2758 2158 2801 res
2203 2728 2509 2799 transfera—
2607 2793 2614 2805 ,

495 2842 611 2894 tur,
651 2824 906 2889 omnino
941 2835 1234 2890 senatum
1270 2826 1493 2893 haberi
1526 2829 1778 2907 nolunt,
1813 2851 2023 2915 usque
2056 2854 2166 2910 eo,
2209 2842 2282 2896 ut
2313 2844 2505 2915 parum

491 2921 823 3001 [litigantes
859 2918 927 2980 in
961 2940 1030 2981 re
1065 2919 1325 3003 publica
1361 2920 1723 2999 videantur3
1770 2924 1885 2988 sed
1918 2923 2216 3003 honeste,
2258 2924 2386 2989 sive
2416 2938 2505 2983 ne·
2615 3007 2616 3017 ἵ

491 3010 810 3093 &egentia
845 3011 980 3076 sive
1014 3010 1243 3077 inertia
1268 3025 1366 3078 est
1390 3016 1526 3081 sive
1559 3016 1686 3093 ille,
1724 3038 1916 3101 quem
1949 3017 2274 3105 proposui,
2307 3020 2500 3081 metus,

491 3109 567 3165 lat
583 3117 639 3165 ut
663 3104 780 3169 sub
797 3103 920 3169 hac
945 3107 1401 3191 temperantiae
1421 3109 1906 3189 existimatione,
1925 3113 2095 3179 nolle
2124 3106 2499 3199 provinciam·

491 3225 526 3261 :r
567 3217 623 3261 ts
667 3197 911 3264 litterae
944 3220 1076 3264 non
1119 3213 1463 3279 venerunt,
1516 3214 1607 3280 et,
1661 3204 1785 3271 nisi
1817 3204 2111 3272 Deiotari
2158 3206 2496 3273 subsecutae

487 3305 724 3369 efficat,
777 3293 846 3357 in
890 3316 1034 3359 eam
1076 3295 1439 3380 opinionem
1484 3294 1749 3364 Cassius
1791 3300 2123 3380 veniebat,
2176 3322 2336 3385 quae
2375 3289 2497 3357 diri·

491 3389 724 3469 puisset
755 3386 915 3472 ipse,
949 3398 1024 3452 ut
1056 3388 1425 3455 viderentur
1459 3390 1542 3455 ab
1577 3391 1760 3458 hoste
1795 3404 2065 3473 vastata,
2102 3394 2355 3476 finxisse
2388 3383 2494 3449 bel·

483 3481 611 3541 lum
663 3493 723 3545 et
756 3479 1012 3546 Arabas
1055 3482 1122 3545 in
1165 3484 1560 3568 provinciam
1611 3487 1929 3553 inmisisse
1974 3500 2211 3575 eosque
2254 3479 2494 3551 Parthos

484 3597 619 3637 mss
659 3575 904 3639 senatui
937 3577 1363 3643 renuntiasse:
1410 3600 1540 3661 qua
1580 3603 1651 3646 re
1685 3581 1804 3646 tibi
1838 3584 2106 3660 suadeo,
2142 3582 2490 3669 quicumque

483 3681 573 3729 ξεῖ-’1
615 3665 754 3731 istic
787 3677 989 3732 status
1023 3690 1265 3748 rerum,
1310 3672 1649 3758 diligenter
1683 3685 1749 3741 et
1792 3688 1979 3744 caute
2014 3673 2386 3763 perscribas,
2425 3680 2490 3725 1¹0

483 3777 587 3821 aut
635 3761 985 3828 velificatus
1029 3764 1221 3829 alicui
1266 3765 1501 3854 ,dicaris
1554 3779 1666 3833 aut
1716 3770 1985 3855 aliquid,
2041 3770 2211 3857 quod
2261 3762 2489 3831 referret

419 3865 443 3901 3
479 3853 659 3929 suive,
695 3856 1041 3922 reticuisse.
1129 3882 1302 3925 nunc
1338 3860 1547 3927 exitus
1584 3873 1681 3928 est
1713 3865 1864 3929 anni
1875 3891 1894 3943 3
1929 3875 2235 3951 nam‘ego
2268 3860 2373 3924 hafl
2403 3848 2490 3915 Ῑῑῐ·

483 3961 643 4009 turae
683 3973 736 4013 a.
775 3950 835 4014 d.
871 3974 1022 4015 xmr.
1059 3952 1210 4017 Kal.
1248 3952 1629 4021 Decembris
1666 3960 1909 4045 scripsi.
1998 3962 2186 4047 plane
2226 3950 2370 4021 nihil
2409 3941 2487 4005 Ὑί·

479 4037 595 4101 duo
655 4053 795 4108 ante
845 4041 998 4108 Kal.
1052 4044 1385 4113 Ianuarias
1438 4050 1544 4135 agi
1594 4073 1803 4136 posse.
1900 4056 2070 4121 nosti
2117 4041 2481 4119 Marcellum,

2609 3102 2620 3162 2}

2608 3375 2621 3430 ἢ
2618 3290 2620 3296 .
2609 3177 2620 3234 Mh-
