<?xml version="1.0" encoding="UTF-8"?>
<!DOCTYPE html PUBLIC "-//W3C//DTD XHTML 1.0 Transitional//EN"
    "http://www.w3.org/TR/xhtml1/DTD/xhtml1-transitional.dtd">
<html xmlns="http://www.w3.org/1999/xhtml" xml:lang="en" lang="en">
 <head>
  <title>
</title>
<meta http-equiv="Content-Type" content="text/html;charset=utf-8" />
  <meta name='ocr-system' content='tesseract 3.04.00' />
  <meta name='ocr-capabilities' content='ocr_page ocr_carea ocr_par ocr_line ocrx_word'/>
</head>
<body>
  <div class='ocr_page' id='page_1' title='image "./mtulliiciceroni12unkngoog/mtulliiciceroni12unkngoog_0424.png"; bbox 0 0 2675 4559; ppageno 0'>
   <div class='ocr_carea' id='block_1_1' title="bbox 430 3955 451 3996">
    <p class='ocr_par' dir='ltr' id='par_1_1' title="bbox 430 3955 451 3996">
     <span class='ocr_line' id='line_1_1' title="bbox 430 3955 451 3996; baseline 0 0"><span class='ocrx_word' id='word_1_1' title='bbox 430 3955 451 3996; x_wconf 76' lang='lat'><em>1</em></span> 
     </span>
    </p>
   </div>
   <div class='ocr_carea' id='block_1_2' title="bbox 509 232 1956 303">
    <p class='ocr_par' dir='ltr' id='par_1_2' title="bbox 509 232 1956 303">
     <span class='ocr_line' id='line_1_2' title="bbox 509 232 1956 303; baseline 0.001 -3"><span class='ocrx_word' id='word_1_2' title='bbox 509 232 641 300; x_wconf 78' lang='lat'>340</span> <span class='ocrx_word' id='word_1_3' title='bbox 918 259 923 264; x_wconf 86' lang='lat'><strong>·</strong></span> <span class='ocrx_word' id='word_1_4' title='bbox 1130 245 1207 300; x_wconf 87' lang='lat' dir='ltr'>M.</span> <span class='ocrx_word' id='word_1_5' title='bbox 1248 242 1520 303; x_wconf 85' lang='lat' dir='ltr'>TULLII</span> <span class='ocrx_word' id='word_1_6' title='bbox 1556 243 1956 303; x_wconf 81' lang='lat' dir='ltr'>CICERONIS</span> 
     </span>
    </p>
   </div>
   <div class='ocr_carea' id='block_1_3' title="bbox 676 417 2353 688">
    <p class='ocr_par' dir='ltr' id='par_1_3' title="bbox 676 417 2336 688">
     <span class='ocr_line' id='line_1_3' title="bbox 1476 417 1604 472; baseline -0.016 0"><span class='ocrx_word' id='word_1_7' title='bbox 1476 417 1604 472; x_wconf 85' lang='lat' dir='ltr'>XL.</span> 
     </span>
     <span class='ocr_line' id='line_1_4' title="bbox 1040 518 1888 578; baseline -0.006 0"><span class='ocrx_word' id='word_1_8' title='bbox 1040 573 1047 578; x_wconf 88' lang='lat'>.</span> <span class='ocrx_word' id='word_1_9' title='bbox 1103 535 1109 541; x_wconf 88' lang='lat'><strong>·</strong></span> <span class='ocrx_word' id='word_1_10' title='bbox 1180 518 1298 575; x_wconf 78' lang='lat' dir='ltr'>Ser.</span> <span class='ocrx_word' id='word_1_11' title='bbox 1316 518 1536 575; x_wconf 81' lang='lat' dir='ltr'>Romae</span> <span class='ocrx_word' id='word_1_12' title='bbox 1551 536 1602 574; x_wconf 84' lang='lat' dir='ltr'>a.</span> <span class='ocrx_word' id='word_1_13' title='bbox 1623 537 1680 574; x_wconf 84' lang='lat' dir='ltr'>u.</span> <span class='ocrx_word' id='word_1_14' title='bbox 1697 535 1748 573; x_wconf 93' lang='lat' dir='ltr'>c.</span> <span class='ocrx_word' id='word_1_15' title='bbox 1765 519 1888 574; x_wconf 81' lang='lat'>699.</span> 
     </span>
     <span class='ocr_line' id='line_1_5' title="bbox 676 619 2353 688; baseline -0.001 -10"><span class='ocrx_word' id='word_1_16' title='bbox 676 623 755 678; x_wconf 94' lang='lat' dir='ltr'>M.</span> <span class='ocrx_word' id='word_1_17' title='bbox 792 620 1069 679; x_wconf 82' lang='lat' dir='ltr'>CICERO</span> <span class='ocrx_word' id='word_1_18' title='bbox 1106 621 1163 678; x_wconf 84' lang='lat' dir='ltr'>S.</span> <span class='ocrx_word' id='word_1_19' title='bbox 1200 622 1274 676; x_wconf 91' lang='lat' dir='ltr'>D.</span> <span class='ocrx_word' id='word_1_20' title='bbox 1314 621 1382 688; x_wconf 93' lang='grc' dir='ltr'>Ω.</span> <span class='ocrx_word' id='word_1_21' title='bbox 1417 620 1822 678; x_wconf 81' lang='lat' dir='ltr'>ANCHARIO</span> <span class='ocrx_word' id='word_1_22' title='bbox 1857 620 1925 686; x_wconf 92' lang='grc' dir='ltr'>Ω.</span> <span class='ocrx_word' id='word_1_23' title='bbox 1961 621 2030 676; x_wconf 80' lang='lat' dir='ltr'>F.</span> <span class='ocrx_word' id='word_1_24' title='bbox 2065 619 2353 678; x_wconf 85' lang='lat' dir='ltr'>PROCOS.</span> 
     </span>
    </p>
   </div>
   <div class='ocr_carea' id='block_1_4' title="bbox 503 701 2599 1018">
    <p class='ocr_par' dir='ltr' id='par_1_4' title="bbox 503 701 2599 1018">
     <span class='ocr_line' id='line_1_6' title="bbox 633 701 2599 830; baseline -0.002 -20"><span class='ocrx_word' id='word_1_25' title='bbox 633 743 717 810; x_wconf 91' lang='lat' dir='ltr'>L.</span> <span class='ocrx_word' id='word_1_26' title='bbox 752 755 819 812; x_wconf 85' lang='lat' dir='ltr'>et</span> <span class='ocrx_word' id='word_1_27' title='bbox 864 741 943 810; x_wconf 85' lang='lat' dir='ltr'>C.</span> <span class='ocrx_word' id='word_1_28' title='bbox 978 745 1283 812; x_wconf 74' lang='lat' dir='ltr'>Aurelios</span> <span class='ocrx_word' id='word_1_29' title='bbox 1324 743 1408 809; x_wconf 72' lang='lat'>1..</span> <span class='ocrx_word' id='word_1_30' title='bbox 1445 743 1651 820; x_wconf 67' lang='lat' dir='ltr'>filios,</span> <span class='ocrx_word' id='word_1_31' title='bbox 1683 743 1922 829; x_wconf 81' lang='lat' dir='ltr'>quibus</span> <span class='ocrx_word' id='word_1_32' title='bbox 1965 753 2030 810; x_wconf 90' lang='lat' dir='ltr'>et</span> <span class='ocrx_word' id='word_1_33' title='bbox 2068 743 2220 830; x_wconf 86' lang='lat' dir='ltr'>ipsis</span> <span class='ocrx_word' id='word_1_34' title='bbox 2261 754 2319 810; x_wconf 87' lang='lat' dir='ltr'>et</span> <span class='ocrx_word' id='word_1_35' title='bbox 2359 705 2493 829; x_wconf 71' lang='lat' dir='ltr'>patre</span> <span class='ocrx_word' id='word_1_36' title='bbox 2598 701 2599 716; x_wconf 16' lang='grc' dir='ltr'><strong>ἶ</strong></span> 
     </span>
     <span class='ocr_line' id='line_1_7' title="bbox 507 837 2494 925; baseline -0.003 -20"><span class='ocrx_word' id='word_1_37' title='bbox 507 859 756 917; x_wconf 86' lang='lat' dir='ltr'>eorum,</span> <span class='ocrx_word' id='word_1_38' title='bbox 802 839 941 904; x_wconf 86' lang='lat' dir='ltr'>viro</span> <span class='ocrx_word' id='word_1_39' title='bbox 977 839 1248 925; x_wconf 85' lang='lat' dir='ltr'>optimo,</span> <span class='ocrx_word' id='word_1_40' title='bbox 1283 837 1776 904; x_wconf 78' lang='lat' dir='ltr'>familiarissime</span> <span class='ocrx_word' id='word_1_41' title='bbox 1809 849 1984 914; x_wconf 87' lang='lat' dir='ltr'>utor,</span> <span class='ocrx_word' id='word_1_42' title='bbox 2027 837 2380 904; x_wconf 76' lang='lat' dir='ltr'>commendo</span> <span class='ocrx_word' id='word_1_43' title='bbox 2405 837 2494 902; x_wconf 75' lang='lat' dir='ltr'>tibi</span> 
     </span>
     <span class='ocr_line' id='line_1_8' title="bbox 503 931 2494 1018; baseline -0.002 -20"><span class='ocrx_word' id='word_1_44' title='bbox 503 933 815 1000; x_wconf 82' lang='lat' dir='ltr'>maiorem</span> <span class='ocrx_word' id='word_1_45' title='bbox 842 934 914 1000; x_wconf 84' lang='lat' dir='ltr'>in</span> <span class='ocrx_word' id='word_1_46' title='bbox 937 933 1223 1011; x_wconf 87' lang='lat' dir='ltr'>modum,</span> <span class='ocrx_word' id='word_1_47' title='bbox 1258 931 1682 998; x_wconf 79' lang='lat' dir='ltr'>adulescentis</span> <span class='ocrx_word' id='word_1_48' title='bbox 1713 933 2010 998; x_wconf 89' lang='lat' dir='ltr'>omnibus</span> <span class='ocrx_word' id='word_1_49' title='bbox 2035 931 2281 1018; x_wconf 84' lang='lat' dir='ltr'>optimis</span> <span class='ocrx_word' id='word_1_50' title='bbox 2305 931 2494 997; x_wconf 80' lang='lat' dir='ltr'>artibus</span> 
     </span>
    </p>
   </div>
   <div class='ocr_carea' id='block_1_5' title="bbox 506 1026 2499 1208">
    <p class='ocr_par' dir='ltr' id='par_1_5' title="bbox 506 1026 2499 1208">
     <span class='ocr_line' id='line_1_9' title="bbox 507 1026 2496 1114; baseline -0.003 -22"><span class='ocrx_word' id='word_1_51' title='bbox 507 1039 793 1105; x_wconf 72' lang='lat' dir='ltr'>ornatos,</span> <span class='ocrx_word' id='word_1_52' title='bbox 846 1049 1024 1095; x_wconf 81' lang='lat' dir='ltr'>meos</span> <span class='ocrx_word' id='word_1_53' title='bbox 1060 1027 1566 1114; x_wconf 73' lang='lat' dir='ltr'>pernecessarios</span> <span class='ocrx_word' id='word_1_54' title='bbox 1580 1074 1598 1103; x_wconf 93' lang='lat'><strong>,</strong></span> <span class='ocrx_word' id='word_1_55' title='bbox 1653 1037 1768 1092; x_wconf 81' lang='lat' dir='ltr'>tua</span> <span class='ocrx_word' id='word_1_56' title='bbox 1811 1028 2112 1093; x_wconf 70' lang='lat' dir='ltr'>amicitia.</span> <span class='ocrx_word' id='word_1_57' title='bbox 2133 1026 2496 1112; x_wconf 77' lang='lat' dir='ltr'>dignissimos.</span> 
     </span>
     <span class='ocr_line' id='line_1_10' title="bbox 506 1117 2499 1208; baseline -0.003 -22"><span class='ocrx_word' id='word_1_58' title='bbox 506 1121 561 1186; x_wconf 87' lang='lat' dir='ltr'>si</span> <span class='ocrx_word' id='word_1_59' title='bbox 595 1121 729 1188; x_wconf 74' lang='lat' dir='ltr'>ulla</span> <span class='ocrx_word' id='word_1_60' title='bbox 762 1144 907 1188; x_wconf 80' lang='lat' dir='ltr'>mea</span> <span class='ocrx_word' id='word_1_61' title='bbox 940 1121 1117 1208; x_wconf 85' lang='lat' dir='ltr'>apud</span> <span class='ocrx_word' id='word_1_62' title='bbox 1150 1133 1215 1188; x_wconf 88' lang='lat' dir='ltr'>te</span> <span class='ocrx_word' id='word_1_63' title='bbox 1251 1120 1718 1186; x_wconf 77' lang='lat' dir='ltr'>commendatio</span> <span class='ocrx_word' id='word_1_64' title='bbox 1753 1120 1988 1197; x_wconf 79' lang='lat' dir='ltr'>valuit,</span> <span class='ocrx_word' id='word_1_65' title='bbox 2019 1120 2192 1205; x_wconf 86' lang='lat' dir='ltr'>quod</span> <span class='ocrx_word' id='word_1_66' title='bbox 2223 1119 2344 1185; x_wconf 89' lang='lat' dir='ltr'>scio</span> <span class='ocrx_word' id='word_1_67' title='bbox 2373 1117 2499 1184; x_wconf 89' lang='lat' dir='ltr'>mul-</span> 
     </span>
    </p>
   </div>
   <div class='ocr_carea' id='block_1_6' title="bbox 503 1211 2500 1563">
    <p class='ocr_par' dir='ltr' id='par_1_6' title="bbox 503 1211 2500 1563">
     <span class='ocr_line' id='line_1_11' title="bbox 504 1211 2498 1301; baseline -0.004 -21"><span class='ocrx_word' id='word_1_68' title='bbox 504 1228 603 1282; x_wconf 81' lang='lat' dir='ltr'>tas</span> <span class='ocrx_word' id='word_1_69' title='bbox 655 1214 1000 1301; x_wconf 85' lang='lat' dir='ltr'>plurimum</span> <span class='ocrx_word' id='word_1_70' title='bbox 1044 1214 1321 1280; x_wconf 81' lang='lat' dir='ltr'>‚valuisse</span> <span class='ocrx_word' id='word_1_71' title='bbox 1334 1261 1354 1291; x_wconf 95' lang='lat'><strong>,</strong></span> <span class='ocrx_word' id='word_1_72' title='bbox 1409 1213 1570 1280; x_wconf 87' lang='lat' dir='ltr'>haec</span> <span class='ocrx_word' id='word_1_73' title='bbox 1615 1225 1690 1279; x_wconf 86' lang='lat' dir='ltr'>ut</span> <span class='ocrx_word' id='word_1_74' title='bbox 1731 1216 1972 1292; x_wconf 84' lang='lat' dir='ltr'>valeat,</span> <span class='ocrx_word' id='word_1_75' title='bbox 2023 1237 2200 1300; x_wconf 90' lang='lat' dir='ltr'>rogo.</span> <span class='ocrx_word' id='word_1_76' title='bbox 2281 1213 2428 1298; x_wconf 89' lang='lat' dir='ltr'>quod</span> <span class='ocrx_word' id='word_1_77' title='bbox 2459 1211 2498 1274; x_wconf 81' lang='lat' dir='ltr'>si</span> 
     </span>
     <span class='ocr_line' id='line_1_12' title="bbox 504 1307 2498 1397; baseline -0.004 -21"><span class='ocrx_word' id='word_1_78' title='bbox 504 1329 615 1376; x_wconf 82' lang='lat' dir='ltr'>eos</span> <span class='ocrx_word' id='word_1_79' title='bbox 646 1307 991 1374; x_wconf 83' lang='lat' dir='ltr'>honorifice</span> <span class='ocrx_word' id='word_1_80' title='bbox 1030 1307 1508 1392; x_wconf 79' lang='lat' dir='ltr'>liberaliterque</span> <span class='ocrx_word' id='word_1_81' title='bbox 1542 1309 1866 1385; x_wconf 80' lang='lat' dir='ltr'>tractaris,</span> <span class='ocrx_word' id='word_1_82' title='bbox 1909 1319 1976 1374; x_wconf 84' lang='lat' dir='ltr'>et</span> <span class='ocrx_word' id='word_1_83' title='bbox 2011 1309 2126 1376; x_wconf 89' lang='lat' dir='ltr'>tibi</span> <span class='ocrx_word' id='word_1_84' title='bbox 2161 1307 2498 1397; x_wconf 76' lang='lat' dir='ltr'>gratissimos</span> 
     </span>
     <span class='ocr_line' id='line_1_13' title="bbox 503 1401 2500 1562; baseline -0.003 -93"><span class='ocrx_word' id='word_1_85' title='bbox 503 1401 905 1562; x_wconf 55' lang='lat' dir='ltr'>{uptirnosque</span> <span class='ocrx_word' id='word_1_86' title='bbox 948 1401 1374 1468; x_wconf 80' lang='lat' dir='ltr'>adulescentis</span> <span class='ocrx_word' id='word_1_87' title='bbox 1420 1401 1786 1470; x_wconf 81' lang='lat' dir='ltr'>adiunxeris</span> <span class='ocrx_word' id='word_1_88' title='bbox 1821 1415 1885 1468; x_wconf 89' lang='lat' dir='ltr'>et</span> <span class='ocrx_word' id='word_1_89' title='bbox 1927 1403 2088 1468; x_wconf 69' lang='lat' dir='ltr'>mihi</span> <span class='ocrx_word' id='word_1_90' title='bbox 2131 1401 2500 1490; x_wconf 76' lang='lat' dir='ltr'>gratissimum</span> 
     </span>
     <span class='ocr_line' id='line_1_14' title="bbox 532 1517 751 1563; baseline -0.009 -1"><span class='ocrx_word' id='word_1_91' title='bbox 532 1517 751 1563; x_wconf 84' lang='lat' dir='ltr'>ecens.</span> 
     </span>
    </p>
   </div>
   <div class='ocr_carea' id='block_1_7' title="bbox 1068 1647 1992 1909">
    <p class='ocr_par' dir='ltr' id='par_1_7' title="bbox 1068 1647 1992 1909">
     <span class='ocr_line' id='line_1_15' title="bbox 1451 1647 1608 1702; baseline -0.013 1"><span class='ocrx_word' id='word_1_92' title='bbox 1451 1647 1608 1702; x_wconf 86' lang='lat' dir='ltr'>XLI.</span> 
     </span>
     <span class='ocr_line' id='line_1_16' title="bbox 1175 1749 1880 1806; baseline -0.006 0"><span class='ocrx_word' id='word_1_93' title='bbox 1175 1749 1293 1806; x_wconf 85' lang='lat' dir='ltr'>Ser.</span> <span class='ocrx_word' id='word_1_94' title='bbox 1312 1751 1526 1806; x_wconf 89' lang='lat' dir='ltr'>Romae</span> <span class='ocrx_word' id='word_1_95' title='bbox 1545 1767 1595 1804; x_wconf 77' lang='lat' dir='ltr'>a.</span> <span class='ocrx_word' id='word_1_96' title='bbox 1613 1767 1670 1804; x_wconf 90' lang='lat' dir='ltr'>u.</span> <span class='ocrx_word' id='word_1_97' title='bbox 1689 1766 1736 1804; x_wconf 88' lang='lat' dir='ltr'>e.</span> <span class='ocrx_word' id='word_1_98' title='bbox 1761 1750 1880 1804; x_wconf 80' lang='lat'>695.</span> 
     </span>
     <span class='ocr_line' id='line_1_17' title="bbox 1068 1848 1992 1909; baseline -0.002 -1"><span class='ocrx_word' id='word_1_99' title='bbox 1068 1851 1343 1908; x_wconf 83' lang='lat' dir='ltr'>CICERO</span> <span class='ocrx_word' id='word_1_100' title='bbox 1380 1848 1789 1909; x_wconf 86' lang='lat' dir='ltr'>CULLEOLO</span> <span class='ocrx_word' id='word_1_101' title='bbox 1829 1851 1992 1908; x_wconf 85' lang='lat' dir='ltr'>SAL.</span> 
     </span>
    </p>
   </div>
   <div class='ocr_carea' id='block_1_8' title="bbox 490 1963 2507 3464">
    <p class='ocr_par' dir='ltr' id='par_1_8' title="bbox 490 1963 2507 3464">
     <span class='ocr_line' id='line_1_18' title="bbox 634 1963 2501 2054; baseline -0.002 -24"><span class='ocrx_word' id='word_1_102' title='bbox 634 1963 824 2046; x_wconf 82' lang='lat' dir='ltr'>Quae</span> <span class='ocrx_word' id='word_1_103' title='bbox 860 1965 1069 2033; x_wconf 80' lang='lat' dir='ltr'>fecisti</span> <span class='ocrx_word' id='word_1_104' title='bbox 1103 1965 1187 2030; x_wconf 86' lang='lat' dir='ltr'>L.</span> <span class='ocrx_word' id='word_1_105' title='bbox 1224 1967 1493 2032; x_wconf 88' lang='lat' dir='ltr'>Lucceii</span> <span class='ocrx_word' id='word_1_106' title='bbox 1529 1989 1752 2044; x_wconf 84' lang='lat' dir='ltr'>causa,</span> <span class='ocrx_word' id='word_1_107' title='bbox 1789 1967 1952 2052; x_wconf 85' lang='lat' dir='ltr'>scire</span> <span class='ocrx_word' id='word_1_108' title='bbox 1987 1977 2057 2032; x_wconf 92' lang='lat' dir='ltr'>te</span> <span class='ocrx_word' id='word_1_109' title='bbox 2093 1968 2278 2054; x_wconf 88' lang='lat' dir='ltr'>plane</span> <span class='ocrx_word' id='word_1_110' title='bbox 2309 1965 2430 2031; x_wconf 83' lang='lat' dir='ltr'>volo</span> <span class='ocrx_word' id='word_1_111' title='bbox 2456 1974 2501 2026; x_wconf 86' lang='lat' dir='ltr'>te</span> 
     </span>
     <span class='ocr_line' id='line_1_19' title="bbox 498 2057 2500 2147; baseline -0.001 -26"><span class='ocrx_word' id='word_1_112' title='bbox 498 2057 743 2126; x_wconf 86' lang='lat' dir='ltr'>homini</span> <span class='ocrx_word' id='word_1_113' title='bbox 776 2059 1141 2144; x_wconf 82' lang='lat' dir='ltr'>gratissimo</span> <span class='ocrx_word' id='word_1_114' title='bbox 1176 2061 1638 2137; x_wconf 85' lang='lat' dir='ltr'>commodasse,</span> <span class='ocrx_word' id='word_1_115' title='bbox 1675 2069 1738 2126; x_wconf 90' lang='lat' dir='ltr'>et</span> <span class='ocrx_word' id='word_1_116' title='bbox 1773 2082 1920 2128; x_wconf 87' lang='lat' dir='ltr'>cum</span> <span class='ocrx_word' id='word_1_117' title='bbox 1955 2060 2106 2146; x_wconf 83' lang='lat' dir='ltr'>ipsi,</span> <span class='ocrx_word' id='word_1_118' title='bbox 2142 2083 2302 2147; x_wconf 85' lang='lat' dir='ltr'>quae</span> <span class='ocrx_word' id='word_1_119' title='bbox 2323 2057 2500 2132; x_wconf 80' lang='lat' dir='ltr'>fecisti,</span> 
     </span>
     <span class='ocr_line' id='line_1_20' title="bbox 496 2150 2502 2241; baseline -0.002 -23"><span class='ocrx_word' id='word_1_120' title='bbox 496 2162 801 2237; x_wconf 80' lang='lat' dir='ltr'>pergrata</span> <span class='ocrx_word' id='word_1_121' title='bbox 834 2163 1006 2229; x_wconf 87' lang='lat' dir='ltr'>sunt,</span> <span class='ocrx_word' id='word_1_122' title='bbox 1037 2164 1175 2218; x_wconf 89' lang='lat' dir='ltr'>tum</span> <span class='ocrx_word' id='word_1_123' title='bbox 1208 2153 1560 2241; x_wconf 86' lang='lat' dir='ltr'>Pompeius</span> <span class='ocrx_word' id='word_1_124' title='bbox 1575 2201 1594 2231; x_wconf 90' lang='lat'>,</span> <span class='ocrx_word' id='word_1_125' title='bbox 1643 2155 2218 2240; x_wconf 73' lang='lat' dir='ltr'>quotienscumque</span> <span class='ocrx_word' id='word_1_126' title='bbox 2249 2178 2343 2220; x_wconf 87' lang='lat' dir='ltr'>me</span> <span class='ocrx_word' id='word_1_127' title='bbox 2373 2150 2502 2218; x_wconf 79' lang='lat' dir='ltr'>videt</span> 
     </span>
     <span class='ocr_line' id='line_1_21' title="bbox 496 2245 2500 2336; baseline 0 -28"><span class='ocrx_word' id='word_1_128' title='bbox 496 2279 583 2290; x_wconf 89' lang='grc'>-</span> <span class='ocrx_word' id='word_1_129' title='bbox 634 2245 809 2312; x_wconf 84' lang='lat' dir='ltr'>videt</span> <span class='ocrx_word' id='word_1_130' title='bbox 861 2257 1077 2312; x_wconf 86' lang='lat' dir='ltr'>autem</span> <span class='ocrx_word' id='word_1_131' title='bbox 1128 2269 1324 2333; x_wconf 86' lang='lat' dir='ltr'>saepe</span> <span class='ocrx_word' id='word_1_132' title='bbox 1373 2283 1489 2325; x_wconf 84' lang='lat'>--,</span> <span class='ocrx_word' id='word_1_133' title='bbox 1541 2247 1784 2333; x_wconf 81' lang='lat' dir='ltr'>gratias</span> <span class='ocrx_word' id='word_1_134' title='bbox 1835 2248 1955 2312; x_wconf 84' lang='lat' dir='ltr'>tibi</span> <span class='ocrx_word' id='word_1_135' title='bbox 2004 2249 2144 2336; x_wconf 81' lang='lat' dir='ltr'>agit</span> <span class='ocrx_word' id='word_1_136' title='bbox 2195 2245 2500 2334; x_wconf 78' lang='lat' dir='ltr'>singularis.</span> 
     </span>
     <span class='ocr_line' id='line_1_22' title="bbox 497 2337 2504 2425; baseline 0.005 -23"><span class='ocrx_word' id='word_1_137' title='bbox 497 2337 665 2404; x_wconf 87' lang='lat' dir='ltr'>addo</span> <span class='ocrx_word' id='word_1_138' title='bbox 692 2339 885 2406; x_wconf 75' lang='lat' dir='ltr'>etiam</span> <span class='ocrx_word' id='word_1_139' title='bbox 912 2339 1093 2416; x_wconf 73' lang='lat' dir='ltr'>illud,</span> <span class='ocrx_word' id='word_1_140' title='bbox 1128 2342 1303 2425; x_wconf 84' lang='lat' dir='ltr'>quod</span> <span class='ocrx_word' id='word_1_141' title='bbox 1330 2342 1448 2408; x_wconf 88' lang='lat' dir='ltr'>tibi</span> <span class='ocrx_word' id='word_1_142' title='bbox 1473 2341 2006 2408; x_wconf 83' lang='lat' dir='ltr'>iucundissimum</span> <span class='ocrx_word' id='word_1_143' title='bbox 2031 2366 2178 2410; x_wconf 82' lang='lat' dir='ltr'>esse</span> <span class='ocrx_word' id='word_1_144' title='bbox 2203 2353 2363 2410; x_wconf 86' lang='lat' dir='ltr'>certo</span> <span class='ocrx_word' id='word_1_145' title='bbox 2387 2337 2504 2412; x_wconf 75' lang='lat' dir='ltr'>seio,</span> 
     </span>
     <span class='ocr_line' id='line_1_23' title="bbox 496 2432 2506 2522; baseline 0 -24"><span class='ocrx_word' id='word_1_146' title='bbox 496 2456 600 2498; x_wconf 87' lang='lat' dir='ltr'>me</span> <span class='ocrx_word' id='word_1_147' title='bbox 650 2432 865 2520; x_wconf 74' lang='lat' dir='ltr'>ipsum</span> <span class='ocrx_word' id='word_1_148' title='bbox 916 2455 999 2499; x_wconf 84' lang='lat' dir='ltr'>ex</span> <span class='ocrx_word' id='word_1_149' title='bbox 1049 2445 1164 2502; x_wconf 78' lang='lat' dir='ltr'>tua.</span> <span class='ocrx_word' id='word_1_150' title='bbox 1214 2456 1372 2520; x_wconf 80' lang='lat' dir='ltr'>erga</span> <span class='ocrx_word' id='word_1_151' title='bbox 1415 2435 1774 2502; x_wconf 76' lang='lat' dir='ltr'>Lucceium</span> <span class='ocrx_word' id='word_1_152' title='bbox 1824 2437 2222 2522; x_wconf 79' lang='lat' dir='ltr'>benignitate</span> <span class='ocrx_word' id='word_1_153' title='bbox 2273 2434 2506 2500; x_wconf 79' lang='lat' dir='ltr'>maxima</span> 
     </span>
     <span class='ocr_line' id='line_1_24' title="bbox 494 2527 2506 2616; baseline -0.001 -25"><span class='ocrx_word' id='word_1_154' title='bbox 494 2527 825 2614; x_wconf 82' lang='lat' dir='ltr'>voluptate</span> <span class='ocrx_word' id='word_1_155' title='bbox 869 2527 1077 2596; x_wconf 82' lang='lat' dir='ltr'>adfici.</span> <span class='ocrx_word' id='word_1_156' title='bbox 1166 2529 1344 2612; x_wconf 85' lang='lat' dir='ltr'>quod</span> <span class='ocrx_word' id='word_1_157' title='bbox 1397 2541 1718 2616; x_wconf 77' lang='lat' dir='ltr'>superest,</span> <span class='ocrx_word' id='word_1_158' title='bbox 1771 2551 2172 2615; x_wconf 82' lang='lat' dir='ltr'>quamquam</span> <span class='ocrx_word' id='word_1_159' title='bbox 2217 2527 2364 2595; x_wconf 87' lang='lat' dir='ltr'>mihi</span> <span class='ocrx_word' id='word_1_160' title='bbox 2407 2547 2506 2590; x_wconf 88' lang='lat' dir='ltr'>non</span> 
     </span>
     <span class='ocr_line' id='line_1_25' title="bbox 496 2621 2506 2706; baseline -0.003 -18"><span class='ocrx_word' id='word_1_161' title='bbox 496 2633 604 2692; x_wconf 87' lang='lat' dir='ltr'>est.</span> <span class='ocrx_word' id='word_1_162' title='bbox 630 2621 899 2688; x_wconf 85' lang='lat' dir='ltr'>dubium</span> <span class='ocrx_word' id='word_1_163' title='bbox 925 2622 1082 2706; x_wconf 88' lang='lat' dir='ltr'>quin</span> <span class='ocrx_word' id='word_1_164' title='bbox 1102 2644 1251 2688; x_wconf 84' lang='lat' dir='ltr'>cum</span> <span class='ocrx_word' id='word_1_165' title='bbox 1286 2635 1478 2689; x_wconf 82' lang='lat' dir='ltr'>antea</span> <span class='ocrx_word' id='word_1_166' title='bbox 1501 2635 1720 2690; x_wconf 81' lang='lat' dir='ltr'>nostra</span> <span class='ocrx_word' id='word_1_167' title='bbox 1747 2645 1964 2702; x_wconf 84' lang='lat' dir='ltr'>causa,</span> <span class='ocrx_word' id='word_1_168' title='bbox 1997 2635 2175 2694; x_wconf 85' lang='lat' dir='ltr'>nunc</span> <span class='ocrx_word' id='word_1_169' title='bbox 2207 2625 2330 2690; x_wconf 84' lang='lat' dir='ltr'>iam</span> <span class='ocrx_word' id='word_1_170' title='bbox 2353 2621 2506 2687; x_wconf 79' lang='lat' dir='ltr'>etiam</span> 
     </span>
     <span class='ocr_line' id='line_1_26' title="bbox 494 2714 2507 2804; baseline -0.002 -24"><span class='ocrx_word' id='word_1_171' title='bbox 494 2727 645 2782; x_wconf 84' lang='lat' dir='ltr'>tuae</span> <span class='ocrx_word' id='word_1_172' title='bbox 681 2717 1077 2784; x_wconf 76' lang='lat' dir='ltr'>constantiae</span> <span class='ocrx_word' id='word_1_173' title='bbox 1110 2717 1323 2804; x_wconf 82' lang='lat' dir='ltr'>gratia</span> <span class='ocrx_word' id='word_1_174' title='bbox 1355 2739 1695 2785; x_wconf 79' lang='lat' dir='ltr'>mansurus</span> <span class='ocrx_word' id='word_1_175' title='bbox 1731 2716 1820 2783; x_wconf 83' lang='lat' dir='ltr'>sis</span> <span class='ocrx_word' id='word_1_176' title='bbox 1862 2717 1931 2785; x_wconf 84' lang='lat' dir='ltr'>in</span> <span class='ocrx_word' id='word_1_177' title='bbox 1965 2719 2194 2786; x_wconf 84' lang='lat' dir='ltr'>eadem</span> <span class='ocrx_word' id='word_1_178' title='bbox 2236 2718 2354 2784; x_wconf 79' lang='lat' dir='ltr'>ista</span> <span class='ocrx_word' id='word_1_179' title='bbox 2383 2714 2507 2779; x_wconf 85' lang='lat' dir='ltr'>libe-</span> 
     </span>
     <span class='ocr_line' id='line_1_27' title="bbox 492 2811 2504 2898; baseline 0.002 -23"><span class='ocrx_word' id='word_1_180' title='bbox 492 2811 762 2889; x_wconf 84' lang='lat' dir='ltr'>ralitate,</span> <span class='ocrx_word' id='word_1_181' title='bbox 798 2822 1013 2878; x_wconf 80' lang='lat' dir='ltr'>tamen</span> <span class='ocrx_word' id='word_1_182' title='bbox 1040 2812 1156 2878; x_wconf 84' lang='lat' dir='ltr'>abs</span> <span class='ocrx_word' id='word_1_183' title='bbox 1193 2824 1256 2878; x_wconf 86' lang='lat' dir='ltr'>te</span> <span class='ocrx_word' id='word_1_184' title='bbox 1273 2813 1682 2880; x_wconf 86' lang='lat' dir='ltr'>vehementer</span> <span class='ocrx_word' id='word_1_185' title='bbox 1709 2812 1902 2879; x_wconf 86' lang='lat' dir='ltr'>etiam</span> <span class='ocrx_word' id='word_1_186' title='bbox 1929 2824 2128 2898; x_wconf 83' lang='lat' dir='ltr'>atque</span> <span class='ocrx_word' id='word_1_187' title='bbox 2153 2814 2345 2880; x_wconf 82' lang='lat' dir='ltr'>etiam</span> <span class='ocrx_word' id='word_1_188' title='bbox 2369 2817 2504 2896; x_wconf 73' lang='lat' dir='ltr'>peto,</span> 
     </span>
     <span class='ocr_line' id='line_1_28' title="bbox 491 2903 2506 2992; baseline 0 -24"><span class='ocrx_word' id='word_1_189' title='bbox 491 2913 565 2968; x_wconf 91' lang='lat' dir='ltr'>ut</span> <span class='ocrx_word' id='word_1_190' title='bbox 601 2927 707 2982; x_wconf 88' lang='lat' dir='ltr'>ea,</span> <span class='ocrx_word' id='word_1_191' title='bbox 752 2925 919 2989; x_wconf 85' lang='lat' dir='ltr'>quae</span> <span class='ocrx_word' id='word_1_192' title='bbox 954 2903 1135 2970; x_wconf 85' lang='lat' dir='ltr'>initio</span> <span class='ocrx_word' id='word_1_193' title='bbox 1171 2907 1532 2984; x_wconf 88' lang='lat' dir='ltr'>ostendisti,</span> <span class='ocrx_word' id='word_1_194' title='bbox 1571 2906 1870 2992; x_wconf 79' lang='lat' dir='ltr'>deinceps</span> <span class='ocrx_word' id='word_1_195' title='bbox 1906 2907 2148 2986; x_wconf 84' lang='lat' dir='ltr'>fecisti,</span> <span class='ocrx_word' id='word_1_196' title='bbox 2192 2907 2275 2974; x_wconf 86' lang='lat' dir='ltr'>ad</span> <span class='ocrx_word' id='word_1_197' title='bbox 2307 2905 2506 2973; x_wconf 82' lang='lat' dir='ltr'>exitum</span> 
     </span>
     <span class='ocr_line' id='line_1_29' title="bbox 493 2997 2505 3087; baseline -0.001 -25"><span class='ocrx_word' id='word_1_198' title='bbox 493 2997 717 3084; x_wconf 82' lang='lat' dir='ltr'>augeri</span> <span class='ocrx_word' id='word_1_199' title='bbox 753 3009 818 3064; x_wconf 90' lang='lat' dir='ltr'>et</span> <span class='ocrx_word' id='word_1_200' title='bbox 861 2999 1172 3066; x_wconf 84' lang='lat' dir='ltr'>cumulari</span> <span class='ocrx_word' id='word_1_201' title='bbox 1214 3023 1331 3087; x_wconf 84' lang='lat' dir='ltr'>per</span> <span class='ocrx_word' id='word_1_202' title='bbox 1373 3012 1438 3068; x_wconf 89' lang='lat' dir='ltr'>te</span> <span class='ocrx_word' id='word_1_203' title='bbox 1481 3000 1670 3067; x_wconf 87' lang='lat' dir='ltr'>velis:</span> <span class='ocrx_word' id='word_1_204' title='bbox 1722 2999 1791 3065; x_wconf 90' lang='lat' dir='ltr'>id</span> <span class='ocrx_word' id='word_1_205' title='bbox 1833 3011 1899 3066; x_wconf 90' lang='lat' dir='ltr'>et</span> <span class='ocrx_word' id='word_1_206' title='bbox 1932 3001 2220 3068; x_wconf 89' lang='lat' dir='ltr'>Lucceio</span> <span class='ocrx_word' id='word_1_207' title='bbox 2255 3011 2316 3067; x_wconf 88' lang='lat' dir='ltr'>et</span> <span class='ocrx_word' id='word_1_208' title='bbox 2343 2999 2505 3064; x_wconf 87' lang='lat' dir='ltr'>Pom-</span> 
     </span>
     <span class='ocr_line' id='line_1_30' title="bbox 491 3091 2504 3182; baseline -0.002 -24"><span class='ocrx_word' id='word_1_209' title='bbox 491 3093 635 3179; x_wconf 91' lang='lat' dir='ltr'>peio</span> <span class='ocrx_word' id='word_1_210' title='bbox 671 3091 859 3160; x_wconf 87' lang='lat' dir='ltr'>valde</span> <span class='ocrx_word' id='word_1_211' title='bbox 894 3107 1153 3181; x_wconf 86' lang='lat' dir='ltr'>gratum</span> <span class='ocrx_word' id='word_1_212' title='bbox 1188 3095 1326 3161; x_wconf 87' lang='lat' dir='ltr'>fore</span> <span class='ocrx_word' id='word_1_213' title='bbox 1361 3107 1552 3180; x_wconf 84' lang='lat' dir='ltr'>teque</span> <span class='ocrx_word' id='word_1_214' title='bbox 1587 3095 1761 3182; x_wconf 82' lang='lat' dir='ltr'>apud</span> <span class='ocrx_word' id='word_1_215' title='bbox 1799 3117 1908 3161; x_wconf 91' lang='lat' dir='ltr'>eos</span> <span class='ocrx_word' id='word_1_216' title='bbox 1942 3098 2268 3182; x_wconf 86' lang='lat' dir='ltr'>praeclare</span> <span class='ocrx_word' id='word_1_217' title='bbox 2302 3093 2504 3182; x_wconf 74' lang='lat' dir='ltr'>ponitu-</span> 
     </span>
     <span class='ocr_line' id='line_1_31' title="bbox 491 3185 2500 3278; baseline 0 -24"><span class='ocrx_word' id='word_1_218' title='bbox 491 3212 635 3254; x_wconf 88' lang='lat' dir='ltr'>rum</span> <span class='ocrx_word' id='word_1_219' title='bbox 688 3189 993 3256; x_wconf 86' lang='lat' dir='ltr'>confirmo</span> <span class='ocrx_word' id='word_1_220' title='bbox 1054 3203 1117 3256; x_wconf 92' lang='lat' dir='ltr'>et</span> <span class='ocrx_word' id='word_1_221' title='bbox 1180 3193 1483 3278; x_wconf 88' lang='lat' dir='ltr'>spondeo.</span> <span class='ocrx_word' id='word_1_222' title='bbox 1591 3192 1671 3258; x_wconf 89' lang='lat' dir='ltr'>de</span> <span class='ocrx_word' id='word_1_223' title='bbox 1733 3214 1804 3256; x_wconf 89' lang='lat' dir='ltr'>re</span> <span class='ocrx_word' id='word_1_224' title='bbox 1864 3192 2126 3278; x_wconf 84' lang='lat' dir='ltr'>publica</span> <span class='ocrx_word' id='word_1_225' title='bbox 2177 3194 2374 3278; x_wconf 90' lang='lat' dir='ltr'>deque</span> <span class='ocrx_word' id='word_1_226' title='bbox 2426 3185 2500 3250; x_wconf 75' lang='lat' dir='ltr'>his</span> 
     </span>
     <span class='ocr_line' id='line_1_32' title="bbox 490 3281 2502 3373; baseline 0 -26"><span class='ocrx_word' id='word_1_227' title='bbox 490 3283 764 3369; x_wconf 88' lang='lat' dir='ltr'>negotiis</span> <span class='ocrx_word' id='word_1_228' title='bbox 818 3285 1442 3371; x_wconf 84' lang='lat' dir='ltr'>cogitationibusque</span> <span class='ocrx_word' id='word_1_229' title='bbox 1503 3285 1736 3351; x_wconf 87' lang='lat' dir='ltr'>nostris</span> <span class='ocrx_word' id='word_1_230' title='bbox 1798 3287 2290 3373; x_wconf 82' lang='lat' dir='ltr'>perscripseram</span> <span class='ocrx_word' id='word_1_231' title='bbox 2339 3281 2412 3349; x_wconf 87' lang='lat' dir='ltr'>ad</span> <span class='ocrx_word' id='word_1_232' title='bbox 2453 3289 2502 3343; x_wconf 78' lang='lat' dir='ltr'>te</span> 
     </span>
     <span class='ocr_line' id='line_1_33' title="bbox 492 3377 2504 3464; baseline -0 -23"><span class='ocrx_word' id='word_1_233' title='bbox 492 3377 828 3462; x_wconf 84' lang='lat' dir='ltr'>diligenter</span> <span class='ocrx_word' id='word_1_234' title='bbox 877 3379 1098 3464; x_wconf 79' lang='lat' dir='ltr'>paucis</span> <span class='ocrx_word' id='word_1_235' title='bbox 1158 3391 1307 3446; x_wconf 84' lang='lat' dir='ltr'>ante</span> <span class='ocrx_word' id='word_1_236' title='bbox 1367 3380 1596 3449; x_wconf 87' lang='lat' dir='ltr'>diebus</span> <span class='ocrx_word' id='word_1_237' title='bbox 1648 3401 1886 3464; x_wconf 84' lang='lat' dir='ltr'>easque</span> <span class='ocrx_word' id='word_1_238' title='bbox 1946 3381 2190 3447; x_wconf 76' lang='lat' dir='ltr'>litteras</span> <span class='ocrx_word' id='word_1_239' title='bbox 2243 3379 2504 3446; x_wconf 81' lang='lat' dir='ltr'>dederam</span> 
     </span>
    </p>
   </div>
   <div class='ocr_carea' id='block_1_9' title="bbox 489 3471 1103 3560">
    <p class='ocr_par' dir='ltr' id='par_1_9' title="bbox 489 3471 1103 3560">
     <span class='ocr_line' id='line_1_34' title="bbox 489 3471 1103 3560; baseline 0.007 -22"><span class='ocrx_word' id='word_1_240' title='bbox 489 3471 703 3560; x_wconf 87' lang='lat' dir='ltr'>pueris</span> <span class='ocrx_word' id='word_1_241' title='bbox 740 3474 887 3540; x_wconf 83' lang='lat' dir='ltr'>tuis.</span> <span class='ocrx_word' id='word_1_242' title='bbox 942 3476 1103 3542; x_wconf 85' lang='lat' dir='ltr'>vale.</span> 
     </span>
    </p>
   </div>
   <div class='ocr_carea' id='block_1_10' title="bbox 764 3625 2263 3892">
    <p class='ocr_par' dir='ltr' id='par_1_10' title="bbox 764 3625 2246 3892">
     <span class='ocr_line' id='line_1_35' title="bbox 1042 3625 1612 3682; baseline -0.004 0"><span class='ocrx_word' id='word_1_243' title='bbox 1042 3677 1047 3682; x_wconf 83' lang='grc'><strong>.</strong></span> <span class='ocrx_word' id='word_1_244' title='bbox 1422 3625 1612 3682; x_wconf 88' lang='lat' dir='ltr'>XLII.</span> 
     </span>
     <span class='ocr_line' id='line_1_36' title="bbox 1164 3671 1870 3791; baseline 0 -7"><span class='ocrx_word' id='word_1_245' title='bbox 1164 3727 1281 3784; x_wconf 82' lang='lat' dir='ltr'>Ser.</span> <span class='ocrx_word' id='word_1_246' title='bbox 1300 3671 1585 3791; x_wconf 76' lang='lat' dir='ltr'>Romaea.</span> <span class='ocrx_word' id='word_1_247' title='bbox 1606 3747 1659 3784; x_wconf 90' lang='lat' dir='ltr'>u.</span> <span class='ocrx_word' id='word_1_248' title='bbox 1682 3747 1731 3786; x_wconf 89' lang='lat' dir='ltr'>c.</span> <span class='ocrx_word' id='word_1_249' title='bbox 1751 3731 1870 3786; x_wconf 85' lang='lat'>695.</span> 
     </span>
     <span class='ocr_line' id='line_1_37' title="bbox 764 3828 2263 3892; baseline 0.001 -8"><span class='ocrx_word' id='word_1_250' title='bbox 764 3830 841 3890; x_wconf 88' lang='lat' dir='ltr'>M</span> <span class='ocrx_word' id='word_1_251' title='bbox 878 3828 1153 3887; x_wconf 81' lang='lat' dir='ltr'>CICERO</span> <span class='ocrx_word' id='word_1_252' title='bbox 1191 3830 1247 3888; x_wconf 60' lang='lat' dir='ltr'>S»</span> <span class='ocrx_word' id='word_1_253' title='bbox 1284 3832 1360 3888; x_wconf 91' lang='lat' dir='ltr'>D.</span> <span class='ocrx_word' id='word_1_254' title='bbox 1397 3831 1467 3888; x_wconf 90' lang='lat' dir='ltr'>L.</span> <span class='ocrx_word' id='word_1_255' title='bbox 1505 3831 1918 3892; x_wconf 84' lang='lat' dir='ltr'>CULLEOLO</span> <span class='ocrx_word' id='word_1_256' title='bbox 1953 3829 2263 3891; x_wconf 88' lang='lat' dir='ltr'>PROCOS.</span> 
     </span>
    </p>
   </div>
   <div class='ocr_carea' id='block_1_11' title="bbox 487 3936 2502 4158">
    <p class='ocr_par' dir='ltr' id='par_1_11' title="bbox 487 3936 2502 4130">
     <span class='ocr_line' id='line_1_38' title="bbox 616 3936 2502 4035; baseline 0.003 -30"><span class='ocrx_word' id='word_1_257' title='bbox 616 3941 699 4006; x_wconf 89' lang='lat' dir='ltr'>L.</span> <span class='ocrx_word' id='word_1_258' title='bbox 735 3943 1059 4010; x_wconf 86' lang='lat' dir='ltr'>Lucceius</span> <span class='ocrx_word' id='word_1_259' title='bbox 1094 3969 1313 4024; x_wconf 86' lang='lat' dir='ltr'>meus,</span> <span class='ocrx_word' id='word_1_260' title='bbox 1357 3946 1550 4012; x_wconf 86' lang='lat' dir='ltr'>homo</span> <span class='ocrx_word' id='word_1_261' title='bbox 1587 3947 1874 4014; x_wconf 85' lang='lat' dir='ltr'>omnium</span> <span class='ocrx_word' id='word_1_262' title='bbox 1905 3946 2324 4035; x_wconf 75' lang='lat' dir='ltr'>gratissimus,</span> <span class='ocrx_word' id='word_1_263' title='bbox 2357 3936 2502 4005; x_wconf 75' lang='lat' dir='ltr'>miri·</span> 
     </span>
     <span class='ocr_line' id='line_1_39' title="bbox 487 4028 2496 4158; baseline 0.004 -64"><span class='ocrx_word' id='word_1_264' title='bbox 487 4028 639 4096; x_wconf 86' lang='lat' dir='ltr'>ficas</span> <span class='ocrx_word' id='word_1_265' title='bbox 693 4035 810 4098; x_wconf 88' lang='lat' dir='ltr'>tibi</span> <span class='ocrx_word' id='word_1_266' title='bbox 862 4039 1035 4158; x_wconf 75' lang='lat' dir='ltr'>apud</span> <span class='ocrx_word' id='word_1_267' title='bbox 1086 4063 1191 4106; x_wconf 86' lang='lat' dir='ltr'>me</span> <span class='ocrx_word' id='word_1_268' title='bbox 1234 4042 1475 4126; x_wconf 84' lang='lat' dir='ltr'>gratias</span> <span class='ocrx_word' id='word_1_269' title='bbox 1522 4043 1682 4130; x_wconf 88' lang='lat' dir='ltr'>egit,</span> <span class='ocrx_word' id='word_1_270' title='bbox 1739 4065 1886 4109; x_wconf 89' lang='lat' dir='ltr'>cum</span> <span class='ocrx_word' id='word_1_271' title='bbox 1931 4043 2164 4109; x_wconf 83' lang='lat' dir='ltr'>diceret</span> <span class='ocrx_word' id='word_1_272' title='bbox 2207 4037 2404 4105; x_wconf 78' lang='lat' dir='ltr'>omnia</span> <span class='ocrx_word' id='word_1_273' title='bbox 2443 4039 2496 4092; x_wconf 71' lang='lat' dir='ltr'>te</span> 
     </span>
    </p>
   </div>
   <div class='ocr_carea' id='block_1_12' title="bbox 2593 65 2604 830">
    <p class='ocr_par' dir='ltr' id='par_1_12' title="bbox 2593 65 2604 830">
     <span class='ocr_line' id='line_1_40' title="bbox 2593 65 2604 830; baseline 0 0"><span class='ocrx_word' id='word_1_274' title='bbox 2593 65 2604 830; x_wconf 95' lang='lat' dir='ltr'> </span> 
     </span>
    </p>
   </div>
  </div>
 </body>
</html>
