2675 4559
634 285 1196 346 EPISTOLARUM
1228 287 1337 344 IX.
1373 290 1458 346 26.
1495 289 1572 346 X.
1612 291 1662 346 1.
2054 279 2176 345 221

614 812 719 886 M.
780 819 1114 886 mm
1168 770 1675 890 CICERONIS

365 1027 508 1094 An
562 1027 663 1093 M.
718 931 1219 1096 memnii}
1273 1026 1914 1099 omnRONEM

750 1137 1526 1210 EPISTOLARUM
1613 1217 1622 1226 ,

608 1275 1015 1332 lanan
1068 1275 1602 1335 DECIMUS.

622 1381 783 1448 AD
846 1381 931 1448 L.
994 1379 1656 1450 PLANCUM.

1114 1569 1161 1623 Ι.

382 1669 502 1726 Sor.
518 1669 737 1726 Romae
757 1677 993 1728 exeunte
1011 1689 1203 1726 mense
1224 1669 1544 1742 Septembri
1565 1689 1615 1760 a.
1637 1689 1691 1727 u.
1711 1689 1761 1728 c.
1782 1673 1900 1730 710.

821 1771 1099 1831 CICERO
1136 1772 1469 1832 PLANCO.

240 1913 324 1978 Et
356 1912 495 1980 afui
528 1914 941 2000 proficiscens
974 1915 1044 1984 in
1081 1913 1428 1982 Graeciam
1441 1962 1461 1992 ,
1499 1925 1564 1980 et
1595 1925 1824 2001 postea
1857 1936 2054 2000 quam
2093 1916 2172 1982 de
2209 1943 2233 1981 1

136 2009 319 2075 medio
351 2030 549 2074 cursu
580 2009 677 2074 rei
708 2009 1009 2094 publicae
1042 2032 1191 2076 sum
1223 2031 1384 2075 voce
1418 2020 1778 2088 revocatus,
1814 2017 2172 2095 numquam

137 2125 230 2188 per
259 2104 351 2170 M.
388 2103 751 2171 Antonium
785 2105 1039 2190 quietus
1074 2104 1171 2170 fui
1182 2152 1201 2183 ,
1238 2103 1422 2170 cuius
1459 2115 1638 2170 tanta
1673 2115 1769 2172 est
1781 2151 1802 2184 ,
1835 2127 1970 2170 non
1999 2105 2174 2171 inso-

137 2198 301 2264 lentia
330 2235 419 2246 -
450 2222 605 2264 nam
646 2198 716 2264 id
762 2200 1025 2284 quidem
1059 2201 1321 2286 volgare
1365 2199 1593 2265 vitium
1629 2212 1728 2266 est
1760 2237 1878 2280 —-,
1923 2201 2040 2268 sed
2073 2202 2172 2266 in·

138 2292 407 2370 manitas,
459 2315 594 2358 non
644 2293 837 2358 modo
890 2303 963 2358 ut
1016 2315 1271 2372 vocem,
1324 2293 1441 2360 sed
1491 2318 1576 2360 ne
1620 2296 1866 2361 voltum
1909 2295 2174 2380 quidem

136 2385 373 2452 liberum
425 2387 631 2473 possit
674 2387 843 2453 ferre
890 2387 1290 2472 cuiusquam.
1387 2389 1604 2474 itaque
1647 2389 1806 2454 mihi
1849 2390 2172 2456 maximae

139 2500 295 2548 curae
344 2493 473 2560 est,
524 2501 657 2548 non
702 2481 784 2547 de
828 2504 977 2548 mea
1022 2482 1287 2567 quidem
1330 2483 1496 2562 vita,
1551 2485 1656 2550 cui
1699 2483 1856 2550 satis
1898 2484 2026 2552 feci
2069 2486 2172 2551 vel

138 2584 308 2640 aetate
341 2574 449 2641 vel
480 2574 669 2642 sactis
705 2577 838 2654 vel,
883 2577 938 2643 si
984 2577 1142 2661 quid
1177 2577 1372 2644 etiam
1413 2577 1540 2644 hoc
1575 2578 1659 2644 ad
1693 2601 1827 2645 rem
1875 2579 2172 2665 pertinet,

137 2667 333 2751 gloria,
376 2671 494 2737 sed
530 2691 633 2736 me
667 2672 876 2757 patria
910 2671 1211 2738 sollicitat
1251 2672 1322 2736 in
1355 2672 1734 2760 primisque,
1781 2673 1872 2738 mi
1905 2673 2172 2750 Plance,

138 2765 492 2851 exspectatio
530 2767 899 2832 consulatus
934 2767 1027 2832 tui
1040 2815 1059 2845 ,
1106 2787 1273 2852 quae
1306 2767 1400 2832 ita
1431 2768 1628 2854 longa
1663 2779 1790 2846 est,
1836 2777 1910 2832 ut
1943 2778 2172 2854 optan-

138 2858 261 2924 dum
293 2861 373 2926 sit
408 2871 485 2926 ut
530 2860 849 2946 possimus
886 2862 969 2927 ad
984 2855 1082 2928 Nid
1118 2873 1372 2948 tempus
1407 2862 1504 2929 rei
1536 2863 1835 2950 publicae
1873 2862 2170 2950 spiritum

140 2952 353 3020 ducere.
444 2976 613 3039 quae
647 2965 860 3041 potest
894 2956 1067 3022 enim
1102 2979 1251 3044 spes
1288 2979 1430 3023 esse
1465 2957 1534 3023 in
1570 2981 1650 3024 ea
1681 2981 1755 3024 re.
1786 2949 2068 3045 publica,
2103 2958 2171 3024 in

139 3068 237 3130 qua
265 3048 538 3114 hominis
572 3050 1065 3136 inpotentissimi
1094 3062 1288 3136 atque
1314 3051 1947 3139 intemperantissimi
1975 3053 2168 3118 armis

139 3161 407 3228 oppressa
450 3154 603 3226 sunt
638 3145 853 3211 omnia
888 3157 954 3211 et
997 3146 1063 3210 in
1100 3167 1230 3232 qua
1264 3169 1386 3212 nec
1422 3157 1682 3212 senatus
1725 3169 1848 3212 nec
1890 3148 2167 3233 populus

138 3236 241 3302 vim
284 3237 479 3307 habet
522 3239 722 3304 ullam
765 3260 886 3305 nec
935 3241 1114 3328 leges
1167 3241 1339 3306 ullae
1385 3251 1537 3306 sunt
1580 3261 1703 3305 nec
1754 3239 1995 3305 iudicia
2045 3260 2168 3304 nec

138 3332 355 3400 omnino
398 3333 813 3400 simulacrum
856 3333 1119 3418 aliquod
1172 3357 1248 3401 ac
1295 3333 1640 3420 vestigium
1687 3331 2003 3398 civitatis?
2055 3331 2169 3398 sed
2203 3355 2231 3394 a

140 3428 403 3507 qnoniam
454 3440 602 3495 acta
646 3430 865 3495 omnia
916 3430 1086 3496 mitti
1138 3430 1225 3496 ad
1276 3441 1342 3496 te
1389 3428 1766 3507 arbitrabar,
1819 3427 1980 3493 nihil
2035 3438 2171 3494 erat

140 3520 279 3600 quod
302 3523 571 3609 singulis
600 3522 681 3589 de
708 3522 903 3590 rebus
932 3523 1307 3602 scriberem3
1343 3523 1506 3589 illud
1534 3534 1752 3590 autem
1771 3532 1908 3590 erat
1935 3521 2168 3588 amoris

140 3613 263 3692 mei,
302 3638 493 3702 quem
518 3641 569 3682 ‘a
604 3628 718 3684 tua
752 3618 1029 3704 pueritia
1066 3629 1437 3705 susceptum
1471 3639 1604 3684 non
1649 3617 1900 3684 servavi
1937 3617 2169 3696 solum,

141 3708 230 3772 sed
258 3712 441 3778 etiam
477 3712 661 3790 auxi,
704 3735 965 3780 monere
1010 3724 1075 3779 te
1112 3723 1307 3798 atque
1343 3713 1614 3791 hortari,
1659 3719 1735 3777 'ut
1769 3711 1844 3778 -in
1876 3733 2015 3778 rem
2049 3733 2171 3796 pu-

141 3798 333 3870 blicam
376 3807 551 3872 omni
596 3807 987 3894 cogitatione
1042 3828 1325 3892 curaque
1379 3807 1804 3874 incumberes.
1893 3827 2062 3890 quae
2113 3805 2170 3870 si

142 3895 209 3958 ad
250 3908 417 3966 tuum
468 3912 727 3988 tempus
779 3902 1183 3989 perducitur,
1236 3901 1444 3968 facilis
1489 3900 1870 3989 gubernatio
1917 3910 2044 3978 est3
2073 3910 2170 3964 -ut

142 3993 485 4073 perducatur
512 3995 749 4076 autem,
777 4021 1055 4086 magnae
1086 4020 1233 4064 cum
1262 3998 1633 4085 diligentiae
1659 4007 1778 4074 est,
1807 4007 1947 4062 tum
1974 3994 2168 4062 etiam

141 4082 412 4158 fortunae.
486 4092 604 4158 sed
638 4101 703 4158 et
739 4103 803 4160 te
838 4094 1169 4180 aliquanto
1204 4103 1374 4171 ante,
1411 4105 1485 4160 ut
1517 4112 1728 4180 spero,
1764 4089 2166 4168 habebimus,
2205 4104 2232 4144 3
