2675 4559
85 298 103 400 *v
731 272 1286 334 EPISTOLARUM
1317 275 1394 330 X.
1430 276 1481 331 8.
1502 275 1553 331 9.
1708 328 1714 334 ,
2041 265 2171 331 229

85 409 87 412 ’
169 421 281 465 meo
313 420 457 464 casu
500 408 607 463 aut
649 398 1023 464 confirmare
1067 397 1311 484 patriae
1349 400 1622 465 salutem
1658 410 1767 465 aut
1809 402 2169 487 periculum

167 493 366 581 possim
412 492 659 558 morari.
754 491 917 558 haec
970 492 1026 558 si
1075 493 1205 558 iam
1258 494 1571 579 expeditis
1625 496 1922 561 omnibus
1974 497 2167 564 rebus
2203 516 2228 556 ’τ

166 587 584 672 tranquilloque
638 597 809 652 statu
861 587 1133 653 civitatis
1184 587 1520 673 polliceor,
1579 589 1648 656 in
1701 590 1933 656 damno
1985 614 2169 658 meae

164 683 333 747 laudis
364 683 453 747 rei
484 681 777 768 publicae
814 681 1147 746 commodo
1182 683 1472 748 laetabor
1479 708 1498 760 3
1547 682 1646 748 sin
1679 684 1764 749 ad
1800 685 2168 752 societatem

162 775 666 862 integerrim0rum
728 786 793 842 et
859 776 1286 840 maximorum
1344 777 1775 862 periculorum
1844 780 2167 857 accedam,

164 871 381 935 consilia
411 893 557 936 mea
590 869 812 955 aequis
846 870 1165 936 iudicibus
1194 871 1277 936 ab
1308 871 1770 938 obtrectatione
1803 874 2166 940 invidorum

164 964 516 1031 defendenda
551 964 950 1031 commendo,
1039 965 1195 1030 mihi
1230 965 1493 1050 quidem
1537 967 1657 1052 ipsi
1695 967 1942 1057 fructus
1977 969 2168 1036 meri-

162 1071 329 1123 torum
360 1081 644 1125 meorum
676 1059 746 1123 in
780 1059 875 1124 rei
909 1059 1203 1145 publicae
1238 1059 1675 1127 incolumitate
1704 1061 1856 1127 satis
1891 1085 2165 1148 magnus

161 1164 233 1217 est
266 1164 542 1238 paratus3
597 1175 707 1219 eos
742 1174 925 1230 vero,
980 1155 1092 1238 qui
1133 1178 1346 1221 meam
1381 1155 1825 1221 auctoritatem
1857 1167 1922 1222 et
1964 1157 2166 1221 multo

163 1249 322 1335 magis
362 1262 636 1316 vestram
679 1249 872 1314 fidem
909 1250 1110 1316 secuti
1153 1271 1273 1316 nec
1308 1251 1442 1316 ulla
1477 1273 1591 1336 spe
1627 1250 1836 1337 decipi
1877 1271 2000 1317 nec
2033 1251 2164 1316 ullo

161 1353 296 1407 metu
324 1345 536 1410 terreri
581 1355 957 1430 potuerunt,
1002 1356 1075 1411 ut
1111 1347 1588 1412 commendatos
1627 1346 1808 1411 vobis
1852 1345 2163 1424 habeatis,

161 1438 452 1520 petendum
486 1439 761 1504 videtur.

1077 1675 1183 1729 IX.

250 1775 348 1833 Ser.
366 1778 423 1832 in
440 1776 636 1834 Gallia
652 1777 1008 1833 Narbonensi
1026 1782 1263 1833 exeunte
1280 1793 1474 1832 mense
1491 1776 1678 1847 Aprili
1695 1794 1746 1831 a.
1765 1795 1821 1831 u.
1842 1794 1889 1832 c.
1913 1778 2032 1831 711.

658 1878 1015 1937 PLANCUS
1051 1878 1413 1936 CICERONI
1449 1878 1612 1936 SAL.

254 2003 407 2070 Nihil
439 2028 541 2072 me
590 2004 714 2096 tibi
744 2016 983 2071 temere
1020 2015 1132 2071 aut
1177 2016 1241 2070 te
1278 2004 1504 2070 ceteris
1542 2007 1614 2068 de
1647 2025 1752 2069 me
1786 2003 2024 2069 frustra
2061 2027 2165 2069 re·
2197 2021 2221 2059 1·

71 2103 74 2142 ⁴
162 2097 352 2182 cepisse
373 2100 603 2167 laetor:
641 2098 812 2166 certe
847 2100 970 2165 hoc
996 2099 1202 2165 maius
1236 2098 1438 2164 habes
1464 2099 1900 2165 testimonium
1927 2099 2159 2165 amoris

73 2231 74 2237 κ
162 2192 279 2269 mei,
321 2215 439 2279 quo
485 2195 801 2262 maturius
848 2194 965 2260 tibi
1000 2215 1196 2284 quam
1230 2195 1457 2260 ceteris
1504 2194 1768 2260 consilia
1802 2217 1948 2259 mea
1982 2193 2158 2260 volui

162 2306 265 2351 esse
298 2301 453 2355 nota.
538 2290 614 2356 in
657 2290 793 2356 dies
837 2312 989 2355 vero
1024 2290 1400 2355 meritorum
1433 2311 1722 2355 meorum
1765 2289 1904 2356 fieri
1946 2311 2162 2356 acces-

161 2377 321 2447 siones
344 2385 673 2469 pervidere
700 2394 764 2450 te
793 2405 1001 2470 spei-0,
1019 2384 1427 2470 cogniturum
1453 2383 1660 2470 magis
1688 2383 1947 2470 recipi0.
1983 2383 2158 2468 quod
2193 2401 2218 2439 2

160 2473 219 2536 ad
245 2499 331 2542 me
368 2480 620 2558 attinet,
676 2479 766 2544 mi
802 2477 1031 2546 Cicero
1065 2516 1153 2526 —-
1184 2480 1275 2544 ita
1320 2479 1406 2544 ab
1449 2479 1928 2545 imminentibus
1970 2478 2156 2544 malis

158 2588 230 2632 res
256 2574 488 2656 publica
520 2597 629 2640 me
664 2574 1009 2641 adiuvante
1040 2573 1377 2639 liberetur!
1413 2609 1502 2621 ——·
1534 2575 1628 2639 sic
1661 2573 1936 2638 honores
1972 2595 2156 2658 prae-

158 2663 358 2748 miaque
390 2683 601 2735 vestra
635 2668 944 2755 suspiciO,
992 2667 1380 2734 conferenda
1414 2678 1585 2734 certe
1622 2689 1770 2732 cum
1804 2666 2154 2731 inmortali-

158 2765 277 2835 tate,
322 2773 386 2826 ut
435 2763 571 2829 sine
617 2763 717 2828 his
762 2763 922 2828 nihil
966 2762 1047 2830 de
1097 2785 1243 2828 meo
1290 2762 1501 2828 studio
1552 2759 2153 2848 perseverantiaque

158 2848 246 2913 Sim
287 2857 679 2923 remissurus.
732 2857 856 2922 nisi
897 2857 968 2921 in
1020 2857 1430 2922 multitudine
1475 2856 1862 2943 optim0rum
1915 2854 2152 2920 civium

158 2958 374 3030 nnpetus
416 2951 613 3017 animi
655 2951 783 3017 mei
825 2951 1019 3017 fuerit
1061 2951 1402 3038 singularis
1440 2963 1503 3018 et
1548 2974 1742 3036 opera
1786 2950 2150 3037 praecipua,

69 3094 72 3117 ÷
159 3036 275 3105 nihil
319 3045 395 3110 ad
441 3069 653 3112 meam
705 3046 1083 3132 dignitatem
1136 3045 1440 3112 accedere
1495 3047 1639 3111 volo
1693 3045 2151 3132 suffragatione

164 3147 336 3202 vestra.
384 3142 762 3228 concupisco
799 3153 1016 3207 autem
1050 3141 1207 3207 nihil
1241 3141 1397 3207 mihi
1433 3177 1524 3188 -—
1550 3150 1771 3206 contra
1805 3139 2032 3222 quod·
2013 3159 2150 3222 ipse
2187 3167 2211 3206 s

158 3244 325 3313 pugno
340 3268 437 3310 ·—·‚
471 3247 536 3302 et
569 3235 873 3322 temporis
909 3246 974 3302 et
1006 3236 1099 3302 rei
1134 3247 1197 3302 te
1230 3235 1698 3300 moderatorem
1731 3232 1918 3297 facile
1945 3232 2153 3316 patior

158 3338 285 3402 esse3
329 3329 477 3395 nihil
529 3342 644 3396 aut
696 3353 838 3404 sero
883 3342 997 3397 ant
1042 3333 1274 3418 exigue
1320 3354 1362 3396 a
1403 3328 1612 3415 patria
1663 3326 1788 3392 civi
1839 3327 2149 3392 tributum

158 3426 319 3494 potest
346 3422 558 3491 videri.
614 3426 965 3492 exercitum
1002 3449 1059 3490 a.
1097 3425 1161 3491 d.
1196 3449 1281 3492 vr.
1318 3425 1473 3490 Kal.
1510 3422 1724 3488 Maias
1758 3421 2150 3489 Rhodanum

159 3509 342 3593 traieci,
373 3519 619 3605 magnis
652 3519 1009 3588 itineribus.
1081 3520 1338 3587 Vienna
1376 3519 1622 3604 equites
1657 3517 1831 3582 mille
1865 3516 1973 3581 via
2006 3515 2152 3579 bre-

159 3599 290 3670 viore
318 3613 621 3693 praemisi.
707 3613 875 3701 ipse,
914 3615 967 3680 si
1004 3615 1086 3680 ab
1121 3613 1377 3701 Lepido
1411 3635 1542 3679 non
1584 3611 1893 3698 inpediar,
1932 3609 2152 3675 celeri·-

159 3703 254 3763 fate
281 3705 417 3770 satis
450 3702 710 3787 faciam3
754 3711 811 3777 si
846 3721 1062 3777 autem
1096 3709 1309 3775 itineri
1343 3730 1490 3775 meo
1526 3730 1596 3774 se
1632 3704 2030 3794 opposuerit,
2066 3702 2148 3767 ad

157 3801 357 3878 tempus
396 3803 723 3870 consilium
767 3805 1036 3892 capiam.
1128 3805 1346 3891 copias
1382 3804 1637 3870 adduco
1674 3813 1738 3868 et
1781 3821 2048 3888 numero
2085 3807 2150 3864 et

159 3900 341 3962 genere
372 3904 433 3960 et
462 3895 769 3966 fidelitate
797 3900 1213 3966 firmissimas.
1269 3912 1355 3977 te,
1391 3911 1464 3965 ut
1501 3899 1731 3984 diligas
1767 3919 1891 3974 me,
1928 3894 1982 3960 si
2009 3916 2152 3959 mu-

160 3984 241 4041 tuo
268 3992 321 4049 te
352 3985 657 4059 facturum
692 3995 837 4073 scis,
873 4017 1050 4084 rogo,
1140 3996 1302 4061 vale.
