2675 4559
380 765 409 806 1

366 3963 389 4000 1

442 223 576 295 454
1068 234 1144 288 M.
1183 231 1456 308 'runnu
1491 231 1892 303 cmmoms

1283 405 1420 465 XII.
1459 405 1676 478 [XIV.]

613 510 729 568 Ser.
754 510 815 566 in
836 509 1092 566 Cumano
1116 508 1209 565 vel
1228 507 1578 583 Pompeiane
1601 525 1793 577 mense
1817 509 1970 567 Maio
1995 527 2048 566 a.
2065 526 2124 564 u.
2145 525 2191 565 c.
2213 501 2329 565 700ss

781 613 1101 668 MARCUS
1138 613 1434 676 QUINTO
1466 613 1751 668 FRATRI
1777 613 2164 669 SALUTEM

568 734 759 813 Duas
802 734 1014 816 adhuc
1048 759 1091 815 a
1124 746 1189 809 te
1222 733 1442 822 accepi
1478 734 1782 822 epistolas
1795 781 1814 814 ,
1867 733 2208 822 [quarum]
2245 736 2484 814 alteram

440 831 507 906 in
538 830 681 918 ipso
728 831 1015 915 discessu
1056 843 1327 914 nostre,
1353 831 1620 901 alteram
1653 830 1951 909 Arimino
1986 829 2240 912 datam3
2285 831 2486 916 pluris,

439 946 602 1011 quas
638 925 865 1004 scribis
900 937 962 991 te
998 925 1279 1006 dedisse,
1315 947 1446 996 non
1481 946 1875 1010 acceperam.
1959 946 2088 1011 ego
2124 947 2230 1006 me
2263 925 2331 990 in
2369 921 2489 993 Gu-

440 1042 631 1086 mano
666 1031 733 1101 et.
766 1019 1187 1106 Pompeiam,
1221 1031 1670 1106 praeterquam
1707 1020 1880 1104 quod
1917 1019 2060 1099 sine
2093 1030 2189 1098 te,
2225 1029 2484 1096 ceterum

442 1115 597 1182 satis
632 1113 963 1182 commode
999 1115 1402 1182 oblectabam
1437 1125 1501 1182 et
1545 1137 1721 1180 eram
1763 1115 1832 1182 in
1865 1114 2074 1193 isdem
2109 1114 2269 1178 locis
2303 1133 2486 1196 usque

442 1211 525 1282 ad
560 1210 713 1290 Kal.
750 1210 969 1292 lunias
1014 1209 1290 1277 futurus.
1383 1209 1746 1276 scribebam
1789 1209 1930 1290 illa,
1982 1229 2156 1292 qnae
2201 1207 2486 1284 dixeram,

438 1303 771 1386 πολῃῃιᾴ,
810 1304 1085 1391 spissum
1120 1327 1275 1373 sane
1302 1326 1466 1390 opus
1491 1317 1556 1370 et
1583 1326 1954 1390 operosum3
1991 1305 2130 1382 sed,
2167 1303 2226 1371 si
2250 1325 2330 1380 ex
2360 1324 2484 1369 sen-

440 1399 639 1472 tentia
674 1399 1077 1476 successerit,
1126 1398 1291 1468 bene
1337 1399 1454 1473 erit
1491 1421 1688 1486 opera
1729 1399 1968 1485 posita,
2014 1401 2120 1469 sin
2152 1399 2386 1476 minus,
2425 1397 2478 1461 in

438 1491 598 1558 illud
631 1492 844 1578 ipsum
880 1516 1057 1574 mare
1094 1493 1440 1563 deiciemus
1454 1541 1472 1571 ,
1527 1493 1702 1577 quod
1735 1505 2104 1580 spectantes
2141 1493 2482 1568 scribimus3

440 1586 887 1672 adgrediemur
924 1588 1069 1666 alia,
1106 1588 1410 1674 quoniam
1443 1587 1773 1672 quiescere
1807 1610 1940 1654 non
1971 1610 2334 1674 possumus.
2383 1597 2478 1650 tua

438 1681 743 1748 mandata
784 1704 1133 1768 persequar
1180 1683 1517 1769 diligenter
1564 1694 1628 1748 et
1663 1683 2093 1770 adiungendis
2142 1681 2479 1750 hominibus

438 1787 503 1842 et
539 1777 926 1862 quibusdam
961 1801 1091 1843 non
1127 1777 1518 1856 alienandis;
1561 1777 1880 1847 maximae
1924 1778 2088 1847 mihi
2125 1799 2276 1846 vero
2307 1796 2474 1844 curae

440 1872 589 1950 erit,
625 1882 696 1950 ut
734 1868 1115 1946 Ciceronem
1150 1884 1334 1940 tuum
1371 1884 1788 1957 nostrumque
1825 1872 2084 1950 videam
2123 1873 2358 1940 scilicet
2387 1891 2476 1936 co-

438 1965 620 2044 tidie,
658 1966 771 2044 sed
806 1967 1143 2053 inspiciam
1178 1967 1334 2051 quid
1371 1967 1575 2035 discat
1609 1989 1806 2051 quam
1839 1967 2220 2052 saepissime
2251 1977 2338 2042 et,
2369 1962 2472 2030 nisi

436 2059 545 2125 ille
580 2072 977 2140 contemnet,
1024 2062 1218 2128 etiam
1252 2063 1636 2148 magistrum
1669 2084 1774 2128 me
1809 2061 1870 2127 ei
1904 2062 2282 2147 profitebor,
2316 2059 2472 2132 cuius

436 2153 530 2218 rei
562 2175 695 2219 non
730 2156 971 2223 nullam
1009 2157 1536 2234 consuetudinem
1570 2166 1796 2223 nactus
1833 2177 1978 2234 sum
2012 2157 2084 2222 in
2119 2157 2240 2231 hoc
2271 2153 2468 2225 horum

438 2245 686 2315 dierum
740 2249 869 2314 otio
924 2245 1237 2319 Cicerone
1290 2261 1510 2317 nostro
1571 2251 1817 2316 minore
1867 2249 2300 2336 producendo.
2392 2256 2466 2320 tu,

436 2361 629 2424 quem
674 2342 759 2406 ad
800 2342 1063 2420 modurn
1109 2344 1364 2420 scribis,
1410 2345 1583 2428 quod
1594 2391 1615 2422 ,
1661 2343 1854 2410 etiam
1897 2346 1954 2412 si
1993 2367 2126 2412 non
2173 2343 2466 2415 scriberes,

435 2435 649 2501 facere
683 2445 749 2502 te
782 2435 1267 2524 diligentissime
1302 2450 1519 2505 tamen
1553 2439 1857 2518 sciebam,
1892 2439 2096 2514 facies
2133 2439 2378 2513 scilicet,
2407 2443 2466 2498 ut

434 2552 580 2595 mea
615 2530 917 2598 mandata
952 2531 1235 2617 digeras,
1279 2554 1696 2619 persequare,
1743 2533 2063 2611 conficias.
2155 2553 2300 2620 ege,
2341 2549 2462 2598 cum

434 2623 711 2692 Romam
745 2647 1012 2704 venero,
1054 2626 1303 2692 nullum
1345 2627 1848 2714 praetermittam
1886 2625 2188 2708 Caesaris
2231 2623 2465 2691 tabella·

432 2720 621 2798 rium,
650 2720 755 2786 cui
780 2720 1021 2789 litteras
1050 2721 1133 2798 ad
1157 2732 1223 2789 te
1250 2743 1381 2791 non
1409 2723 1586 2788 dem:
1622 2722 1722 2789 his
1751 2723 1981 2801 diebus
1995 2759 2085 2772 -—-
2099 2723 2378 2810 ignosces
2392 2749 2461 2762 -

434 2815 538 2880 cui
574 2815 795 2882 darem
826 2816 951 2882 suit
985 2838 1175 2884 nemo
1210 2829 1358 2887 ante
1392 2817 1564 2884 hunc
1598 2817 1696 2882 M.
1735 2815 2011 2896 Orfium,
2051 2817 2322 2902 equitem
2351 2811 2461 2886 Ro-

429 2930 722 2985 manum‚
777 2921 1069 2978 nostrum
1114 2923 1179 2978 et
1223 2935 1342 2998 per
1383 2935 1446 2977 so
1487 2913 1918 2990 necessarium
1953 2923 2020 2990 et
2063 2911 2236 2998 qnod
2277 2917 2362 2974 est
2394 2926 2459 2970 ex

431 3002 777 3088 municipio
812 3001 1137 3084 Atellam,
1174 3006 1350 3117 quod
1385 3007 1510 3074 scis
1543 3029 1684 3074 esse
1719 3007 1788 3078 in
1819 3007 1949 3084 fide
1983 3018 2219 3074 nostra.
2268 3004 2458 3084 itaque

430 3119 581 3164 eum
616 3098 733 3164 tibi
768 3101 1200 3174 commendo
1181 3126 1249 3167 1n
1277 3102 1594 3176 maiorem
1625 3102 1940 3180 modum,
1956 3102 2276 3179 hominem
2305 3091 2455 3160 donn

430 3192 857 3278 splendidum,
888 3196 1246 3281 gratiosum
1282 3197 1477 3274 etiam
1511 3207 1692 3272 extra
1719 3197 2016 3274 domum;
2050 3217 2240 3281 quem
2272 3191 2366 3258 fao
2395 3196 2454 3260 ut

428 3296 540 3353 tua
562 3287 942 3356 liberalitate
972 3289 1089 3354 tibi
1123 3290 1393 3382 obliges.
1447 3303 1542 3361 est
1578 3291 1873 3372 tribunus
1901 3289 2226 3368 militum
2207 3311 2269 3354 m
2299 3303 2453 3351 exer·

332 3413 337 3418 ·
430 3380 561 3446 citu
594 3393 826 3448 vestre.
878 3395 1138 3470 gratum
1162 3385 1490 3452 hominem
1515 3386 2090 3470 observantemque
2115 3397 2446 3470 cognosces

428 3474 803 3546 Trebatium
839 3488 911 3542 ut
946 3479 1133 3545 valde
1170 3502 1370 3558 ames,
1405 3480 1816 3558 vehementer
1851 3491 1916 3547 te
1948 3503 2124 3567 rego.

1230 3629 1395 3686 XIII.
1435 3629 1574 3700 [XV
1594 3637 1675 3698 a.]

891 3730 1017 3786 Ser..
1034 3731 1248 3788 Romae
1272 3751 1464 3789 mense
1488 3733 1656 3789 Iunio‘
1677 3752 1728 3790 a.
1749 3751 1804 3788 u.
1825 3750 1873 3789 c.
1903 3735 2019 3788 700.

750 3833 1063 3890 MARCUS
1103 3834 1400 3900 QUINTO
1436 3837 1732 3906 FRATRI
1767 3835 2146 3894 SALUTEM.
2255 3835 2262 3841 '

551 3945 638 4008 A.
676 3945 737 4013 d.
772 3971 887 4014 1111.
924 3951 1092 4018 Non.
1128 3951 1381 4029 Iunias,
1426 3973 1558 4035 quo
1592 3951 1698 4017 die
1733 3929 2010 4021 Romam
2046 3935 2433 4025 veni,acee1³¹

423 4042 563 4096 tuas
605 4035 878 4119 litteras,
932 4043 1113 4108 datas
1149 4045 1551 4124 Placentiae,
1606 4047 1835 4112 deinde
1881 4047 2107 4112 alteras
2150 4033 2433 4131 postridie,
