2675 4559
460 2568 472 2600 1

2195 6 2213 9 ’”
2304 5 2614 175 F

525 246 654 313 246
1136 257 1213 312 Μ.
1253 255 1527 314 TULLH
1562 254 1964 314 CICERONIS

523 382 796 469 gloriae,
849 403 1046 467 quam
1098 380 1428 448 consecuti
1477 401 1719 445 sumus.
1817 378 2002 444 multi
2055 376 2372 445 clarissimi
2413 381 2522 456 viri,

524 499 673 541 cum
705 476 800 541 rei
843 476 1141 563 publicae
1187 476 1412 542 darent
1447 472 1740 560 operam,
1786 496 2026 538 annum
2067 473 2374 559 petitionis
2405 497 2522 538 suae

528 596 652 636 nnn
696 571 1019 649 obierunt3
1072 571 1249 654 quod
1285 592 1364 636 eo
1407 569 1659 635 facilius
1703 567 1888 633 nobis
1922 579 2051 645 est,
2104 567 2275 654 quod
2311 589 2424 633 non
2453 584 2525 633 est

524 687 728 729 *annus
773 663 881 730 hic
912 669 1001 729 sie
1033 664 1151 729 tibi
1194 661 1576 739 destinatus,
1619 673 1720 738 ut,
1763 662 1818 726 si
1861 661 2085 730 aedilis
2129 661 2376 739 fuisses,
2416 674 2526 747 post

528 757 854 824 biennium
885 768 1037 823 tuus
1072 779 1280 823 annus
1315 768 1513 822 esset:
1548 776 1722 822 nunc
1754 754 1913 820 nihil
1945 756 2428 842 praetermittere
2455 755 2523 818 vi·

524 856 759 920 dehere
800 852 1019 918 usitati
1062 864 1127 918 et
1180 852 1366 938 quasi
1418 851 1687 938 legitimi
1729 851 2034 937 temporis
2079 853 2167 918 ad
2215 852 2522 937 petendum.

524 948 711 1012 video
751 957 970 1013 autem·
1011 946 1258 1012 Planco
1294 947 1587 1023 consule,
1635 946 1753 1010 etsi
1789 945 1983 1012 etiam
2017 947 2160 1012 sine
2193 967 2268 1012 eo
2300 945 2520 1010 rationes

524 1042 854 1128 ¹:expeditas
890 1040 1182 1117 haberes,
1217 1052 1434 1108 tamen
1459 1040 1950 1126 splendidiorem
1976 1041 2341 1126 petitionem
2371 1050 2521 1113 tuam,

528 1140 572 1200 si
616 1132 804 1200 modo
836 1135 961 1201 ista
993 1158 1077 1201 ex
1111 1135 1426 1201 sententia
1460 1135 1770 1204 confecta.
1786 1146 2019 1201 essent.
2108 1135 2356 1200 omnino
2383 1133 2522 1219 plura

524 1252 624 1292 me
672 1228 974 1306 scribere,
1028 1250 1177 1293 cum
1221 1239 1407 1293 tunm
1458 1239 1708 1294 tantum
1761 1230 2102 1294 consilium
2151 1229 2520 1309 iudiciumque

525 1324 628 1392 sit,
684 1342 811 1386 non
862 1322 955 1386 ita
1005 1343 1266 1395 necesse
1318 1321 1704 1400 arbitr-aban
1760 1323 1876 1389 sed
1927 1335 2149 1389 tamen
2199 1321 2518 1389 sententiam

524 1438 729 1480 mnam
765 1415 883 1480 tibi
916 1415 1205 1503 ignotam
1232 1439 1373 1483 esse
1406 1417 1727 1496 nolebam,
1763 1418 1946 1484 cuius
1982 1431 2082 1487 est
2117 1418 2274 1485 haec
2306 1420 2520 1488 summa,

524 1524 588 1572 ut
628 1508 842 1574 emnia
875 1520 941 1575 te
975 1509 1187 1576 metiri
1212 1510 1525 1596 dignitate
1560 1512 1780 1578 malim
1813 1533 2014 1596 quam
2047 1512 2393 1587 ambitione,
2422 1532 2521 1573 ma-

523 1608 845 1690 ioremque
890 1606 1172 1672 fructum
1204 1627 1444 1693 ponere
1477 1607 1547 1672 in
1579 1607 2006 1693 perpetuitate
2041 1608 2249 1674 laudis
2283 1627 2448 1690 quam
2472 1603 2519 1665 in

524 1700 841 1767 celeritate
876 1711 1233 1786 praeturae.
1286 1700 1449 1768 haec
1477 1701 1700 1767 eadem
1735 1702 1990 1767 locutus
2024 1725 2170 1768 sum
2198 1700 2358 1767 domi
2384 1719 2518 1764 meae

520 1792 807 1859 adhibito
843 1793 1107 1877 Quint0,
1145 1795 1343 1861 fratre
1378 1818 1544 1873 mec,
1581 1806 1646 1862 et
1687 1791 1971 1861 Caecina
2008 1808 2075 1863 et
2114 1794 2396 1871 Calvisi0,
2425 1802 2519 1857 stu-

524 1888 893 1953 dizazsisssimis
928 1889 1051 1966 tui,
1090 1910 1238 1955 cum
1272 1888 1652 1967 Dardanus,
1687 1888 1958 1955 libertus
1991 1900 2177 1968 tuus,
2221 1890 2517 1955 interesset:

524 1984 816 2048 amnibus
864 1984 1122 2070 probari
1173 1984 1515 2052 videbatur
1567 1985 1767 2051 oratio
1823 2008 1998 2063 mea3
2061 1986 2178 2053 sed
2226 1997 2294 2052 tu
2338 1981 2516 2069 optime

524 2077 851 2144 iudicabiS.

1437 2229 1656 2286 XXVI.

997 2329 1116 2386 Ser.
1136 2330 1351 2386 Romae
1369 2349 1562 2388 mense
1578 2333 1743 2388 Iunio
1763 2350 1813 2388 a.
1835 2351 1890 2387 u.
1911 2349 1960 2388 c.
1987 2335 2108 2416 ΠΙ.

1021 2431 1101 2487 Μ.
1137 2431 1415 2489 CICERO
1454 2431 1510 2489 S.
1549 2433 1623 2488 D.
1662 2434 1726 2492 C.
1762 2435 2080 2494 FURNIO.

644 2536 862 2604 Lectis
898 2537 1025 2604 tuis
1059 2537 1283 2604 litteris
1298 2587 1318 2616 ,
1367 2538 1602 2624 quibus
1640 2540 2015 2608 declarabas
2051 2555 2161 2609 aut
2193 2536 2509 2608 omittendos

514 2632 949 2700 Narbonensis
975 2645 1105 2700 aut
1141 2656 1288 2699 cum
1326 2636 1612 2721 periculo
1658 2637 2125 2718 dimicandum,
2168 2638 2319 2705 illud
2355 2631 2509 2718 magis

516 2728 718 2804 timui,
751 2728 876 2794 hoc
909 2730 1178 2796 vitatum
1215 2752 1349 2796 non
1385 2731 1654 2798 moleste
1688 2731 1847 2798 fero.
1919 2736 2097 2819 quod
2132 2735 2211 2801 de
2243 2728 2439 2798 Planci
2465 2736 2508 2789 et

512 2824 700 2884 Bruti
744 2824 1084 2888 concordia
1129 2824 1387 2902 scribis,
1439 2825 1508 2890 in
1545 2848 1622 2892 eo
1656 2827 1761 2892 vel
1794 2828 2144 2894 maximam
2189 2849 2355 2914 spem
2381 2840 2508 2909 pono

2596 2465 2603 2526 ¹(

512 2916 832 2981 victoriae.
921 2918 1001 2983 de
1041 2915 1379 2984 Gallorum
1425 2920 1636 2986 studio
1679 2943 1797 2986 nos
1845 2921 2190 3006 aliquando
2224 2935 2507 3007 cognosce-
2604 2962 2605 2966 ,

508 3032 684 3084 mus,
734 3019 809 3074 ut
852 3011 1108 3089 scribis,
1163 3013 1346 3078 cuius
1387 3013 1455 3079 id
1501 3036 1696 3099 opera
1740 3016 2019 3082 maxime
2069 3016 2392 3083 excitatum
2427 3007 2505 3078 sit3
2603 3007 2605 3029 ¹

508 3104 616 3164 sm]
658 3104 812 3181 iam,
856 3104 1013 3170 mihi
1048 3106 1235 3174 crede
1248 3155 1267 3184 ,
1312 3109 1750 3194 cognovimus.
1838 3109 2058 3194 itaque
2094 3099 2503 3205 iucundissimis}

508 3200 632 3260 tuis
668 3199 892 3264 litteris
926 3200 1361 3268 stomachatus
1398 3224 1543 3267 sum
1570 3203 1638 3267 in
1667 3214 1982 3270 extremo:
2019 3203 2243 3270 scribis
2277 3199 2438 3273 enim,
2465 3215 2503 3256 ⁸¹

508 3296 568 3356 in
612 3292 919 3360 Sextilem
954 3295 1239 3374 comitia,
1277 3296 1402 3362 cito
1438 3306 1523 3374 te,
1561 3297 1661 3362 sin
1694 3297 1824 3362 iam
1859 3299 2182 3376 confecta,
2227 3296 2416 3368 eitius,
2442 3308 2500 3352 ΠΒ

508 3500 680 3548 tuam
724 3506 987 3549 causam
1029 3507 1158 3550 non
1202 3486 1404 3563 nosti,
1458 3485 1571 3571 qui
1616 3486 1856 3552 alienas
1902 3500 2034 3555 tam
2085 3487 2266 3553 facile
2308 3471 2498 3548 discas!

504 3592 572 3640 tu
628 3600 798 3644 nunc
851 3578 1263 3645 candidatum
1313 3590 1380 3646 te
1424 3591 1614 3665 putas
1661 3591 1725 3646 ct
1769 3580 1836 3646 id
1883 3583 2153 3670 cogitas,
2204 3591 2272 3645 ut
2311 3566 2499 3642 autad

504 3672 755 3736 ssiuitia
782 3694 999 3738 curras
1028 3684 1157 3751 aut,
1186 3673 1241 3739 si
1276 3673 1408 3738 iam
1435 3674 1750 3752 confecta,
1777 3675 1952 3740 domi
1978 3687 2125 3742 tuae
2159 3673 2260 3751 sis,
2292 3692 2364 3735 ne
2387 3683 2496 3730 cum

500 3768 776 3832 maximo
810 3767 1117 3852 pericu10,
1151 3779 1221 3833 ut
1252 3767 1497 3845 scribis,
1534 3768 1944 3835 stultissimus
1971 3771 2098 3836 sis?
2129 3789 2252 3833 non
2277 3760 2494 3860 arbitror

500 3876 560 3924 te
599 3864 684 3927 ita
720 3862 952 3927 sentire
963 3886 983 3941 3
1020 3863 1228 3928 omnis
1264 3863 1436 3928 enim
1471 3873 1618 3929 tuos
1653 3863 1739 3928 ad
1771 3863 2030 3930 laudem
2061 3864 2320 3948 impetus
2349 3867 2491 3917 n0V¹³

500 3956 672 4032 qued
708 3955 788 4031 si,
832 3966 908 4021 ut
940 3956 1198 4035 scribis,
1242 3957 1333 4024 ita
1369 3958 1599 4036 sentis,
1642 3979 1773 4024 non
1806 3957 2014 4046 magis
2050 3968 2110 4022 te
2145 3973 2321 4038 quam
2351 3945 2488 4010 dete

500 4048 801 4112 indic-„ium
843 4051 1243 4136 reprehendo
1277 4075 1513 4119 meum.
1600 4063 1667 4118 te
1709 4051 2100 4139 adipiscendi
2141 4044 2484 4133 magistram

2601 3136 2604 3222 1

448 3416 468 3444 2„-
508 3388 741 3452 diutius
788 3411 938 3454 cum
980 3391 1264 3476 periculo
1308 3391 1528 3456 fatuus
1574 3392 1681 3458 sis.
1770 3413 1808 3456 o
1843 3393 1935 3458 mi
1967 3393 2198 3470 Furni,
2250 3409 2418 3475 quam
2451 3392 2502 3444 tu
2598 3453 2599 3459 κ
