2675 4559
418 258 973 320 EPISTOLARUM
1005 263 1114 317 AD
1155 262 1221 329 Q.
1257 264 1635 319 FRATREM
1669 266 1746 321 ΙΙ.
1783 267 1834 321 3.
1859 266 1911 321 4.
2069 252 2198 319 445

130 393 286 451 sunt
329 384 398 449 in
441 384 634 449 r‘ebus
681 384 914 450 nostris
957 384 1148 451 huius
1194 386 1397 465 modi,
1450 398 1517 451 ut
1551 397 1624 452 tu
1658 385 1816 452 mihi
1858 386 1994 455 fere
2030 388 2199 453 diffi-

131 477 309 545 denti
343 478 791 565 praedicabas,
837 481 1030 565 plena
1063 478 1393 567 dignitatis
1428 492 1493 547 et
1527 480 1781 566 gratiae
1788 505 1807 559 3
1853 474 2019 566 quae
2056 484 2199 566 qui-
2232 488 2239 494 '

131 572 282 637 dem
317 583 460 649 tua,
495 569 586 636 mi
620 572 846 650 frater,
881 574 1220 658 patientia,
1256 575 1521 651 virtute,
1566 574 1834 659 pietate,
1884 575 2197 643 suavitate

130 666 348 743 etiam,
383 665 502 731 tibi
537 661 822 751 mihique
858 680 1008 732 sunt
1041 667 1354 735 restituta.
1444 668 1673 733 domus
1708 668 1826 733 tibi
1852 670 1945 735 ad
1978 671 2197 735 lucum

127 756 392 827 Pisonis
428 758 789 825 Luciniana
834 762 1152 828 conducta
1191 774 1320 839 est3
1377 762 1521 839 sed,
1577 772 1650 827 ut
1702 782 1919 849 spem,
1973 764 2196 849 paucis

127 852 462 919 mensibus
496 865 645 939 post
675 854 764 919 K.
802 853 1110 938 Quintilis
1145 858 1212 922 in
1247 869 1425 923 tuam
1460 856 1931 943 commigrabis.
2018 868 2199 925 tuam

126 949 200 1013 in
237 944 494 1013 Carinis
528 950 753 1013 mundi
787 950 1178 1017 habitatores
1213 951 1485 1017 Lamiae
1520 950 1985 1017 conduxerunt.
2058 976 2098 1017 a
2132 963 2197 1017 te

127 1053 281 1129 post
329 1041 508 1109 illam
560 1040 936 1111 Olbiensem
989 1044 1330 1131 epistolam·
1382 1046 1594 1112 nullas
1657 1046 1903 1111 litteras
1956 1047 2197 1132 accepi.

127 1134 290 1221 quid
345 1158 499 1221 agas
545 1147 612 1201 et
661 1147 734 1201 ut
775 1149 839 1205 te
884 1138 1162 1205 oblectes
1176 1186 1195 1217 ‚
1249 1138 1411 1205 scire
1446 1139 1634 1225 cupio
1680 1138 2087 1225 maximeque
2132 1150 2197 1207 te
2286 1202 2298 1212 .

127 1232 348 1315 ipsum
393 1230 613 1296 videre
647 1252 842 1316 quam
877 1233 1176 1318 primum.
1266 1256 1449 1311 cura,
1484 1234 1575 1298 mi
1610 1234 1837 1311 frater,
1870 1245 1946 1299 ut
1980 1234 2197 1299 valeas

129 1337 225 1401 et,
274 1345 666 1409 quamquam
709 1337 807 1391 est
839 1326 1118 1412 hiemps,
1163 1339 1379 1395 tamen
1416 1327 1782 1395 Sardiniam
1832 1328 2035 1393 istam.
2057 1350 2198 1393 esse

130 1418 402 1507 cogites.
467 1440 570 1483 xv.
605 1420 696 1485 K.
731 1420 1024 1486 Martias.

1115 1656 1217 1713 IV.

601 1756 716 1813 Scr.
735 1756 950 1816 Romae
967 1777 1156 1815 mense
1175 1760 1380 1815 Martio
1401 1778 1451 1815 a.
1470 1778 1525 1814 u.
1548 1777 1591 1815 c.
1613 1761 1731 1815 698.
1760 1724 1768 1732 -

466 1854 776 1929 MARCUS
813 1860 1109 1925 QUINTO
1145 1861 1439 1918 FRATRI
1477 1860 1860 1919 SALUTEM.

263 1982 514 2051 Sestius
548 1994 766 2049 noster
799 1984 1129 2049 absolutus
1178 1996 1276 2050 est
1309 2008 1368 2050 a.
1407 1985 1471 2049 d.
1506 2007 1567 2050 v.
1604 1985 1763 2049 Idus
1798 1986 2071 2051 Martias
2107 1995 2189 2061 et,

128 2077 306 2163 quod
341 2076 752 2143 vehementer
783 2076 1072 2143 interfuit
1104 2078 1198 2143 rei
1231 2078 1559 2165 publicae,
1606 2080 1849 2146 nullam
1884 2078 2089 2145 videri
2124 2079 2192 2143 in

127 2172 272 2239 eius
323 2171 498 2235 modi
543 2193 740 2237 causa
783 2170 1244 2239 dissensionem
1295 2195 1464 2251 esse,
1518 2172 1813 2239 omnibus
1868 2172 2193 2239 sententiis

127 2266 464 2331 absolutus
501 2276 618 2331 est.
705 2266 864 2330 illud
877 2312 896 2343 ,
943 2267 1118 2351 quod
1151 2266 1270 2331 tibi
1306 2290 1498 2333 curae
1544 2290 1735 2355 saepe
1772 2290 1911 2335 esse
1946 2268 2198 2333 intelle-

126 2360 354 2426 xeram
364 2404 384 2436 ‚
426 2380 510 2423 ne
557 2358 664 2423 cui
705 2359 925 2444 iniquo
969 2360 1475 2445 relinqueremus
1509 2362 1917 2448 vituperandi
1960 2364 2194 2439 locum,

129 2454 244 2541 qui
295 2474 412 2519 nos
466 2453 750 2539 ingratos
803 2476 942 2521 esse
996 2453 1265 2535 diceret,
1317 2455 1442 2522 nisi
1490 2457 1663 2523 illius
1714 2458 2195 2543 perversitatem

129 2548 522 2633 quibusdam
553 2548 621 2613 in
663 2548 858 2615 rebus
905 2571 1098 2633 quam
1135 2550 1591 2617 humanissime
1636 2550 1979 2627 ferremus,
2016 2547 2195 2615 'scito

129 2644 255 2710 hoc
287 2664 408 2725 nos
441 2642 512 2706 in
543 2664 622 2707 eo
655 2642 892 2708 iudicio
929 2655 1302 2709 consecutos
1339 2666 1499 2722 esse,
1537 2656 1609 2708 ut
1642 2644 1931 2709 omnium
1964 2644 2197 2727 gratis-

129 2736 280 2804 simi
311 2736 769 2814 iudiearemur3
803 2759 956 2801 nam
981 2737 1383 2811 defendendo
1410 2758 1665 2803 moroso
1699 2736 1942 2801 homini
1968 2758 2197 2801 cumu-
2298 2760 2303 2765 ⁴

127 2831 440 2899 latissime
475 2832 628 2895 satis
662 2830 932 2895 fecimus
967 2841 1061 2909 et,
1107 2832 1174 2895 id
1209 2831 1385 2915 quod
1418 2831 1525 2896 ille
1558 2830 1840 2895 maxime
1872 2828 2191 2916 cupiebat,

129 2926 497 3003 Vatinium,
551 2948 592 2989 a
633 2946 760 3009 quo
803 2925 1017 3011 palam
1053 2925 1574 3011 oppugnabatur,
1620 2924 1929 2990 arbitratu
1974 2936 2193 2991 nostro

133 3018 530 3087 concidimus
577 3016 674 3083 dis
716 3017 1208 3103 hominibusque
1250 3019 1722 3105 plaudentibus.
1812 3018 1967 3103 quin
2002 3020 2194 3084 etiam

130 3114 384 3181 Paulus
437 3124 654 3178 noster
705 3134 854 3178 cum
905 3114 1085 3179 testis
1146 3113 1494 3199 productus
1548 3123 1715 3178 esset
1764 3114 1834 3178 in
1888 3112 2193 3189 Sestium,

123 3206 536 3274 ‘confirmavit
571 3228 638 3271 se
673 3227 908 3273 nomen
939 3206 1186 3274 Vatinii
1221 3207 1609 3284 delaturum,
1670 3206 1723 3271 si
1758 3205 1985 3272 Macer
2018 3205 2197 3271 Lici-

131 3304 284 3369 nius
327 3312 762 3378 cunctaretur,
816 3312 880 3367 et
922 3302 1149 3367 Macer
1193 3302 1276 3366 ab
1314 3300 1509 3367 Sestii
1556 3300 1871 3367 subselliis
1918 3301 2192 3366 surrexit

135 3418 214 3463 ac
249 3418 322 3461 se
355 3395 447 3460 illi
481 3416 612 3461 non
647 3396 1018 3463 defuturum
1055 3396 1435 3461 adfirmavit.
1490 3395 1648 3479 quid
1682 3394 1967 3479 quaeris?
2000 3394 2193 3459 homo

133 3490 434 3578 petulans
471 3501 536 3555 et
582 3490 796 3556 audax
833 3486 1188 3575 [Vatinius]
1227 3489 1415 3555 valde
1457 3490 1865 3576 perturbatus
1902 3488 2195 3555 debilita-

137 3596 372 3668 tusque
408 3584 712 3649 discessit.
803 3581 1088 3666 Quintus
1130 3595 1308 3660 tuus,
1353 3606 1517 3670 puer
1550 3583 1859 3671 optimus,
1904 3580 2195 3648 eruditur

139 3678 430 3765 egregie:
476 3677 598 3743 hoc
623 3678 806 3742 'nunc
842 3676 1050 3763 magis
1085 3677 1368 3762 animum
1405 3678 1667 3743 adverto
1680 3725 1699 3754 ,
1735 3676 1909 3761 quod
1944 3674 2195 3760 Tyran-

135 3774 248 3837 nio
285 3771 472 3837 docet
517 3771 690 3857 apud
733 3792 858 3836 me.
949 3771 1176 3837 domus
1210 3772 1543 3855 utriusque
1575 3782 1864 3837 nostrum
1900 3768 2196 3849 aedifica-

137 3878 246 3931 tur
288 3877 564 3931 strenue.
651 3865 1036 3950 redemptori
1079 3877 1191 3931 tuo
1229 3866 1563 3931 dimidium
1606 3864 1917 3951 pecuniae
1953 3862 2191 3928 curavi.

139 3981 329 4045 spero
382 3980 500 4024 nos
555 3969 704 4025 ante
753 3959 1032 4025 hiemem
1085 3960 1555 4026 contubernalis
1605 3959 1763 4025 fore.
1852 3956 1932 4025 de
1977 3967 2197 4022 nostra

139 4056 378 4133 Tullia,
412 4056 506 4129 tui
541 4054 906 4120 mehercule
933 4053 1391 4133 amantissima,
1426 4076 1613 4140 spero
1640 4076 1788 4121 cum
1808 4049 2195 4140 Crassipede
