2675 4559
748 232 1301 292 EPISTULARUM
1336 235 1409 290 Χ.
1445 224 1531 290 31.
1553 237 1639 291 32.
2020 282 2028 288 .
2087 223 2216 290 253

195 372 491 447 ageretur,
543 360 740 433 flevit,
804 360 1112 424 memoria
1172 379 1388 424 rerum
1448 370 1777 446 gestarum
1839 371 2216 428 commotus.

192 453 619 540 gladiatoribus
652 463 870 517 autem
894 451 1173 517 Fadium
1211 453 1554 537 quendam,
1591 454 1856 519 militem
1872 454 2216 542 Pompeia-

192 572 343 626 num,
375 549 546 632 quia,
582 568 729 612 cum
756 546 1094 632 depressus
1119 548 1189 612 in
1222 548 1451 613 ludum
1488 548 1586 612 bis
1621 548 1824 634 gratis
1851 549 2219 635 depugnas-

192 655 297 719 set,
345 641 658 707 auctorari
709 661 848 706 sese
902 640 1161 705 nolebat
1213 652 1278 706 et
1332 641 1417 706 ad
1459 643 1772 727 populum
1818 643 2218 730 confugerat,

190 737 436 824 primum
494 734 720 802 Gallos
765 734 1012 819 equites
1064 734 1305 800 inmisit
1356 736 1424 800 in
1475 737 1790 822 populum
1821 773 1911 784 --
1951 737 2220 804 coniecti

192 831 335 895 enim
373 829 620 916 lapides
664 839 815 893 sunt
854 828 923 893 in
968 851 1146 906 eum,
1201 851 1350 896 cum
1394 828 1794 916 abriperetur
1825 831 2070 896 Fadius
2102 854 2220 907 —3

193 925 391 990 deinde
442 923 837 988 abstractum
890 921 1135 987 defodit
1177 922 1247 988 in
1287 922 1442 991 ludo
1489 935 1555 990 et
1598 923 1819 989 vivum
1862 924 2216 1000 conbussit3

192 1041 314 1083 cum
339 1018 595 1103 quidem
629 1039 923 1103 pransus,
958 1017 1145 1081 nudis
1181 1017 1476 1103 pedibus,
1514 1019 1730 1084 tunica
1753 1019 1982 1095 soluta,
2017 1019 2225 1083 mani·
2276 1031 2281 1035 ’
2362 1033 2370 1037 “

190 1112 290 1176 bus
319 1112 401 1176 ad
431 1122 692 1198 tergum
722 1110 1004 1186 reiectis,
1049 1111 1477 1179 inambularet
1503 1112 1579 1178 'et
1620 1113 1713 1177 illi
1756 1113 1988 1178 misero
2024 1112 2223 1197 quiri-

190 1207 324 1271 tanti
357 1204 407 1293 [⁴
419 1227 474 1272 c.
510 1229 564 1270 r.
594 1215 791 1270 natus
833 1226 981 1269 sum
992 1203 1037 1290 ']
1077 1206 1522 1292 responderet:
1564 1212 1588 1244 ‘
1601 1206 1708 1271 abi
1748 1226 1953 1284 nunc,
1995 1206 2222 1293 populi

191 1301 354 1366 fidem
381 1300 676 1386 'mplorass
765 1299 986 1366 bestiis
1020 1321 1174 1366 vero
1211 1299 1369 1366 civis
1405 1300 1730 1366 Romanos
1745 1348 1765 1378 ,
1795 1301 1869 1366 in
1900 1301 1981 1365 iis
2017 1294 2223 1366 circu-4

190 1396 422 1462 latorem
467 1394 797 1479 quendam
841 1394 1239 1472 auctionum,
1286 1395 1693 1461 notissimum
1738 1395 2062 1463 hominem
2097 1395 2221 1461 Hi-

189 1491 350 1575 spali,
392 1490 547 1574 qnia
597 1488 905 1554 deformis
957 1500 1125 1566 erat,
1180 1489 1434 1555 obiecit.
1525 1512 1674 1555 cum
1726 1491 1994 1558 huiusce
2045 1491 2223 1556 modi

189 1595 447 1669 portento
488 1606 600 1650 res
644 1583 801 1647 mihi
843 1583 986 1648 fuit.
1077 1583 1191 1650 sed
1225 1584 1307 1648 de
1351 1584 1460 1647 illo
1497 1585 1686 1670 plura
1731 1606 1974 1650 coram:
2027 1607 2220 1661 nunc,
2254 1602 2283 1641 4

189 1679 335 1762 quod
372 1689 689 1766 praestat,
737 1677 900 1763 quid
941 1700 1049 1744 me
1092 1677 1302 1744 velitis
1346 1677 1592 1753 facere,
1638 1679 2020 1744 constituite.
2106 1680 2222 1743 tris

187 1773 438 1860 legiones
471 1774 697 1839 firmas
732 1771 963 1850 habeo,
1000 1792 1272 1856 quarum
1300 1795 1521 1849 unam,
1558 1772 2222 1851 duodefficensimam,

190 1889 311 1932 cum
340 1867 423 1932 ad
458 1891 527 1934 se
562 1867 750 1932 initio
787 1867 944 1932 belli
988 1867 1358 1933 arcessisset
1393 1866 1720 1934 Antonius
1754 1867 1877 1932 hac
1910 1866 2225 1976 pollicita-

71 1975 73 1983 “
189 1961 359 2040 tione,
401 1983 531 2047 quo
576 1961 742 2026 die·
718 1981 791 2025 m
826 1971 1036 2026 castra
1070 1961 1380 2038 venisset,
1427 1982 1488 2026 se
1525 1961 1819 2028 denanos
1859 1960 2224 2046 quingenos

192 2056 421 2143 fflgulis
454 2055 775 2122 militibus
810 2055 1141 2132 daturum,
1184 2056 1253 2120 in
1287 2055 1555 2121 victoria
1585 2077 1744 2122 vero
1777 2055 2006 2122 eadem
2039 2077 2226 2140 prae-

192 2151 295 2217 mia
303 2172 523 2238 „quae
571 2149 709 2216 suis
753 2136 1115 2238 legionibus
1150 2185 1239 2196 -—
1280 2171 1554 2235 quorum
1599 2151 1742 2234 quis
1787 2151 1985 2216 ullam
2027 2150 2222 2214 finem

193 2257 280 2309 aut
305 2249 564 2312 modum
615 2245 907 2312 fiiturum
952 2245 1243 2331 putabit?
1275 2280 1392 2324 --‚
1428 2244 1936 2311 incitatissimam
1970 2245 2224 2321 retinui,

192 2361 352 2428 aegre
390 2341 825 2418 mehercules3
876 2360 998 2406 nec
1028 2339 1436 2405 retinuissem
1449 2388 1468 2417 ,
1516 2341 1577 2405 si
1613 2362 1742 2405 uno
1786 2341 1930 2406 loco
1964 2340 2226 2404 habuis-

191 2455 329 2513 sem,
368 2447 600 2523 utpote
633 2456 784 2500 cum
831 2432 1121 2521 singulae
1156 2434 1478 2519 quaedam
1514 2434 1809 2501 cohortes
1847 2434 2225 2500 sedition-em

189 2527 441 2596 fecerint.
529 2527 818 2613 reliquas
871 2549 1133 2613 quoque
1186 2528 1473 2614 legiones
1525 2551 1656 2594 non
1707 2529 1950 2596 destitit
2001 2528 2226 2594 litteris

190 2635 353 2708 atque
390 2623 664 2690 infinitis
707 2622 1272 2708 pollicitationibus
1317 2623 1604 2689 incitare.
1668 2645 1790 2688 nec
1823 2643 1977 2688 vero
2012 2623 2225 2686 minus

188 2717 447 2805 Lepidus
481 2717 655 2785 ursit
686 2737 791 2782 me
828 2728 893 2782 et
938 2718 1069 2783 suis
1105 2729 1171 2783 et
1204 2717 1476 2783 Antonii
1507 2718 1733 2784 litteris
1745 2764 1764 2795 ,
1799 2728 1873 2782 ut
1905 2716 2227 2804 legionem
2299 2796 2305 2802 ³

189 2813 598 2879 tricensimam
709 2811 958 2878 ‘ttemm
1006 2811 1149 2877 sibi.
1236 2811 1455 2896 itaque
1490 2834 1684 2896 quem
1716 2811 2073 2878 exercitum
2114 2832 2226 2877 ne·
2259 2830 2287 2871 5

190 2928 295 2991 que
326 2909 607 2976 vendere
689 2927 690 2930 ’
736 2907 753 2924 ’
829 2908 1132 2993 praemiis
1163 2907 1346 2973 volui
1387 2930 1508 2974 nec
1545 2930 1766 2974 eorum
1799 2909 2230 2996 periculorum

191 3013 365 3082 metu,
415 3027 593 3090 quae
645 3003 994 3068 victoribus
1036 3003 1161 3068 illis
1200 3003 1782 3088 portendebantur,
1837 3004 2228 3081 deminuere,

191 3095 405 3165 debetis
441 3098 837 3165 existumare
870 3108 1190 3164 retentum
1228 3109 1294 3164 et
1326 3111 1774 3164 conservatum
1807 3099 1900 3164 rei
1931 3099 2230 3184 publicae

193 3212 327 3271 esse,
358 3205 555 3279 atque
592 3193 685 3258 ita
719 3192 1008 3270 credere,
1044 3192 1498 3278 quodcumque
1531 3193 1983 3277 imperassetis,
2021 3192 2232 3257 factu-

193 3305 313 3352 rum
334 3311 424 3355 me
445 3289 677 3366 fuisse,
711 3286 789 3364 si,
824 3288 1000 3372 quod
1026 3287 1319 3365 iussistis,
1355 3287 1501 3354 feci.
1555 3309 1707 3353 nam
1736 3296 1800 3351 et
1833 3285 2231 3371 provinciam

190 3377 247 3443 in
268 3383 387 3447 otio
415 3393 480 3449 et
515 3382 877 3448 exercitum
910 3380 979 3446 in
1003 3404 1151 3448 mea
1184 3392 1501 3468 potestate
1535 3381 1743 3460 tenui3
1777 3378 2014 3446 finibus
2049 3400 2232 3445 meae

192 3474 546 3556 provineiae·
562 3497 893 3561 nusquam
927 3477 1203 3554 excessi3
1251 3476 1521 3543 militem
1554 3495 1687 3540 non
1720 3474 1912 3540 modo
1947 3473 2235 3559 legiona-

194 3565 363 3647 rium,
409 3570 528 3637 sed
563 3591 656 3636 ne
701 3571 1108 3637 auxiliarium
1152 3570 1416 3654 quidem
1460 3570 1664 3635 ullum
1708 3590 2035 3654 quoquam
2087 3566 2235 3631 misi

198 3669 272 3736 et,
311 3663 364 3728 si
396 3684 563 3749 quos
600 3665 847 3750 equites
884 3664 1253 3732 decedentis
1288 3675 1516 3731 nactus
1553 3684 1725 3743 sum,
1773 3661 2084 3749 supplicio
2119 3659 2236 3726 ad-

196 3751 327 3821 feci:
368 3778 654 3842 quarum
703 3782 920 3824 rerum
970 3760 1255 3825 fructum
1306 3759 1464 3824 satis
1509 3781 1820 3845 magnum
1861 3779 1934 3822 re
1975 3754 2235 3842 publica

200 3847 353 3914 salva
395 3852 624 3918 tufisse
671 3875 779 3918 me
831 3855 1094 3940 putabo.
1184 3852 1299 3919 sed
1351 3873 1454 3918 res
1505 3853 1767 3939 publica
1817 3851 1872 3917 si
1923 3871 2028 3915 me
2080 3849 2236 3914 satis

199 3943 455 4011 novisset
493 3957 567 4012 et
603 3947 814 4013 maior
853 3969 1005 4034 pars
1049 3958 1309 4014 senatus
1322 3994 1342 4025 ,
1393 3948 1666 4013 maiores
1713 3968 1795 4013 ex
1839 3966 1944 4010 me
1986 3943 2234 4009 fructus

201 4036 439 4106 tulisset.
547 4043 910 4130 epistolam,
961 4064 1159 4128 quam
1210 4037 1451 4118 Balbo,
1505 4063 1654 4108 cum
1705 4040 1895 4108 etiam
1947 4059 2119 4104 nunc
2170 4037 2238 4102 in
