2675 4559
720 208 1277 266 EPISTOLARUM
1309 212 1416 266 1x.
1451 212 1605 267 6-8.
2071 204 2205 271 199

175 337 322 425 quod
348 333 602 422 quaeris
627 331 902 417 quando,
941 352 1091 416 qua,
1120 353 1269 416 qu0,
1305 332 1466 398 nihil
1494 334 1706 402 adhuc
1733 337 1997 405 scimus:
2033 340 2199 409 istuc

171 436 353 520 ipsum
387 429 467 494 de
494 427 695 504 Baiis,
729 448 860 491 non
892 426 1052 491 nulli
1089 424 1389 492 dubitant
1423 451 1506 492 an
1540 451 1657 515 per
1685 428 2050 499 Sardiniam
2084 456 2196 502 ve-

170 529 297 593 niat.
345 522 505 589 illud
539 521 712 587 enim
747 520 957 587 adhue
991 521 1326 607 praedium
1353 543 1539 588 suum
1574 546 1703 590 non
1736 525 2017 613 inspexit
2024 553 2043 606 3
2073 552 2196 595 nec

93 658 100 690 f
168 624 341 688 ullum
391 617 589 684 habet
632 615 939 694 deterius,
992 615 1109 682 sed
1159 626 1375 683 tamen
1425 639 1555 683 non
1607 622 1970 688 contemnit.
2073 646 2195 711 ego

169 715 393 782 omnino
426 711 641 798 magis
670 710 941 776 arbitror
974 732 1092 796 per
1112 708 1399 777 Siciliam
1417 711 1699 779 Veliam:
1735 718 1862 781 iam
1891 717 2196 793 sciemus3

87 932 92 1021 Ι

169 812 432 877 adventat
471 807 645 874 enim
680 805 1051 872 Dolabella:
1090 828 1239 872 eum
1271 817 1430 892 puto
1466 809 1844 895 magistrum
1879 811 2037 877 fore.

430 944 678 1010 πολλοὶ
711 943 1018 1028 μαθηταὶ
1052 947 1421 1026 κρείσσονες
1459 945 1890 1015 διδασκάλων.

83 1169 86 1175 .
168 1091 257 1156 sed
286 1101 525 1166 tamen,
585 1088 639 1153 si
675 1089 904 1166 sciam,
951 1087 1108 1172 quid
1143 1098 1215 1152 tu
1250 1089 1682 1169 constitueris,
1735 1115 1950 1158 meum
1987 1089 2199 1158 oonsi-⁸

166 1186 293 1250 lium
320 1182 821 1252 accommodabo
849 1182 1251 1269 potissimum
1277 1183 1361 1249 ad
1390 1195 1601 1250 tuum:
1639 1207 1768 1271 qua
1793 1210 1863 1253 re
1892 1199 2192 1274 exspecto

167 1292 283 1345 tuas
311 1278 573 1344 litteras.

1076 1426 1238 1482 V111.

495 1524 619 1586 Ser.
638 1531 700 1584 in
714 1529 979 1602 Arpinati
994 1547 1079 1600 pr.
1098 1529 1244 1587 Non.
1268 1528 1462 1586 Sextil.
1483 1549 1535 1587 a.
1555 1550 1610 1586 u.
1631 1549 1678 1586 c.
1700 1535 1818 1588 709.

828 1630 1103 1688 CICERO
1138 1631 1508 1689 VARRONI.

262 1747 395 1815 Etsi
425 1770 675 1814 munus
708 1745 1019 1833 flagitare,
1057 1747 1350 1831 quamvis
1380 1747 1523 1832 quis
1552 1748 1920 1827 ostenderit,
1955 1773 2038 1816 ne
2073 1773 2188 1836 po-
2226 1779 2250 1816 1

161 1844 317 1928 pulus
349 1842 620 1928 quidem
654 1843 816 1908 solet
847 1841 970 1907 nisi
1006 1841 1360 1906 concitatus
1374 1889 1392 1918 ,
1440 1851 1654 1907 tamen
1699 1863 1821 1928 ego
1858 1855 2190 1930 exspecta-

162 1937 297 2004 tione
327 1935 633 2023 promissi
667 1936 762 2001 tui
796 1957 1078 2012 moveor,
1114 1946 1186 2000 ut
1212 1935 1592 2002 admoneam
1622 1947 1703 2012 te,
1740 1958 1870 2001 non
1896 1948 1967 2002 ut
2003 1937 2188 2024 flagi-

62 2039 67 2109 j·
162 2042 289 2109 tem3
334 2031 475 2097 misi
521 2040 749 2096 autem
794 2028 878 2094 ad
922 2041 985 2095 te
1032 2040 1335 2113 quattuor
1370 2029 1799 2096 admonitores
1833 2053 1963 2097 non
1999 2032 2190 2098 nimis

162 2126 544 2192 verecundos:
590 2124 759 2190 nosti
794 2124 965 2190 enim
998 2124 1285 2210 profecto
1320 2146 1396 2189 os
1434 2122 1631 2211 [eius]
1671 2126 2192 2192 adulescentioris

163 2221 533 2288 Academiae.
598 2241 679 2285 ex
714 2242 792 2285 ea
818 2219 1015 2304 igitur
1048 2219 1260 2285 media
1288 2219 1596 2285 excitatos
1633 2220 1797 2297 misi,
1834 2222 1945 2306 qui
1969 2232 2186 2288 metuo

161 2335 225 2379 ne
259 2325 315 2381 te
353 2313 517 2382 forte
564 2313 887 2400 flagitent3
942 2335 1066 2399 ego
1099 2325 1317 2379 autem
1361 2314 1663 2379 mandavi
1677 2363 1696 2391 ,
1748 2326 1820 2382 ut
1866 2329 2189 2404 rogarent.
2296 2356 2299 2359 ·

161 2409 583 2493 exspectabam
619 2407 875 2472 omnino
910 2406 1042 2471 iam
1085 2407 1197 2472 diu
1238 2429 1472 2492 meque
1517 2409 1940 2487 sustinebam,
1985 2433 2067 2476 ne
2106 2412 2188 2476 ad

160 2511 207 2567 te
243 2503 405 2589 prius
446 2503 597 2589 ipse
642 2501 801 2586 quid
842 2501 1215 2578 scriberem,
1262 2523 1458 2587 quam
1497 2503 1741 2587 aliquid
1775 2505 2187 2591 accepissem,

158 2607 213 2660 ut
250 2618 490 2682 possem
542 2607 615 2663 te
658 2595 1049 2662 remunerari
1094 2617 1288 2679 quam
1334 2596 1654 2663 simillimo
1699 2621 1997 2676 munere3
2052 2600 2187 2677 sed,

159 2710 277 2756 cum
306 2703 373 2758 tu
405 2691 659 2759 tardius
702 2690 977 2768 faceres,
1029 2691 1097 2755 id
1142 2702 1267 2768 est,
1321 2702 1395 2756 ut
1429 2712 1550 2778 ego
1585 2693 1991 2777 interpretor,
2045 2693 2189 2758 dili-

158 2787 401 2869 gentius,
446 2786 658 2854 teneri
698 2807 828 2851 non
872 2786 1053 2874 potui
1088 2786 1245 2871 quin
1281 2786 1795 2852 coniunctionem
1832 2786 2184 2852 studiorum

159 2881 479 2967 amorisque
526 2880 733 2947 nostri
776 2901 903 2966 quo
948 2901 1205 2967 possem
1239 2879 1597 2947 litterarum
1631 2902 1867 2967 genere
1904 2880 2189 2947 deelara-

159 2994 284 3038 rem.
332 2975 456 3043 feci
487 2974 693 3062 igitur
718 2996 1075 3041 sermonem
1109 2975 1274 3040 inter
1299 2997 1418 3040 uos
1453 2973 1746 3040 habitum
1770 2975 1838 3040 in
1868 2972 2185 3053 Cumano,

159 3087 280 3134 oum
309 3081 474 3139 esset
505 3093 645 3137 una
677 3069 1104 3156 Pomponius:
1150 3068 1264 3135 tibi
1310 3070 1460 3136 de'di
1505 3064 1704 3156 partis
1737 3069 2188 3148 Antiochinas,

159 3181 289 3243 quas
322 3187 361 3230 a
392 3176 457 3232 te
493 3164 756 3252 probari
788 3164 1179 3231 intellexisse
1211 3164 1373 3230 mihi
1409 3164 1703 3241 videbam
1751 3165 1908 3229 mihi
1942 3165 2187 3251 sumpsi

158 3252 431 3325 Philonis.
520 3270 681 3346 puto
713 3259 853 3326 fore
886 3270 978 3337 ut,
1014 3281 1163 3325 cum
1196 3257 1452 3345 legeriS,
1489 3258 1721 3324 mirere
1755 3278 1874 3322 nos
1908 3258 1977 3322 id
2009 3260 2190 3323 locu-

158 3362 237 3415 tos
276 3376 412 3422 esse
458 3356 629 3421 inter
671 3376 821 3432 nos,
877 3354 1053 3438 quod
1108 3374 1464 3437 numquam
1517 3351 1715 3418 locuti
1769 3373 2018 3416 sumus:
2073 3351 2188 3417 sed

158 3447 296 3512 nosti
354 3471 600 3516 morem
662 3448 1079 3535 dialogorum.
1182 3448 1452 3536 posthac
1504 3458 1751 3523 autem,
1813 3444 1904 3510 mi
1955 3446 2186 3522 Varro,
2222 3463 2248 3502 2

159 3556 323 3620 quam
362 3544 670 3630 plurima,
722 3544 778 3609 si
819 3542 1103 3620 videtur,
1157 3553 1223 3608 et
1266 3542 1348 3608 de
1393 3541 1577 3607 nobis
1621 3541 1788 3606 inter
1837 3560 1987 3604 nos:
2043 3559 2186 3633 sero

159 3629 424 3715 fortasse3
461 3638 577 3704 sed
610 3637 1011 3726 superiorum
1045 3649 1408 3724 temporum
1433 3636 1724 3702 Fortuna
1759 3633 1852 3699 rei
1886 3632 2186 3719 publicae

161 3745 389 3796 eausam
435 3732 769 3800 sustineat:
822 3731 983 3798 haec
1024 3731 1148 3817 ipsi
1191 3742 1516 3817 praestare
1561 3730 1890 3796 debemus.
1991 3737 2186 3810 atque

160 3820 373 3890 utinam
407 3826 639 3911 quietis
674 3826 1071 3915 temporibus
1107 3836 1299 3911 atque
1336 3826 1580 3911 aliquo,
1627 3826 1681 3890 si
1715 3846 1846 3890 non
1879 3822 2083 3898 bono,
2119 3831 2186 3885 at

163 3915 357 3984 Saltem
390 3931 563 3987 certo
597 3933 767 3988 statu
800 3921 1073 3988 civitatis
1108 3919 1267 3986 haec
1301 3921 1468 3986 inter
1499 3943 1615 3986 nos
1652 3919 1864 3984 studia
1889 3936 2187 3983 exercere

160 4015 490 4093 possemus!
545 4037 932 4103 quamquam
985 4027 1125 4082 tum
1168 4015 1430 4101 quidem
1475 4017 1578 4082 vel
1632 4014 1792 4082 aliae
1844 4009 2186 4100 quaepiam
