2675 4559
289 284 294 289 -
392 244 969 305 EPISTOLARUM
1001 248 1113 302 AD
1150 250 1218 319 Q.
1255 250 1633 307 FRATREM
1666 252 1775 308 III.
1812 253 1971 309 6-8.
2092 241 2223 309 473

139 372 310 439 cadit
347 370 532 436 enim
569 370 644 435 in
677 370 1145 442 absolutionem
1177 370 1471 439 Gabinii.
1510 360 1515 368 ’

313 502 386 566 οἳ
417 503 542 585 βίῃ
585 495 758 565 εἶν’
719 504 926 586 αγορῇ
963 496 1232 578 σκολιὰς
1263 506 1538 588 κρίνωσι
1572 506 1931 585 θέμιστας,

311 591 386 659 ἐκ
425 592 506 659 δὲ
543 592 730 680 δίκην
767 589 1082 672 ἐλάσωσι,
1122 598 1306 659 θεῶν
1345 589 1504 661 ὄπιν
1540 591 1655 661 οὐκ
1692 591 2050 683 ἀλέγοντες.

142 721 258 787 sed
293 720 465 789 haec
499 742 640 785 non
676 743 900 787 curare
936 720 1210 787 decrevi.
1265 721 1544 789 Romam
1580 744 1729 789 cum
1762 747 2021 803 venere,
2058 748 2226 813 quae
2262 752 2287 790 ε

139 826 570 905 perspexero,
609 815 883 883 scribam
921 815 1005 880 ad
1039 827 1102 881 te
1137 827 1202 881 et
1235 816 1515 884 maxime
1552 817 1632 885 de
1668 818 2005 897 dictatura,
2042 832 2108 887 et
2141 822 2227 888 ad

137 910 523 978 Labienum
571 922 637 976 et
683 910 768 975 ad
811 909 1158 997 Ligurium
1201 910 1444 977 litteras
1490 911 1679 977 dabo.
1777 913 1948 979 hanc
2000 916 2225 1003 scripsi

139 1017 290 1071 ante
356 1008 559 1071 lucem
624 1004 709 1071 ad
769 1004 1204 1090 lychnuchum
1261 1006 1643 1093 ligneolum,
1708 1006 1835 1091 qui'
1880 1007 2040 1073 mihi
2091 1020 2228 1077 erat

135 1099 620 1186 periucundus,
657 1098 833 1183 quod
869 1121 1016 1165 eum
1053 1109 1117 1165 te
1154 1098 1431 1176 aiebant,
1468 1122 1616 1165 cum
1653 1122 1829 1169 esses
1866 1100 2077 1179 Sami,
2113 1125 2225 1169 cu-

134 1216 312 1260 rasse
348 1192 754 1260 faciendum.
808 1192 972 1270 vale,
1009 1190 1100 1258 mi
1135 1193 1511 1261 suavissime
1549 1206 1614 1261 et
1648 1195 1885 1281 optime
1920 1195 2138 1263 frater.

1107 1368 1270 1425 VIII.

401 1471 532 1527 Ser.
556 1470 775 1526 Romae
800 1476 1037 1525 exeunte
1062 1488 1253 1527 mense
1278 1472 1581 1528 Novembri
1606 1490 1658 1528 a.
1684 1450 1738 1528 u.
1766 1490 1815 1528 c.
1842 1474 1961 1529 700.

490 1574 819 1629 MARCUS
855 1574 1149 1636 QUINTO
1183 1575 1469 1631 FRATRI
1494 1577 1876 1631 SALUTEM.

265 1694 618 1784 Superiori
663 1696 970 1783 epistolae
1011 1696 1189 1781 quod
1231 1697 1656 1783 respondeam
1690 1697 1849 1763 nihil
1883 1708 2007 1775 est,
2054 1719 2221 1782 quae
2258 1724 2281 1763 1

132 1792 326 1877 plena
363 1788 692 1857 stomachi
723 1802 791 1855 et
811 1790 1228 1875 ‘querelarum
1263 1803 1381 1866 est,
1417 1812 1548 1876 quo
1580 1790 1651 1855 in
1683 1813 1921 1877 genere
1956 1792 2221 1859 alteram

135 1906 400 1971 quoque
436 1897 509 1953 te
549 1884 773 1951 scribis
807 1884 1016 1971 pridie
1051 1882 1349 1950 Labieno
1385 1884 1659 1963 dedisse,
1695 1884 1809 1969 qui
1844 1884 2055 1951 adhuc
2088 1907 2221 1950 non

133 1994 440 2049 venerat:
497 1980 738 2047 delevit
780 1979 954 2045 enim
996 1978 1158 2043 mihi
1203 2001 1461 2045 omnem
1504 1978 1865 2045 molestiam
1905 1979 2221 2045 recentior

135 2076 434 2162 epistola.
493 2085 748 2141 tantum
781 2084 848 2139 te
877 2083 942 2139 et
973 2094 1204 2139 moneo
1233 2084 1298 2139 et
1329 2094 1513 2159 rogo,
1548 2082 1621 2137 ut
1642 2072 1713 2139 in
1745 2073 1887 2138 istis
1910 2074 2219 2139 molestiis

137 2182 202 2235 et
245 2170 588 2237 laboribus
635 2180 702 2235 et
743 2167 1074 2235 desideriis
1119 2167 1485 2244 recordere,
1540 2167 1875 2233 consilium
1926 2176 2219 2233 nostrum

137 2266 318 2347 quod
336 2264 542 2331 fuerit
556 2262 968 2350 profectionis
994 2273 1148 2328 tuae
1157 2286 1177 2340 3
1203 2284 1338 2327 non
1353 2260 1525 2327 enim
1544 2261 1883 2327 commoda
1898 2262 2219 2347 quaedam

139 2358 584 2442 sequebamur
623 2380 830 2444 parva
872 2376 950 2423 ac
993 2355 1359 2423 mediocria.
1446 2355 1605 2441 quid
1648 2356 1819 2422 enim
1864 2362 2001 2421 erat
2042 2356 2217 2441 quod

139 2450 436 2519 discessu
471 2464 691 2519 nostro
725 2450 1070 2519 emendum
1105 2452 1517 2539 putaremus?
1559 2451 1955 2537 praesidium
1984 2451 2217 2519 firmis-

138 2546 382 2611 simum
418 2545 798 2629 petebamus
833 2569 928 2612 ex·
949 2546 1176 2632 optimi
1210 2558 1278 2611 et
1318 2546 1747 2631 potentissimi
1778 2544 1903 2609 viri
1935 2544 2217 2611 benevo-

138 2638 346 2704 lentia
381 2636 470 2701 ad
505 2659 762 2703 omnem
787 2649 1024 2703 statum
1057 2650 1313 2705 nostrae
1344 2639 1693 2725 dignitatis.
1746 2637 1935 2722 plura
1966 2658 2221 2723 ponun-

138 2734 338 2799 turin
355 2750 476 2816 spe
492 2750 692 2814 quam
707 2730 776 2795 in
802 2732 1088 2815 pecuniis
1099 2755 1118 2809 3
1153 2732 1403 2817 reliqua
1420 2731 1505 2796 ad
1530 2732 1845 2796 iacturam
1871 2738 2215 2795 struantur.

141 2848 276 2911 qua
327 2850 404 2895 re
453 2826 512 2893 si
554 2825 780 2891 crebro
813 2825 1064 2893 referes
1107 2827 1395 2893 animum
1436 2839 1625 2893 tuum
1668 2826 1753 2891 ad
1796 2824 2111 2891 rationem
2152 2838 2219 2893 et

141 2922 384 2990 veteris
413 2921 662 2987 consilii
685 2921 888 2987 nostri
915 2932 980 2987 et
1011 2922 1172 3008 spei,
1209 2922 1463 2989 facilius
1487 2922 1645 2987 istos
1671 2918 1937 2987 militiae
1962 2921 2215 2990 labores

143 3029 524 3100 ceteraque,
559 3036 728 3099 quae
761 3026 830 3081 te
861 3014 1226 3094 offendunt,
1267 3016 1473 3094 feres,
1505 3025 1572 3081 et
1604 3026 1819 3082 tamen
1854 3037 2005 3081 cum
2039 3017 2215 3083 voles

144 3109 456 3197 depones.
483 3110 626 3176 ‚sed
653 3109 790 3185 eius
823 3109 921 3175 rei
943 3109 1277 3177 maturitas
1303 3110 1673 3195 nequedum
1699 3110 1877 3177 venit
1900 3120 1967 3175 et
2000 3121 2219 3175 tamen

141 3201 278 3269 iam
306 3201 800 3289 adpropinquat.
872 3202 1066 3269 etiam
1101 3202 1261 3270 illud
1295 3216 1361 3271 te
1398 3204 1734 3280 admonet),
1768 3225 1853 3269 ne
1883 3203 2044 3287 quid
2068 3202 2215 3269 ullis

144 3296 378 3365 litteris
408 3296 788 3373 committas,
815 3296 1011 3380 quod,
1045 3296 1101 3363 si
1127 3297 1449 3382 prolatum
1474 3298 1577 3374 sit,
1610 3297 1877 3366 moleste
1902 3297 2212 3365 feramus:

145 3390 360 3459 multa
409 3401 590 3465 sunt,
643 3410 812 3474 quae
863 3412 988 3477 ego
1038 3391 1284 3457 nescire
1335 3392 1510 3459 malo
1559 3413 1757 3477 quam
1808 3413 1961 3457 cum
2000 3391 2219 3477 aliquo

147 3482 440 3568 periculo
474 3480 614 3549 fieri
647 3483 896 3548 certior.
983 3484 1172 3571 plura
1206 3484 1294 3551 ad
1324 3496 1391 3552 te
1427 3506 1633 3553 vacuo
1668 3485 1883 3553 animo
1918 3485 2215 3562 scribam,

150 3597 324 3655 cum,
361 3587 437 3641 ut
471 3598 690 3664 spero,
736 3599 805 3643 se
843 3574 1077 3645 Cicero
1111 3602 1292 3645 meus
1337 3579 1506 3647 belle
1543 3578 1827 3647 habebit.
1914 3590 1987 3645 tu
2022 3579 2217 3647 velim

151 3692 340 3763 cures
374 3681 450 3738 ut
483 3670 700 3749 sciam,
738 3672 974 3757 quibus
1007 3696 1128 3741 nos
1163 3672 1316 3740 dare
1352 3684 1643 3762 oporteat
1669 3696 1799 3751 eas,
1835 3696 1997 3759 quas
2032 3674 2117 3739 ad
2150 3684 2215 3740 te

151 3764 386 3832 deinde
421 3764 666 3832 litteras
701 3766 1056 3845 mittemus,
1095 3764 1479 3835 Caesarisne
1514 3766 1890 3846 tabellariis,
1935 3780 2010 3833 ut
2042 3768 2097 3833 is
2132 3769 2217 3833 ad

153 3867 218 3922 te
251 3858 582 3948 protinus
581 3858 820 3938 mittat,
857 3884 941 3927 an
975 3860 1283 3941 Labieni,
1329 3862 1445 3928 ubi
1480 3863 1650 3929 enim
1684 3861 1793 3929 isti
1826 3862 1955 3929 sint
1989 3861 2215 3929 Nervii

153 3961 218 4016 et
261 3974 460 4037 quam
509 3953 702 4041 longe
753 3954 993 4033 absint,
1047 3957 1286 4023 nescio.
1383 3956 1465 4023 de
1510 3955 1743 4023 virtute
1787 3967 1851 4023 et
1900 3956 2217 4043 gravitate
2250 3974 2288 4016 8‘

157 4040 486 4126 Caesaris,
537 4066 736 4133 quam
775 4048 848 4113 in
880 4070 1132 4117 summo
1166 4051 1389 4119 dolore
1431 4050 1858 4130 adhibuisset,
1912 4074 2216 4139 magnam
