2675 4559
21 1885 40 1946 „⁸3-

754 168 1307 228 EPISTULARUM
1344 172 1476 228 ΚΠ.
1516 176 1564 228 1,
1592 176 1640 228 2.
2100 164 2228 232 '233

164 295 316 362 dine
355 305 419 361 et
454 293 653 360 animi
688 303 752 359 et
785 292 1079 360 beneficii
1112 295 1309 360 vestri
1345 320 1385 361 a
1419 296 1602 363 vobis
1637 318 1874 385 magna
1908 297 2225 368 desiderat

165 388 398 455 adhuc.
454 386 591 453 ulta
608 409 757 453 suas
782 387 1045 454 iniurias
1064 399 1158 454 est
1186 411 1301 475 per
1328 412 1444 455 vos
1471 389 1728 459 interitu
1754 395 2038 479 tyranni3
2067 396 2224 462 nihil

164 484 472 571 ampliust
520 494 894 549 ornamenta
928 506 1081 549 vero
1118 507 1237 549 sua
1270 505 1439 569 quae
1472 485 1890 573 reciperavit?
1933 513 2017 555 an
2051 491 2226 575 quod

160 578 222 645 ei
254 588 513 644 mortuo
557 589 767 666 paret,
812 600 1008 663 quem
1051 579 1271 661 vivum
1314 580 1484 647 ferre
1525 603 1656 647 non
1699 585 1988 668 poterat?
2041 586 2225 652 cuius

159 695 314 740 aera
348 671 619 759 refigere
656 671 1077 749 debebamus,
1123 674 1261 738 eius
1306 674 1500 740 etiam
1544 675 1968 764 chirographa
2002 678 2225 746 defen-

159 767 417 833 dimus?
452 774 550 833 ‘at
575 767 746 833 enim
772 768 864 833 ita
889 768 1329 835 decrevimus?
1383 767 1655 836 fecimus
1682 770 1752 836 id
1777 772 2038 857 quidem
2063 784 2225 840 tem-

157 862 429 950 poribus
467 862 798 939 cedentes,
850 883 1015 948 quae
1061 864 1276 929 valent
1316 863 1386 928 in
1428 887 1500 931 re
1543 864 1806 952 publica
1848 867 2223 953 plurimum;

158 957 276 1023 sed
309 957 709 1024 inmoderate
756 957 1016 1042 quidam
1055 969 1119 1025 et
1159 958 1414 1045 ingrate
1456 971 1676 1026 nostra
1718 959 2021 1029 facilitate
2066 963 2226 1028 abu·

156 1063 403 1118 tuntur.
494 1075 719 1118 verum
752 1052 911 1118 haec
945 1054 1315 1141 propediem
1355 1063 1417 1120 et
1451 1056 1654 1121 multa
1688 1054 1815 1122 alia
1848 1078 2091 1123 coram·
2126 1058 2226 1123 in-

154 1147 345 1213 terim
381 1146 578 1213 velim
623 1147 714 1212 sic
759 1146 876 1212 tibi
920 1149 1337 1234 persuadeas,
1382 1149 1540 1215 mihi
1585 1171 1732 1216 cum
1773 1151 1870 1217 rei
1908 1151 2224 1238 publicae,

156 1264 358 1351 quam
394 1263 649 1328 semper
680 1234 893 1307 habui
916 1242 1328 1321 carissimam,
1366 1254 1505 1310 tum
1533 1246 1766 1311 amoris
1793 1247 1993 1313 nostri
2029 1267 2224 1313 causa

155 1336 482 1402 maximae
528 1358 719 1402 curae
764 1359 903 1403 esse
955 1348 1135 1405 tuam
1180 1337 1578 1426 dignitatem.
1668 1341 1753 1406 da
1807 1363 2095 1429 operam,
2150 1352 2225 1407 ut

155 1431 397 1498 valeas.
492 1427 762 1520 [vala]-

1156 1583 1235 1638 11.

440 1683 559 1741 Ser.
576 1684 791 1741 Romae
810 1691 1045 1742 exeunte
1064 1703 1255 1742 mense
1275 1685 1592 1757 Septembri
1613 1704 1663 1742 a.
1682 1705 1738 1742 u.
1758 1704 1804 1742 c.
1828 1688 1946 1743 710.

809 1787 1084 1845 CICERO
1121 1787 1389 1846 CASSIO
1427 1789 1591 1845 SAL.

285 1902 730 1970 Vehementer
769 1904 971 1970 laetor
1016 1904 1134 1969 tibi
1180 1905 1441 1992 probari
1477 1905 1857 1973 sententiam
1893 1916 1959 1973 et
1991 1907 2225 1973 oratio-

151 2020 305 2064 nem
343 2019 587 2076 meam3
627 2019 757 2083 qua
791 1998 845 2062 si
882 1998 1139 2084 saepius
1174 1999 1270 2064 uti
1304 1999 1552 2075 liceret,
1588 1999 1748 2065 nihil
1782 2010 1950 2066 esset
1983 2002 2225 2088 negotii

150 2092 521 2158 libertatem
558 2102 620 2157 et
654 2115 791 2158 rem
824 2092 1153 2178 publicam
1185 2093 1562 2179 reciperare.
1629 2094 1742 2160 sed
1775 2093 1967 2162 homo
2004 2119 2222 2162 amens

152 2199 219 2251 et
264 2186 556 2272 perditus
599 2187 929 2271 multoque
976 2187 1245 2272 nequior
1288 2209 1488 2271 quam
1529 2188 1637 2254 ille
1688 2189 1826 2276 ipse
1838 2238 1858 2269 ,
1913 2211 2105 2275 quem
2151 2202 2223 2254 tu

150 2281 623 2364 nequissimum
660 2281 941 2347 occisum
976 2304 1116 2351 esse
1154 2282 1392 2358 dixisti,
1429 2283 1640 2350 caedis
1675 2284 1927 2350 initium
1954 2285 2221 2369 quaerit,

149 2376 531 2460 nullamque
568 2375 758 2441 aliam
786 2376 893 2441 ob
896 2398 1158 2442 causam
1192 2400 1297 2444 me
1333 2390 1659 2445 auctorem
1694 2379 1893 2445 fuisse
1925 2377 2223 2446 Caesaris

148 2469 581 2535 interficiendi
615 2471 1004 2548 criminatur,
1041 2471 1164 2537 nisi
1190 2483 1263 2537 ut
1296 2472 1366 2536 in
1401 2495 1504 2538 me
1533 2474 1817 2538 veterani
1850 2473 2220 2541 incitentur.
2205 2499 2220 2513 ·

150 2565 334 2651 quod
390 2586 513 2650 ego
558 2564 915 2651 periculum
958 2587 1089 2633 non
1139 2567 1516 2645 extimesco;
1569 2567 1763 2632 modo
1817 2568 2014 2632 vestri
2067 2568 2223 2632 facti

148 2659 433 2768 gloriam
466 2680 617 2723 cum
650 2680 797 2726 mea
830 2661 1023 2727 laude
1059 2662 1505 2728 communicet.
1558 2663 1649 2728 ita
1683 2684 1803 2729 nec
1828 2662 2072 2740 Pisoni,
2111 2663 2224 2746 qui

147 2755 217 2818 in
258 2776 412 2818 eum
448 2751 691 2839 primus
735 2754 1025 2821 invectus
1063 2767 1159 2822 est
1203 2756 1382 2821 nullo
1418 2756 1843 2833 adsentiente,
1887 2777 2009 2822 nec
2042 2754 2220 2832 mihi,
2240 2819 2243 2822 ,

147 2847 268 2932 qui
310 2845 487 2912 idem
530 2847 893 2914 tricensimo
939 2861 1086 2937 post
1121 2850 1224 2916 die
1270 2848 1426 2927 feci,
1477 2872 1598 2916 nec
1632 2850 1713 2915 Ρ.
1753 2847 2058 2926 Servili0,
2110 2848 2222 2933 qui

146 2964 259 3006 me
297 2952 398 3008 est
434 2954 834 3022 consecutus,
872 2954 1011 3011 tuto
1045 2945 1114 3009 in
1151 2955 1443 3010 senatum
1480 2945 1698 3010 venire
1732 2943 1910 3010 licet:
1959 2943 2222 3010 caedem

150 3034 328 3101 enim
383 3036 703 3122 gladiator
753 3040 1006 3122 quaerit
1056 3040 1320 3123 eiusque
1373 3039 1626 3112 initium
1679 3063 1737 3104 a.
1784 3039 1846 3104 d.
1891 3063 2021 3104 1111.
2064 3039 2219 3105 Kal.

151 3127 428 3195 Octobr.
468 3153 506 3195 a
540 3153 643 3195 me
679 3154 747 3198 se
783 3132 1107 3199 facturum
1141 3133 1412 3220 putavit,
1450 3134 1534 3200 ad
1582 3156 1775 3219 quem
1797 3145 2074 3221 ‘paratus
2110 3157 2222 3200 ve-

150 3234 372 3302 nerat,
418 3245 565 3290 cum
607 3224 675 3291 in
720 3225 873 3292 villa
906 3226 1160 3294 Metelli
1205 3228 1526 3314 conpluris
1573 3226 1709 3294 dies
1755 3238 2220 3294 commentatus

152 3330 346 3385 esset.
419 3340 586 3402 quae
624 3332 837 3388 autem
874 3320 941 3387 in
974 3323 1194 3388 lustris
1232 3335 1294 3388 et
1329 3325 1398 3388 in
1434 3324 1582 3388 vino
1620 3322 2069 3388 commentatio
2105 3344 2221 3408 po-

150 3413 274 3479 tuit
304 3413 490 3481 esse?
524 3415 739 3501 itaque
768 3416 1064 3483 omnibus
1093 3429 1190 3482 est
1214 3418 1410 3497 visus,
1448 3429 1520 3484 ut
1547 3417 1632 3483 ad
1666 3429 1729 3483 te
1757 3428 1947 3484 antea
1972 3415 2218 3502 scripsi,

97 3546 110 3562 ·
151 3529 416 3575 vomere
462 3530 579 3575 suo
622 3533 830 3590 more,
885 3533 1015 3577 non
1052 3510 1284 3578 dicere.
1373 3534 1503 3596 qua
1537 3535 1638 3590 re,
1682 3511 1857 3597 quod
1895 3509 2117 3578 scribis
2155 3522 2218 3577 te

151 3602 478 3669 confidere
523 3605 900 3673 auctoritate
937 3617 1001 3672 et
1043 3607 1409 3693 eloquentia
1449 3618 1669 3672 nostra
1714 3604 1954 3691 aliquid
1998 3604 2221 3691 profici

149 3719 366 3783 posse,
400 3720 533 3764 non
566 3698 744 3776 nihil,
780 3712 851 3766 ut
886 3700 955 3766 in
989 3701 1181 3768 tantis
1216 3702 1432 3781 malis,
1471 3713 1568 3768 est
1600 3701 1992 3787 profectum:
2035 3699 2221 3766 intel-

148 3791 309 3878 legit
366 3793 539 3859 enim
589 3792 868 3881 populus
911 3795 1244 3864 Romanus
1296 3795 1412 3861 tris
1459 3818 1600 3863 esse
1653 3796 2032 3874 consularis,
2086 3796 2220 3880 qui,

152 3887 327 3972 quia,
366 3911 521 3974 quae
547 3888 627 3955 de
655 3913 725 3956 re
758 3890 1021 3976 publica
1053 3891 1219 3958 bene
1247 3891 1579 3970 senserint,
1612 3889 1812 3958 libere
1847 3889 2046 3957 locuti
2073 3890 2219 3967 sint,

152 3991 289 4047 tuto
336 3981 405 4047 in
451 3994 747 4050 senatum
791 3985 1010 4052 venire
1052 4007 1183 4052 non
1225 3986 1492 4074 possint.
1579 4008 1700 4053 nec
1746 3997 1844 4054 est
1888 3996 2221 4074 praeterea
