2675 4559
612 241 1166 300 EPISTOLARUM
1200 244 1364 300 VIII.
1402 245 1623 300 12—14.
2016 233 2144 299 189

136 366 413 434 Domitius
454 364 953 444 inimicissimus,
998 374 1072 430 ut
1114 388 1195 431 ne
1230 366 1613 433 familiarem
1649 367 1909 452 quidem
1947 392 2138 436 suum

136 482 472 546 quemquam
513 473 644 524 tam
677 460 883 526 oderit
916 480 1111 544 quam
1154 483 1288 538 me,
1336 473 1530 545 atque
1565 484 1646 526 eo
1678 462 1882 548 magis
1895 510 1914 539 ,
1968 464 2143 546 quod

134 579 223 643 per
262 554 545 620 iniuriam
590 555 712 620 sibi
761 566 949 640 putat
992 568 1362 641 anytho-atum
1406 567 1722 642 ereptum,
1779 556 1962 623 cuius
2013 579 2137 642 ego

135 661 314 714 auctor
337 648 585 715 fuerim.
622 670 793 714 nunc
821 649 980 713 furit
996 660 1128 714 tam
1153 651 1413 734 gavisos
1431 649 1719 717 homines
1749 673 1938 716 suum
1957 650 2136 715 dolo-

134 766 237 808 rem
264 764 581 826 unumque
624 743 815 808 modo
854 765 957 808 me
1002 743 1446 809 studiosiorem
1478 744 1777 810 Antoniit
1825 767 1975 809 nam
2013 741 2138 835 Cn.

138 837 503 903 Saturninum
542 835 1018 904 adulescentem
1053 838 1191 923 ipse
1230 835 1354 904 Cn.
1382 838 1712 904 Domitius
1746 861 1928 908 reum
1964 838 2138 915 fecit,

71 930 72 937 '
139 954 251 997 sane
288 953 474 1015 quam
520 932 849 1018 superiore
884 955 924 998 a
966 932 1100 997 vita
1143 933 1561 1010 invidiosum;
1614 931 1788 1016 quod
1831 932 2139 998 iudicium

139 1048 266 1090 nunc
295 1027 353 1090 in
388 1026 864 1111 exspectatione
901 1038 1027 1104 est,
1071 1027 1265 1092 etiam
1298 1029 1368 1092 in
1402 1027 1575 1091 bona
1610 1050 1756 1111 spe,
1803 1039 1949 1112 post
1985 1025 2137 1092 Sex.

71 1192 74 1203 Ι
139 1119 407 1185 Peducaei
440 1120 927 1186 absolutionem.
995 1121 1075 1185 de
1109 1144 1362 1185 summa
1396 1144 1466 1187 re
1500 1120 1764 1206 publica
1797 1141 1991 1204 saepe
2024 1119 2141 1183 tibi
2175 1144 2205 1183 ε

71 1221 73 1233 '
142 1214 330 1298 scripsi,
362 1237 463 1280 me
499 1237 783 1279 annuam
818 1236 1045 1301 pacem
1079 1237 1209 1279 non
1235 1215 1473 1291 videre,
1510 1227 1575 1281 et
1609 1235 1739 1301 quo
1771 1213 2037 1300 propius
2064 1235 2142 1278 ea

71 1315 72 1318 ’
142 1307 428 1384 eontentio,
482 1329 682 1391 quam
717 1307 856 1373 fieri
888 1330 1150 1373 necesse
1186 1320 1311 1384 est,
1359 1308 1635 1383 accedit,
1691 1329 1767 1372 eo
1804 1306 2039 1372 clarius
2072 1306 2142 1370 id

141 1400 431 1482 periculum
482 1403 770 1488 adparet.
876 1402 1277 1489 propositum
1326 1401 1449 1468 hoc
1503 1413 1628 1480 est,
1682 1400 1762 1466 de
1814 1422 1942 1484 quo
1955 1447 1974 1478 ,
2030 1400 2142 1484 qui

141 1515 301 1558 rerum
344 1495 704 1580 potiuntur,
758 1508 908 1562 sunt
954 1496 1346 1573 dimicaturi,
1402 1496 1576 1579 quod
1622 1492 1744 1560 Cn.
1789 1494 2144 1581 Pompeius

143 1588 404 1654 constituit
435 1612 565 1654 non
606 1590 741 1674 pati
761 1587 841 1655 C.
865 1586 1209 1655 Caesarem
1247 1591 1576 1654 consulem
1610 1588 1792 1654 aliter
1823 1587 1982 1666 fieri,
2016 1588 2145 1652 nisi

143 1682 426 1748 exercitum
452 1695 517 1749 et
544 1684 912 1770 provincias
942 1683 1303 1760 tradiderit3
1343 1680 1607 1748 Caesari
1636 1693 1852 1748 autem
1878 1703 2144 1766 persua-

143 1796 245 1838 sum
274 1789 359 1842 est
390 1801 457 1844 se
502 1780 758 1844 salvum
795 1801 933 1844 esse
968 1800 1101 1844 non
1135 1799 1356 1862 posse,
1407 1780 1463 1842 si
1497 1777 1580 1841 ab
1617 1776 1900 1841 exercitu
1934 1796 2144 1839 reces-

143 1870 268 1933 serit.
343 1871 463 1937 sert
505 1873 689 1938 illam
732 1886 947 1938 tamen
982 1871 1422 1938 condicionem
1436 1919 1455 1948 ,
1490 1882 1565 1936 ut
1599 1871 1790 1935 ambo
1825 1867 2144 1934 exercitus

144 1963 357 2030 tradant.
440 1967 532 2033 sic
577 1967 677 2032 illi
719 1989 967 2034 amores
1014 1977 1079 2033 et
1120 1966 1439 2031 invidiosa
1482 1963 1846 2030 coniunctio
1890 1984 2023 2026 non
2057 1963 2143 2026 ad

145 2059 393 2124 occultam
422 2061 655 2126 recidit
680 2061 1226 2138 obtrectationem,
1264 2061 1378 2126 sed
1413 2060 1498 2124 ad
1532 2059 1774 2124 bellum
1803 2080 1873 2123 se
1903 2055 2143 2142 erupit3

146 2172 318 2234 neque,
342 2178 630 2221 mearum
653 2179 867 2221 rerum
894 2155 1049 2239 quid
1081 2155 1327 2221 consilii
1356 2154 1624 2240 capiam,
1655 2153 1933 2239 reperi03
1969 2153 2145 2236 quod

146 2265 238 2309 non
266 2247 494 2328 dubito,
540 2249 704 2335 quin
748 2261 813 2315 te
848 2267 1105 2334 quoque
1149 2250 1309 2316 haec
1361 2247 1731 2314 deliberatio
1769 2246 1850 2312 sit
1893 2251 2144 2333 pertur-

150 2336 334 2406 batura.
382 2367 527 2409 nam
563 2343 728 2408 mihi
763 2366 911 2408 cum
945 2342 1311 2411 hominibus
1345 2343 1445 2407 his
1481 2355 1547 2408 et
1580 2341 1788 2428 gratia
1825 2353 1888 2406 et
1922 2363 2145 2407 neces-

150 2432 305 2500 situdo
334 2449 450 2503 est:
487 2461 756 2505 causam
789 2438 998 2515 illam,
1032 2459 1163 2502 non
1198 2437 1488 2502 homines
1524 2436 1649 2502 odi.
1721 2434 1882 2500 illud
1916 2446 1981 2500 te
2014 2456 2144 2499 non
2178 2456 2210 2496 a

152 2527 359 2595 arbitror
398 2533 657 2619 fugere,
702 2532 861 2616 quin
903 2533 1191 2597 homines
1236 2532 1306 2597 in
1353 2531 1747 2597 dissensione
1793 2518 2145 2595 domestica

153 2619 381 2703 debeant,
413 2648 614 2710 quam
648 2626 760 2691 diu
791 2626 1058 2693 civiliter
1093 2627 1229 2692 sine
1263 2626 1457 2691 armis
1493 2636 1788 2700 certetur,
1823 2622 2148 2688 honestio-

153 2735 248 2780 rem
276 2723 437 2805 sequi
477 2732 759 2808 partem,
812 2721 926 2787 ubi
972 2722 1058 2787 ad
1100 2722 1344 2787 bellum
1379 2730 1446 2786 et
1488 2731 1698 2786 castra
1742 2728 2008 2782 ventum
2043 2716 2146 2792 sit,

155 2807 446 2893 firmiorem,
481 2830 545 2882 et
581 2816 654 2882 id
688 2816 915 2882 melius
952 2828 1251 2894 statuere,
1289 2815 1465 2898 quod
1497 2814 1696 2880 tutius
1733 2811 1834 2878 sit.
1921 2811 1992 2874 in
2026 2810 2150 2874 hae

158 2902 404 2978 discordia
446 2913 637 2978 video
684 2909 806 2978 Cn.
842 2911 1228 2997 Pompeium
1282 2921 1576 2976 senatum
1621 2908 1858 2994 quique
1899 2928 2002 2972 res
2049 2905 2150 2970 iu-

160 2996 316 3066 dicant
345 3026 555 3073 secum
591 3005 995 3082 habiturum,
1049 3005 1132 3071 ad
1170 3001 1518 3072 Caesarem
1553 3002 1787 3079 omnis,
1842 3001 1955 3086 qui
2001 3022 2150 3065 cum

158 3088 326 3162 timore
356 3111 461 3164 aut
504 3099 679 3170 mala
713 3121 827 3185 spe
862 3098 1113 3175 vivant,
1158 3119 1558 3174 accessuros,
1603 3095 1954 3162 exercitum
1999 3115 2151 3159 con·

159 3182 425 3256 ferendum
466 3214 600 3258 non
648 3214 808 3260 esse.
898 3193 1154 3258 omnino
1206 3192 1363 3258 satis
1416 3190 1605 3276 spatii
1657 3200 1755 3254 est
1806 3188 1891 3252 ad
1943 3188 2151 3253 consi-

162 3274 409 3351 derandas
448 3283 781 3372 utriusque
826 3286 1043 3373 copias
1088 3298 1153 3352 et
1195 3285 1558 3372 eligendam
1603 3294 1870 3369 partem.
1949 3301 2148 3366 prope
2181 3298 2210 3338 ι

163 3369 338 3441 oblitus
370 3401 525 3458 sum,
562 3382 740 3465 quod
772 3381 1053 3448 maxime
1086 3381 1209 3447 fuit
1244 3378 1680 3446 scribendum:
1717 3375 1842 3442 scis
1858 3373 2151 3459 Appium

164 3482 425 3538 censorem
457 3474 563 3541 hic
588 3486 840 3543 ostenta
874 3476 1128 3542 facere?
1163 3476 1245 3542 de
1271 3473 1474 3560 signis
1510 3484 1575 3538 et
1607 3468 1864 3547 tabulis,
1901 3468 1982 3533 de
2010 3469 2152 3553 agri

165 3560 328 3641 ¹¹¹⁰d02
366 3567 442 3633 de
475 3591 621 3636 aere
664 3571 875 3637 alieno
918 3570 1223 3636 acerrime
1268 3568 1502 3654 agere?
1547 3587 1925 3652 persuasum
1960 3573 2056 3627 est
2090 3562 2152 3626 ei

168 3668 436 3726 o<ausuram
459 3663 807 3730 lomentum
835 3681 947 3730 aut
971 3664 1208 3729 nitrum
1237 3685 1406 3729 esse:
1446 3683 1655 3727 errare
1684 3656 1840 3724 mihi
1870 3657 2153 3731 videtui-3

167 3762 277 3811 mm
304 3755 433 3819 dum
475 3759 677 3825 sordis
712 3760 926 3826 eluere
960 3760 1125 3836 volt,
1171 3781 1368 3824 venas
1404 3756 1528 3822 sibi
1562 3754 1766 3831 omnis
1803 3764 1868 3819 et
1909 3751 2156 3816 viscera

171 3843 339 3921 “Ferit-
393 3871 587 3930 curre,
622 3876 739 3940 per
772 3854 927 3920 deos
964 3864 1159 3937 atque
1194 3850 1512 3918 homines!
1551 3861 1614 3915 et
1648 3870 1843 3933 quam
1876 3845 2156 3932 primum

173 3926 289 4001 haec
315 3940 497 4010 risum
527 3948 693 4025 veni,
726 3948 889 4034 legis
918 3945 1289 4014 Scantiniae
1321 3944 1632 4012 iudicium
1667 3942 1841 4030 apud
1863 3941 2156 4006 Drusum

175 4021 298 4106 fieri,
326 4034 592 4123 Appium
624 4042 706 4108 de
741 4040 976 4107 tabulis
1012 4052 1076 4107 et
1111 4040 1311 4127 signis
1348 4061 1571 4126 agere3
1616 4037 1805 4104 crede
1836 4034 2024 4114 mihi,
2061 4043 2158 4100 est

76 4118 150 4516 l
