2675 4559
303 1864 330 1904 1

363 198 490 279 ,118
985 208 1061 261 Μ.
1099 204 1373 263 ‘mmm
1406 202 1813 263 (11(1111101113

871 754 970 819 Μ.
1033 730 1363 830 TULLII
1392 738 1919 817 ’omsssoms

624 960 766 1027 AD
821 960 918 1025 M.
977 858 1475 1025 crunni}
1528 950 2151 1023 c1cERoNEM
2252 958 2257 964 ·

1007 1065 1799 1137 EPISTOLARUM-

963 1202 1302 1258 LIBER
1356 1198 1816 1257 SEXTUS.
1908 1242 1913 1247 .

860 1308 1004 1373 AD
1066 1308 1152 1371 A.
1218 1302 1921 1386 TORQUATUM.

1369 1490 1415 1543 I.

1039 1592 1159 1649 Ser.
1177 1593 1393 1647 Romae
1413 1608 1537 1645 a.·u.
1558 1607 1604 1645 c.
1626 1590 1743 1645 709.

799 1696 876 1751 M.
907 1691 1190 1753 ‘CICERO
1229 1694 1284 1751 S.
1321 1694 1392 1749 D.
1430 1696 1501 1747 A.
1540 1690 1981 1757 TORQUATO.

492 1835 637 1901 Etsi
663 1858 741 1903 ea
773 1836 1168 1921 perturbatio
1195 1846 1295 1899 est
1324 1832 1609 1898 omnium
1642 1853 1875 1909 rerum,
1910 1841 1984 1896 ut
2012 1853 2165 1897 suae
2192 1852 2425 1914 quem·-

365 1951 490 2014 que
525 1930 820 1996 fortunae
853 1930 1131 1995 maxime
1167 1927 1487 2013 paeniteat
1521 1946 1839 2009 nemoque
1874 1924 1976 2002 sit,
2013 1924 2168 2011 quin
2202 1924 2426 1989 ubivis

367 2045 561 2108 quam
594 2023 715 2101 ibi,
767 2022 881 2087 ubi
913 2033 1039 2098 est,
1091 2042 1230 2087 esse
1275 2020 1483 2096 malit,
1536 2030 1749 2085 tamen
1793 2018 1950 2083 mihi
1986 2018 2253 2083 dubium
2288 2040 2425 2083 non

364 2126 460 2181 est
494 2118 650 2199 quin
683 2115 806 2179 hoc
841 2125 1128 2200 tempore
1161 2114 1330 2177 bono
1368 2113 1503 2176 viro
1534 2112 1699 2177 Rom
1707 2134 1781 2177 ae
1817 2135 1956 2177 esse
1991 2112 2421 2177 miserrimum

364 2209 472 2284 sit3
518 2231 668 2271 nam
705 2208 852 2283 etsi,
896 2226 1303 2290 quocumque
1338 2206 1407 2269 in
1438 2205 1583 2270 loco
1621 2190 1892 2289 quisque
1938 2216 2066 2281 est,
2110 2205 2282 2270 idem
2320 2216 2422 2271 est

363 2302 424 2365 ei
457 2324 682 2366 sensus
720 2312 784 2367 et
829 2302 1055 2366 eadem
1092 2300 1407 2366 acerbitas
1443 2322 1523 2365 ex
1559 2299 1819 2365 interitu
1858 2322 2071 2365 rerum
2107 2311 2170 2366 et
2204 2300 2426 2386 publi-

363 2417 581 2459 carum
617 2406 681 2460 et
717 2416 1004 2471 suarum,
1059 2405 1273 2459 tamen
1311 2394 1481 2459 oculi
1525 2402 1765 2479 augent
1800 2393 2115 2470 dolorem,
2168 2395 2282 2477 qui
2316 2417 2419 2471 ea,

363 2510 528 2571 quae
563 2488 756 2554 ceteri
792 2488 1080 2565 audiunt,
1118 2488 1349 2553 intueri
1388 2498 1704 2575 coguntur
1738 2509 1859 2553 nec
1895 2500 2179 2553 avertere
2214 2511 2255 2551 a
2293 2487 2416 2551 mi-

363 2582 541 2647 seriis
577 2578 1029 2669 cogitationem
1065 2583 1308 2648 sinunt:
1358 2604 1488 2666 qua
1532 2604 1601 2647 re
1648 2582 1767 2647 etsi
1810 2582 2153 2647 multarum
2198 2603 2415 2647 rerum

362 2676 674 2749 desiderio
709 2688 774 2743 te
809 2677 960 2762 ahgi
993 2698 1253 2742 necesse
1288 2687 1407 2753 est,
1444 2687 1658 2740 tamen
1690 2675 1801 2741 illo
1838 2675 2075 2752 dolore,
2112 2696 2242 2759 quo
2278 2698 2419 2739 ma-

360 2772 530 2836 xime
583 2782 647 2836 te
699 2770 925 2837 confici
978 2770 1198 2847 audio,
1252 2770 1427 2852 quod
1478 2769 1723 2835 Romae
1778 2790 1907 2835 non
1960 2769 2074 2845 sis,
2126 2768 2413 2833 animum

360 2875 544 2929 tuum
577 2865 809 2941 libera3
855 2864 976 2929 etsi
1012 2864 1183 2929 enim
1217 2886 1367 2929 cum
1400 2884 1639 2947 magna
1670 2862 1961 2928 molestia
1994 2874 2139 2927 tuos
2174 2872 2419 2946 tuaque

360 2958 702 3035 desideras,
737 2969 952 3023 tamen
986 2958 1096 3022 1118
1121 2956 1403 3042 quidem,
1439 2978 1604 3041 quae
1631 2956 1923 3039 requiris,
1960 2977 2147 3020 suum
2172 2966 2415 3021 statum

357 3061 572 3115 tenent
605 3072 726 3115 nec
760 3051 1016 3127 melius,
1071 3050 1127 3115 si
1161 3061 1233 3115 tu
1269 3048 1554 3125 adesses,
1608 3059 1899 3115 tenerent
1942 3070 2061 3114 nec
2096 3060 2245 3113 sunt
2278 3049 2417 3113 ullo

355 3146 424 3209 in
458 3146 715 3231 proprio
759 3146 1073 3231 periculo;
1119 3167 1239 3211 nec
1283 3144 1479 3211 debes
1515 3155 1615 3222 tu,
1662 3165 1810 3209 cum
1856 3143 1937 3208 de
1980 3143 2109 3208 tuis
2144 3142 2415 3229 cogitas,

359 3248 470 3304 aut
503 3240 912 3326 praecipuam
947 3240 1226 3323 aliquam
1261 3238 1582 3305 fortunam
1618 3236 1942 3324 postulare
1978 3246 2090 3301 aut
2124 3257 2417 3301 commu-

357 3355 506 3397 nem
541 3355 853 3399 recusare.
925 3334 1006 3399 de
1040 3344 1104 3399 te
1139 3342 1355 3399 autem
1388 3332 1549 3416 ipso,
1586 3330 1930 3415 Torquate,
1966 3339 2062 3395 est
2096 3338 2282 3393 tuum
2320 3328 2413 3396 sic

359 3427 602 3512 agitare
637 3426 869 3505 anime,
906 3438 978 3491 ut
1003 3449 1134 3492 non
1159 3426 1465 3491 adhibeas
1490 3424 1557 3489 in
1587 3424 1920 3491 consilium
1948 3422 2413 3509 cogitationum

358 3530 612 3584 tuarum
647 3519 1155 3605 desperationem
1189 3530 1302 3584 aut
1333 3519 1649 3584 timorem.
1718 3538 1842 3583 nec
1875 3517 2047 3583 enim
2080 3516 2157 3593 ie,
2194 3517 2308 3602 qui
2342 3517 2413 3584 in

358 3625 421 3678 te
465 3608 674 3677 adhuc
715 3612 1032 3689 iniustior,
1086 3634 1281 3695 quam
1331 3622 1447 3677 tua
1490 3611 1767 3697 dignitas
1819 3610 2212 3697 postulabat,
2264 3609 2411 3687 fuit,

357 3730 484 3772 non
519 3728 755 3792 magna
789 3706 974 3790 signa
1001 3705 1175 3769 dedit
1202 3704 1400 3771 animi
1434 3728 1589 3792 erga
1614 3717 1676 3771 te
1701 3704 2010 3791 mitigati3
2045 3725 2165 3770 nec
2190 3714 2410 3769 tamen

355 3802 410 3865 is
445 3801 610 3888 ipse,
649 3824 688 3865 a
721 3821 850 3884 quo
885 3800 1058 3865 salus
1090 3800 1361 3885 petitur,
1397 3799 1593 3865 habet
1626 3798 2009 3886 explicatam
2042 3808 2155 3863 aut
2188 3798 2409 3883 explo-

356 3905 560 3959 ratam
603 3893 914 3959 rationem
959 3892 1178 3959 salutis
1213 3916 1395 3969 suae;
1448 3914 1721 3978 cumque
1762 3892 2050 3959 omnium
2092 3890 2407 3957 bellorum

358 3987 566 4052 exitus
600 3988 827 4053 incerti
861 3987 1018 4064 sint,
1061 3986 1146 4052 ab
1179 3987 1381 4053 altera
1414 3986 1681 4053 victoria
1722 3986 1841 4052 tibi
1874 3985 2228 4073 periculum
2260 3985 2409 4049 nul·-
