2675 4559
434 1959 457 1998 1

506 277 634 346 144
880 319 885 324 -
1123 292 1201 348 Μ.
1238 291 1514 352 TULLII
1548 290 1956 350 cmmoms

1004 839 1105 908 M.
1168 833 1498 906 TULLII
1551 835 2054 910 CICERONIS

1468 949 1581 1006 ΕΤ

758 1041 899 1116 AD
954 1047 1053 1114 M.
1108 1041 1606 1114 TULLIUM
1661 1044 2288 1116 CICERONEM

1142 1156 1913 1228 EPISTOLABUM

1030 1289 1366 1348 LIBER
1421 1291 2014 1352 SEPTIMUS.

1106 1393 1248 1464 AD
1312 1397 1412 1464 M.
1476 1393 1943 1466 MARIUM.

1500 1581 1547 1639 1.

1170 1686 1290 1743 Scr.
1307 1687 1524 1743 Romae
1543 1703 1592 1742 a.
1614 1703 1668 1741 u.
1687 1703 1735 1742 c.
1755 1687 1876 1742 699.

1016 1789 1094 1844 M.
1132 1788 1408 1846 CICERO
1445 1788 1502 1845 S.
1537 1789 1610 1844 D.
1647 1788 1724 1844 M.
1761 1787 2032 1845 MARJO.

624 1928 699 1996 Si
733 1940 798 1995 te
832 1929 1015 1995 dolor
1056 1929 1255 2013 aliqui
1300 1929 1585 2014 corporis
1629 1939 1741 1994 aut
1783 1928 2122 1996 infirmitas
2169 1925 2503 1996 valetudinis

492 2034 643 2088 tuae
677 2021 911 2100 tenuit,
947 2042 1077 2106 quo
1110 2021 1323 2086 minus
1358 2022 1443 2087 ad
1476 2021 1663 2087 ludos
1698 2022 1967 2099 venires,
2009 2023 2306 2092 fortunae
2335 2019 2503 2104 magis

489 2115 702 2180 tribuo
728 2135 923 2199 quam
958 2115 1308 2200 sapientiae
1337 2126 1515 2194 tuae;
1552 2115 1652 2182 sin
1678 2116 1859 2196 haec,
1894 2138 2064 2202 quae
2094 2117 2284 2185 ceteri
2309 2115 2502 2180 miran-
2595 2165 2600 2170 0

490 2219 614 2285 tur,
650 2208 1114 2274 contemnenda
1141 2208 1382 2274 duxisti
1408 2220 1492 2287 et,
1529 2232 1677 2275 cum
1702 2233 1818 2297 per
1843 2211 2276 2280 valetudinem
2299 2227 2502 2297 posses,

488 2301 705 2367 venire
757 2311 975 2368 tamen
1024 2301 1314 2380 noluisti,
1369 2313 1714 2389 utrumque
1755 2305 1984 2382 laetor,
2041 2318 2108 2374 et
2149 2307 2282 2372 sine
2323 2302 2502 2369 dolore
2607 2343 2610 2346 -

489 2394 770 2482 corporis
806 2405 871 2461 te
907 2395 1105 2462 fuisse
1140 2407 1207 2462 et
1248 2397 1462 2462 animo
1497 2399 1806 2478 valuisse,
1863 2419 2011 2466 cum
2049 2423 2157 2479 ea,
2209 2421 2363 2485 quae
2393 2395 2502 2460 sine

488 2511 684 2555 causa
716 2489 1030 2556 mirantur
1072 2491 1209 2569 alii,
1254 2494 1642 2578 neglexeris3
1688 2494 1880 2559 modo
1915 2505 1989 2560 ut
2033 2495 2155 2561 tibi
2195 2487 2501 2560 constiterit

486 2585 733 2650 fructus
768 2583 881 2650 otii
924 2584 1049 2663 tui,
1103 2606 1233 2670 quo
1278 2587 1540 2670 quidem
1584 2586 1704 2652 tibi
1745 2587 1988 2674 perfrui
2030 2588 2295 2654 mirifice
2333 2582 2500 2655 licuit,

486 2701 633 2746 cum
669 2701 842 2746 esses
875 2679 945 2745 in
976 2679 1100 2746 ista
1133 2681 1519 2748 amoenitate
1550 2704 1758 2768 paene
1792 2682 1965 2748 solus
1999 2683 2279 2749 relictus.
2327 2697 2502 2761 neque
2610 2671 2615 2730 ἑ

484 2786 701 2841 tamen
742 2773 968 2840 dubito
1012 2774 1168 2859 quin
1210 2787 1284 2840 tn
1325 2777 1395 2841 in
1435 2776 1547 2843 illo
1591 2775 1887 2842 cubiculo
1925 2787 2074 2857 tuo,
2128 2801 2211 2844 ex
2251 2795 2372 2861 quo
2409 2767 2501 2834 tibi
2610 2779 2612 2818 ῑ

487 2869 869 2939 Stabianum
921 2869 1261 2956 perforasti
1313 2884 1379 2937 et
1430 2871 1788 2957 patefecisti
1838 2872 2200 2948 Misenum,
2261 2891 2368 2957 per
2411 2885 2498 2930 eos

466 2965 622 3031 dies
673 2965 987 3030 matutina
1038 2977 1330 3051 tempora
1380 2966 1781 3034 lectiunculis
1835 2966 2332 3055 consumpseris,
2378 2981 2499 3027 cum
2613 3005 2615 3048 ÷

484 3058 577 3124 illi
609 3057 871 3136 interea,
907 3059 1021 3144 qui
1055 3071 1119 3126 te
1152 3060 1298 3126 istic
1330 3061 1745 3147 reliquerunt,
1787 3073 2149 3150 spectarent
2183 3053 2500 3127 communis
2613 3053 2615 3126 ῗ

482 3151 711 3218 mimos
748 3152 1133 3219 semisomni.
1203 3154 1481 3240 reliquas
1518 3177 1669 3224 vero
1703 3158 1902 3243 partis
1933 3155 2061 3225 diei
2095 3169 2167 3222 tu
2202 3169 2500 3222 consume·

482 3248 599 3313 bas
628 3293 643 3305 .
669 3247 747 3312 iis
820 3247 1378 3328 delectationibus,
1449 3271 1610 3334 quas
1672 3251 1790 3316 tibi
1857 3251 1995 3337 ipse
2055 3252 2142 3317 ad
2203 3242 2499 3314 arbitrium

480 3353 665 3408 tuum
718 3363 1119 3428 compararas
1130 3367 1149 3422 3
1210 3343 1396 3411 nobis
1458 3355 1672 3410 autem
1726 3358 1907 3412 erant
1960 3367 2050 3416 ea
2098 3335 2494 3431 perpetienda,

483 3456 649 3518 quae
686 3433 803 3522 Sp.
839 3436 1134 3502 Maecius
1167 3437 1585 3524 probavisset.
1675 3440 1953 3518 omnino,
1989 3441 2044 3504 si
2077 3435 2352 3524 quaeris,
2383 3425 2496 3496 ludi

480 3529 977 3616 adparatissimi,
1030 3531 1146 3596 sed
1190 3554 1322 3598 non
1366 3533 1462 3597 tui
1497 3534 1834 3611 stomachi3
1890 3534 2314 3600 coniecturam
2351 3523 2494 3591 enim

479 3623 648 3688 facio
695 3623 775 3688 de
817 3645 991 3690 meo:
1044 3647 1194 3690 nam
1240 3627 1520 3712 primum
1571 3627 1830 3694 honoris
1877 3649 2072 3694 causa
2114 3626 2182 3691 in
2231 3635 2495 3690 scaenam

478 3716 799 3782 redierant
840 3717 916 3795 ii,
970 3739 1131 3801 quos
1174 3741 1297 3806 ego
1345 3719 1602 3786 honoris
1637 3743 1834 3788 causa
1868 3722 1950 3788 de
1992 3742 2224 3787 scaena
2266 3717 2495 3814 danesse

382 3807 401 3834 ²
478 3810 864 3890 arbitrabar,
902 3812 1167 3879 deliciae
1200 3835 1354 3879 vero
1383 3825 1554 3891 tuae,
1589 3830 1808 3881 noster
1823 3816 2142 3902 Aesopus,
2178 3812 2313 3878 eius
2343 3801 2492 3870 modl
2613 3895 2615 3898 Α

477 3903 621 3980 fuit,
657 3915 731 3970 ut
764 3904 825 3971 ei
859 3905 1149 3974 desinere
1182 3929 1299 3994 per
1332 3908 1541 3974 omnis
1578 3908 1869 3976 homines
1901 3910 2138 3994 liceret.
2221 3905 2276 3970 is
2307 3902 2489 3967 iurare
2613 3905 2615 3962 ἐ

480 4018 627 4060 cum
672 3999 1013 4084 coepisset,
1067 4023 1193 4067 vox
1246 4025 1396 4068 eum
1441 4002 1676 4069 defecit
1725 4004 1792 4070 in
1845 4003 1954 4070 ino
1996 4003 2137 4068 loco
2189 3998 2271 4064 ‘si
2311 3993 2487 4059 sciens

476 4090 673 4155 fallo.’
762 4093 917 4176 quid
969 4095 1084 4160 tibi
1136 4118 1259 4182 ego
1313 4097 1438 4162 alia
1475 4097 1770 4164 narrem?
1821 4097 1988 4164 nosti
2031 4095 2198 4163 enim
2240 4088 2484 4171 reliqums
