2675 4559
425 195 505 259 ΤΒ
1027 202 1106 257 Μ.
1143 201 1417 259 TULLII
1449 200 1849 260 CICERONIS

420 343 485 395 et.
529 352 641 393 nos
689 350 879 415 saepe
929 325 1299 402 incidimus,
1352 323 1526 391 hisce
1578 324 1969 409 temporibus
2012 348 2144 392 non
2192 327 2475 415 pessime

420 448 569 491 sum
605 427 681 487 iis
717 447 858 487 esse
892 432 1137 497 actum,
1183 419 1418 505 quibus
1457 419 1592 484 sine
1629 419 1847 485 dolore
1888 420 2134 485 licitum
2169 432 2269 487 est
2302 444 2479 487 mor-

420 535 549 583 tem
597 543 741 579 eum
789 515 919 580 vita
963 513 1394 580 commutare?
1446 513 1603 597 quid
1654 523 1867 579 autem
1910 513 2036 579 fuit
2077 516 2255 600 quod
2296 517 2479 581 illam

420 615 541 679 lme
581 627 860 695 {surpere
897 610 979 675 ad
1024 608 1371 674 vivendum
1405 628 1642 693 magno
1678 629 1870 692 opere
1904 608 2174 675 invitare
2216 611 2481 697 posset?

420 731 585 791 quae
625 707 761 771 res?
805 726 970 787 quae
1007 704 1190 790 spes?
1234 702 1411 786 quod
1447 702 1642 767 animi
1678 702 2026 767 solacium?
2067 714 2141 769 ut
2174 727 2326 770 cum
2362 705 2484 769 ali-

420 827 549 887 que
613 803 1018 864 adulescente
1079 796 1382 883 primario
1446 796 1787 862 coniuncta
1848 808 2124 863 aetatem
2185 800 2483 884 gereret?

420 899 661 959 licitum
701 907 793 959 est
829 892 965 970 tibi,
1003 892 1213 969 cred0,
1248 914 1365 978 pro
1395 901 1507 956 tua
1532 890 1841 975 dignitate
1871 914 1952 956 ex
1988 892 2109 958 hac
2141 892 2484 959 iuventute

420 1015 725 1075 generum
777 987 1084 1074 deligere,
1130 986 1312 1053 cuius
1356 986 1508 1051 fidei
1551 986 1785 1051 liberos
1830 996 1975 1051 tuos
2019 997 2082 1053 te
2126 998 2263 1052 tuto
2301 1010 2482 1053 com-

424 1087 669 1147 mittere
721 1081 1004 1167 putares!
1060 1076 1143 1147 an
1177 1091 1252 1146 ut
1295 1102 1374 1153 ea
1416 1079 1650 1146 liberos
1685 1102 1769 1145 ex
1804 1102 1943 1147 sese
1977 1092 2256 1166 pareret,
2312 1104 2481 1165 quos

425 1203 569 1243 sum
609 1179 887 1243 timentis
931 1176 1175 1241 videret
1215 1175 1599 1241 laetaretur?
1644 1176 1755 1259 qui
1800 1198 1937 1241 rem
1972 1199 2011 1240 a
2046 1188 2309 1261 parente
2347 1190 2483 1242 tra-

425 1275 617 1335 [litam
657 1295 769 1355 per
805 1293 872 1335 se
918 1279 1134 1335 tenere
1175 1269 1472 1354 possent?
1515 1268 1787 1334 honores
1834 1270 2172 1335 ordinatim
2214 1271 2484 1357 petituri

425 1395 489 1431 es
493 1371 665 1431 sent?
717 1368 773 1427 in
813 1387 881 1430 re
915 1362 1248 1450 publica,
1229 1386 1297 1427 1n
1332 1362 1684 1428 amicorum
1721 1366 1994 1451 negotiis
2026 1366 2319 1431 libertate
2356 1390 2485 1432 sua

423 1463 633 1527 usuri?
681 1459 833 1543 quid
877 1459 1104 1523 horum
1139 1457 1261 1523 fuit
1296 1458 1472 1542 quod
1506 1480 1636 1523 non
1671 1458 1848 1545 prius
1887 1482 2083 1544 quam
2118 1461 2341 1527 datum
2380 1474 2485 1526 est

425 1559 793 1639 ademptmu
829 1553 947 1619 sit?
980 1558 1079 1617 ‘at
1113 1574 1264 1617 vero
1289 1553 1533 1619 malum
1560 1564 1657 1619 est
1691 1554 1926 1619 liberos
1956 1555 2283 1621 amittere.'
2340 1579 2485 1621 ma-

364 1683 368 1687 *
425 1655 581 1715 lum:
641 1651 757 1711 nisi
795 1647 916 1713 hoc
949 1646 1133 1733 peius
1170 1657 1295 1725 est,
1338 1646 1500 1712 haec
1544 1646 1812 1713 sufferre
1848 1658 1913 1713 et
1954 1650 2219 1735 perpeti.
2308 1671 2485 1734 quae

425 1771 521 1807 res
581 1747 729 1807 111il1i
785 1764 915 1807 non
967 1740 1355 1806 mediocrem
1414 1741 1912 1806 consolationem
1968 1742 2276 1820 attulerit,
2328 1744 2484 1809 volo

425 1843 533 1903 tihi
585 1853 1078 1903 suumnemorare
1091 1882 1110 1913 ,
1163 1835 1219 1899 si
1266 1835 1431 1899 forte
1470 1835 1694 1900 eadem
1730 1859 1834 1901 res
1878 1836 1995 1900 tibi
2038 1837 2322 1903 dolorem
2356 1838 2486 1903 mi-

425 1959 617 1999 nut-re
657 1935 866 2015 possit.
921 1953 1002 1995 ex
1035 1929 1200 1994 Asia
1233 1929 1507 2006 rediens,
1542 1951 1689 1994 cum
1725 1929 1809 1994 ab
1845 1931 2102 2016 Aegina
2135 1930 2488 2016 Megaram

425 2051 641 2091 versus
681 2027 1068 2107 navigarem,
1105 2022 1286 2107 coepi
1321 2022 1616 2107 regiones
1646 2024 2058 2089 circumcirca
2077 2026 2485 2111 prospicere:

420 2139 559 2205 pust
601 2143 697 2179 me
749 2128 881 2181 erat
916 2115 1200 2200 Aegina,
1251 2125 1398 2179 ante
1435 2139 1539 2181 me
1573 2116 1878 2201 Megara,
1926 2118 2149 2182 dextra
2182 2118 2485 2197 Piraeus,

420 2215 669 2275 sinis-tra
709 2208 1084 2286 Cerinthum
1131 2230 1297 2293 quae
1334 2210 1571 2295 oppida
1605 2211 1885 2295 quodam
1927 2222 2212 2298 tempore
2247 2213 2488 2279 floren-

420 2307 661 2371 tissima.
697 2307 982 2379 fuerunt,
1028 2324 1200 2367 nunc
1238 2315 1559 2389 prostrata
1594 2316 1660 2370 et
1694 2304 1903 2370 diruta
1948 2317 2095 2371 ante
2130 2306 2352 2372 oculos
2387 2308 2483 2373 ia-

420 2419 581 2463 cent.
693 2395 871 2483 nimpi
924 2407 1180 2482 egomet
1230 2419 1487 2463 mecum
1550 2398 1641 2464 sic
1695 2399 2004 2485 cogitare:
2080 2400 2287 2465 ‘hemi
2358 2422 2478 2465 nos

418 2495 785 2555 hennum-‚nli
823 2490 1260 2576 indignamur,
1298 2492 1353 2556 si
1387 2494 1531 2577 quis
1570 2504 1859 2559 nostrum
1893 2493 2128 2560 interiit
2163 2504 2277 2559 aut
2312 2495 2481 2560 occi-

416 2611 525 2651 sus
573 2603 661 2651 esf
681 2635 695 2658 ÷
745 2608 1012 2667 quorum
1058 2586 1190 2651 vita
1233 2586 1489 2652 brevior
1536 2609 1675 2654 esse
1712 2587 1931 2666 debet,
1986 2610 2133 2653 cum
2169 2610 2298 2653 uno
2335 2590 2476 2655 loco

420 2699 509 2747 tuf
549 2683 852 2767 officium
879 2680 1192 2745 cadavera
1226 2681 1513 2767 proiecta
1544 2682 1794 2747 iacent?
1828 2682 2009 2747 visne
2044 2695 2115 2748 tu
2142 2693 2226 2759 te,
2267 2681 2473 2761 Servi,

416 2779 713 2839 {tu-uhibere
761 2787 821 2839 et
863 2774 1226 2840 meminisse
1279 2774 1603 2864 hominem
1652 2786 1715 2840 te
1760 2799 1902 2841 esse
1944 2776 2231 2842 natum?’
2288 2778 2475 2843 crede

416 2875 597 2937 mihi..
657 2868 1039 2955 ‹za-*gitatione
1083 2891 1161 2933 ea
1211 2890 1342 2933 non
1394 2868 1799 2935 mediocriter
1852 2893 1995 2935 sum
2042 2871 2472 2937 confirmatus.

420 2967 533 3027 hose.
577 2967 769 3035 {dmm
821 2961 870 3027 si
905 2962 1023 3026 tibi
1058 2962 1340 3039 videtur,
1386 2962 1491 3027 fac
1528 2974 1675 3027 ante
1714 2964 1933 3029 oculos
1971 2964 2087 3030 tibi
2120 2987 2471 3051 proponas:

416 3059 605 3119 mmm-‚ln
645 3083 769 3119 mm
809 3071 1092 3142 tempore
1127 3066 1224 3121 tot
1256 3056 1380 3121 viri
1417 3058 1751 3123 clarissimi
1785 3059 2191 3138 interierunt3
2239 3061 2320 3125 de
2341 3057 2474 3125 ¹im-

416 3155 589 3239 perio
649 3152 862 3235 pepuli
896 3150 1174 3217 Romani
1227 3162 1407 3217 tanta
1452 3152 1801 3218 deminutio
1856 3154 2029 3219 facta
2074 3165 2197 3232 est3
2252 3176 2473 3221 omnes
2508 3152 2517 3159 ’

416 3251 777 3331 prm-inviae
817 3257 1277 3332 conquassatae
1313 3258 1490 3313 sunt:
1539 3248 1607 3313 in
1649 3248 1843 3314 unius
1887 3250 2300 3315 mulierculae
2338 3250 2473 3315 ani-

416 3347 589 3407 mula
625 3347 677 3407 si
717 3345 956 3408 iactura
989 3342 1326 3420 facta'est,
1366 3352 1542 3407 tanto
1579 3363 1772 3427 opere
1811 3344 2271 3409 commoveris?
2307 3366 2472 3427 quae

416 3439 465 3499 si
505 3443 625 3499 hm:
661 3451 945 3523 tzi=mpore
969 3460 1098 3502 non
1127 3437 1296 3515 diem
1331 3459 1523 3502 suum
1552 3438 1812 3516 obisset,
1848 3439 2071 3525 paucis
2106 3449 2253 3524 post
2289 3439 2471 3505 annis

416 3543 625 3591 {numu
673 3535 729 3591 vi
785 3530 1183 3595 moriendum
1234 3530 1386 3607 fuit,
1440 3532 1745 3615 quoniam
1798 3532 1991 3599 homo
2037 3545 2190 3598 nata
2242 3533 2471 3599 fuerat.

352 3643 376 3679 Ξ·
416 3627 605 3687 etia-un.
653 3635 719 3687 tu
769 3627 849 3687 ab
891 3624 1066 3690 hisce
1110 3624 1303 3690 rebus
1349 3626 1634 3692 animum
1682 3650 1760 3693 ao
1796 3629 2247 3715 cogitationem
2294 3639 2473 3693 tuam

416 3743 613 3783 amca,
653 3739 841 3803 :itque
885 3742 963 3785 ea
997 3718 1209 3804 potius
1253 3720 1689 3800 reminiscere,
1736 3744 1903 3807 quae
1940 3723 2137 3809 digna
2172 3734 2284 3788 tua
2327 3744 2473 3808 per-

415 3839 569 3879 enna
609 3831 777 3879 sumt:
837 3814 1037 3891 illam,
1092 3836 1288 3897 quam
1325 3815 1439 3881 diu
1476 3817 1535 3882 ei
1570 3839 1733 3903 opus
1768 3817 1992 3895 fuerit,
2030 3816 2296 3894 vixisse3
2343 3838 2474 3882 una

412 3931 557 3969 sun-1
589 3935 653 3971 m]
693 3908 950 3991 publica
983 3907 1211 4001 fuisse3
1249 3920 1333 3987 te,
1372 3922 1619 3997 patrem
1654 3934 1863 3988 suum,
1901 3922 2281 3997 praetorem,
2318 3930 2473 3975 con-

412 4003 633 4075 ffillffll,
669 4002 1238 4087 auguremvidisse
1249 4028 1268 4083 3
1306 4004 1824 4073 adulescentibus
1851 4006 2170 4092 primariis
2200 4014 2475 4092 nuptam
