2675 4559
482 155 610 241 216
1093 170 1170 223 M.
1208 169 1481 226 TULLII
1516 165 1917 226 mcssssoms

417 312 444 354 s
478 295 770 360 munium
831 291 1232 361 miseriarum
1291 291 1509 358 metu?
1570 291 1831 357 tandem
1890 290 2229 376 aliquando
2276 293 2487 362 Romae

477 413 617 457 esse
647 389 1001 474 coepimus:
1041 388 1196 472 quid
1222 386 1429 453 defuit
1454 397 1707 452 nostrae
1742 386 2192 452 familiaritati?
2224 389 2289 453 in
2318 391 2489 456 maxi-

475 484 596 549 mis
630 485 822 549 rebus
847 504 1130 568 quonam
1157 481 1349 548 modo
1384 503 1673 567 gererem
1699 501 1803 546 me
1834 479 2141 547 adversus
2162 478 2490 560 Caesarem,

473 601 628 643 usus
663 588 775 643 tuo
811 577 1075 643 consilio
1111 599 1286 655 sum,
1319 576 1389 642 in
1422 575 1683 660 reliquis
1718 573 1963 640 officio:
2008 575 2115 641 cui
2147 586 2221 641 tu
2252 577 2491 643 tribuisti

475 683 743 760 excepto
762 671 1043 757 Caesare
1077 682 1330 759 praeter
1361 693 1487 748 me,
1523 681 1598 736 ut
1632 670 1897 736 domum
1931 670 2273 738 ventitares
2305 671 2491 737 horas-

475 788 601 851 que
634 765 872 833 multas
916 789 1107 854 saepe
1143 765 1520 831 suavissimo
1556 785 1849 832 sermone
1886 765 2323 832 consumeres?
2361 777 2490 841 tum,

473 883 624 928 cum
658 859 872 940 etiam,
908 861 964 926 si
997 859 1372 937 meministi,
1407 870 1483 925 ut
1516 858 1677 925 haec
1712 858 2258 945 φιλοσοφούμενα
2292 858 2491 952 scribess

471 977 641 1032 rem,
691 965 765 1020 tu
805 977 910 1022 me
953 954 1256 1041 inpulisti.
1344 963 1491 1039 post
1528 949 1823 1018 Caesaris
1860 953 2169 1029 reditum,
2213 951 2363 1037 quid
2399 952 2492 1015 tibi

471 1049 698 1114 maiori
731 1072 923 1116 curae
957 1050 1109 1126 fuit,
1157 1070 1353 1132 quam
1385 1058 1458 1113 ut
1494 1069 1699 1114 essem
1734 1069 1856 1134 ego
1891 1047 1983 1111 illi
2018 1067 2215 1132 quam
2259 1045 2495 1112 familia-

411 1167 440 1208 ο
471 1145 800 1210 rissimus?
850 1144 1024 1230 quod
1076 1142 1400 1212 effeceras.
1506 1164 1813 1226 quorsum
1865 1143 2063 1228 igitur
2114 1142 2275 1210 haec
2326 1142 2491 1207 oratio

470 1239 742 1326 longior,
781 1261 974 1323 quam
1009 1239 1345 1324 putaram?
1380 1238 1531 1323 quia
1558 1261 1709 1304 sum·
1730 1237 2079 1306 admiratus
2114 1249 2200 1328 te,
2237 1237 2341 1323 qui
2364 1237 2492 1303 haec

469 1355 658 1400 nosse
702 1333 966 1400 deberes
978 1380 999 1411 ,
1051 1333 1397 1418 quicquam
1440 1355 1479 1398 a
1517 1355 1621 1398 me
1670 1333 2110 1412 commissum,
2158 1333 2327 1418 quod
2358 1343 2493 1398 esset

469 1427 749 1494 alienum
799 1438 1016 1493 nostra
1067 1427 1374 1503 amicitia,
1428 1426 1803 1493 credidisse:
1855 1451 2007 1495 nam
2052 1438 2305 1513 praeter
2342 1426 2491 1502 haec,

469 1541 636 1606 quae
673 1522 1186 1599 commemoravi,
1224 1543 1391 1606 quae
1424 1525 1674 1588 testata
1690 1532 1839 1588 sunt
1873 1532 1941 1587 et
1970 1519 2285 1600 inlustria,
2317 1520 2491 1585 habeo

467 1615 674 1680 multa
701 1614 1067 1694 occultiora,
1103 1639 1270 1700 quae
1295 1617 1407 1680 vix
1431 1615 1643 1682 verbis
1680 1616 1945 1700 exsequi
1978 1637 2263 1702 possum.
2315 1613 2493 1680 omnia

467 1731 574 1774 me
615 1720 728 1775 tua
779 1711 1126 1788 delectant,
1181 1711 1294 1776 sed
1350 1711 1625 1775 maxime
1673 1707 2017 1797 [maxima]
2068 1733 2218 1776 cum
2256 1709 2403 1776 fides
2440 1709 2492 1772 in

469 1803 747 1872 amicitia
761 1853 781 1882 ,
819 1805 1181 1882 consilium,
1217 1805 1499 1891 gravitas
1512 1853 1530 1882 ‚
1568 1804 1951 1881 constantia,
1987 1815 2131 1870 tum
2164 1807 2366 1892 lepos,
2398 1803 2493 1868 hu-

467 1899 772 1974 manitas,
815 1899 1083 1965 litterae.
1173 1909 1561 1985 quapropter
1604 1898 1797 1964 redeo
1842 1919 2018 1964 nunc
2055 1899 2141 1965 ad
2186 1899 2491 1984 querelam.

408 2011 433 2051 '1
471 2013 593 2076 ego
639 2002 704 2057 te
751 1992 1132 2079 suffragium
1177 1992 1415 2059 tulisse‘
1443 1993 1510 2057 in
1552 1992 1663 2059 illa
1704 1992 1849 2078 lege
1891 1993 2176 2077 primum
2220 2015 2344 2058 non
2372 2003 2493 2056 ‘cre-

469 2085 630 2162 didi3
687 2085 946 2163 deinde,
1001 2087 1056 2151 si
1109 2086 1547 2162 credidissem,
1600 2107 1953 2170 numquam
2004 2086 2077 2150 id
2131 2087 2265 2153 sine
2316 2085 2492 2168 aliqua

465 2178 632 2242 iusta
669 2199 863 2244 causa
898 2179 1326 2245 existimarem
1362 2191 1425 2246 te
1460 2181 1708 2247 fecisse.
1782 2179 2063 2266 dignitas
2100 2191 2215 2247 tua
2246 2180 2403 2257 facit,
2436 2187 2491 2240 ut

463 2271 1027 2350 animadvertatur,
1063 2273 1370 2358 quicquid
1405 2274 1635 2352 facias3
1679 2275 2135 2341 malevolentia
2168 2287 2373 2340 autem
2400 2272 2491 2336 ho-

463 2363 739 2442 minum,
783 2375 858 2430 ut
899 2387 1028 2430 non
1071 2368 1250 2432 nulla
1285 2367 1538 2446 durius,
1577 2391 1773 2454 quam
1807 2392 1849 2433 a
1880 2380 1945 2435 te
1979 2368 2156 2436 facta
2188 2369 2338 2446 sint,
2370 2387 2489 2473 pro-

462 2458 778 2524 ferantur·
834 2483 910 2526 ea
943 2469 1015 2526 ιιι
1052 2459 1106 2525 si
1140 2483 1270 2526 non
1306 2461 1521 2540 audis,
1567 2463 1725 2547 quid
1760 2462 1998 2540 dicam,
2044 2465 2291 2540 nescio;
2342 2459 2489 2544 equi-

463 2551 642 2630 dem,
688 2553 744 2618 si
779 2554 1036 2665 quando
1071 2555 1292 2633 audio,
1342 2565 1477 2620 tam
1517 2556 1819 2660 defende,
1849 2579 2045 2641 quam
2080 2581 2187 2623 me
2223 2555 2347 2624 scio
2379 2578 2413 2618 a
2440 2564 2491 2617 te

461 2657 683 2714 contra
729 2649 985 2734 iniquos
1019 2670 1196 2715 meos
1234 2651 1439 2716 solere
1475 2650 1754 2717 defendi.
1844 2650 2135 2718 defensio
2170 2661 2375 2717 autem
2412 2657 2489 2712 est

462 2740 730 2851 duplex.
768 2745 893 2810 alia
927 2755 1096 2822 sunt,
1131 2765 1298 2829 quae
1331 2743 1577 2829 liquido
1605 2765 1855 2832 negare
1880 2747 2145 2824 soleam,
2181 2757 2254 2824 ut
2285 2745 2359 2810 de
2390 2742 2489 2806 isto

457 2835 601 2922 ipso
637 2837 974 2922 suffragiu,
1021 2838 1177 2917 alia,
1225 2859 1391 2924 quae
1428 2838 1769 2906 defendam
1805 2862 1844 2905 a
1886 2851 1950 2906 te
1992 2841 2101 2928 pie
2136 2841 2273 2908 fieri
2306 2848 2364 2906 et
2392 2836 2488 2902 hu-

400 2949 426 2988 8
458 2952 668 3006 mane,
705 2941 780 2996 ιιι
815 2931 894 2996 de
931 2933 1258 2998 curatione
1293 2933 1612 2999 ludorum.
1669 2935 1784 3000 sed
1818 2944 1903 3012 te,
1938 2933 2264 3002 hominem
2290 2930 2487 2998 doctis-

461 3023 724 3103 simum,
777 3047 908 3090 non
960 3026 1160 3112 fugit,
1218 3027 1272 3092 si
1328 3024 1572 3094 Caesar
1622 3051 1736 3096 rex
1788 3029 1983 3096 fuerit
2015 3067 2107 3078 --
2140 3029 2310 3115 quod
2358 3022 2485 3090 mihi

457 3117 722 3202 quidem
764 3119 1018 3212 videtur
1059 3157 1174 3204 -÷—,
1227 3121 1297 3186 in
1337 3133 1677 3206 utramque
1730 3135 1979 3210 partem
2016 3125 2105 3190 de
2150 3136 2261 3189 tuo
2302 3117 2483 3188 officio

457 3212 772 3300 disputari
804 3207 1026 3302 posse,
1071 3215 1227 3281 vel
1208 3239 1278 3280 ιιι
1313 3239 1488 3294 eam,
1535 3237 1664 3300 qua
1706 3239 1829 3304 ego
1868 3219 2043 3285 soleo
2078 3216 2203 3297 uti,
2246 3214 2482 3282 laudan·

455 3307 607 3374 dam
641 3326 784 3374 esse
819 3308 1013 3376 fidem
1043 3321 1108 3376 et
1139 3309 1603 3378 humanitatem
1637 3322 1837 3390 tuam,
1873 3311 1984 3396 qui
2013 3311 2288 3378 amicum
2320 3306 2481 3374 etiam

452 3413 774 3468 mortuum
805 3403 1055 3490 diligas,
1091 3404 1241 3470 vel
1222 3428 1286 3469 ιιι
1317 3427 1481 3483 eam,
1511 3427 1639 3490 qua
1665 3428 1796 3471 non
1823 3405 1985 3472 nulli
2011 3416 2293 3483 utuntur,
2319 3403 2481 3469 liber-

455 3505 653 3560 tatem
687 3496 935 3583 patriae
971 3498 1140 3564 vitae
1177 3499 1367 3564 amici
1402 3499 1937 3586 anteponendam.
2023 3523 2105 3566 ex
2140 3499 2240 3565 his
2275 3514 2481 3564 sermo-

455 3591 648 3658 nibus
700 3591 946 3660 utinam
992 3604 1204 3659 essent
1249 3592 1501 3660 delatae
1543 3593 1627 3660 ad
1680 3605 1744 3660 te
1799 3594 2257 3681 disputationes
2298 3583 2477 3656 meae!

450 3684 562 3752 illa
596 3708 749 3752 vero
785 3688 948 3764 duc,
1001 3709 1168 3771 quae
1211 3687 1495 3754 maxima
1528 3699 1678 3754 sunt
1718 3687 1985 3756 laudum
2030 3699 2308 3762 tuarum,
2358 3678 2478 3768 quis

453 3792 564 3846 aut
606 3780 910 3848 libentius
955 3803 1151 3866 quam
1196 3805 1319 3870 ego
1356 3795 1812 3850 commemorat
1846 3793 1959 3850 aut
1999 3781 2291 3870 saepius?
2339 3788 2394 3842 te
2424 3781 2476 3839 et

449 3895 579 3939 non
614 3877 1026 3962 suscipiendi
1039 3877 1192 3944 belli
1225 3879 1431 3946 civilis
1466 3879 1917 3967 gravissimum
1950 3888 2273 3945 auctorem
2303 3871 2474 3936 fuisse

453 3978 516 4031 et
551 3967 981 4036 moderandae
1016 3972 1340 4052 victoriae,
1378 3975 1445 4040 in
1481 3997 1629 4060 quo,
1665 3975 1777 4059 qui
1809 3974 1967 4040 mihi
2000 3995 2127 4039 non
2162 3963 2471 4038 adsentire·
