2675 4559
477 181 609 246 284
1093 179 1172 236 M.
1207 178 1483 238 TULLII
1518 175 1919 236 CICERONIS

476 313 650 402 quod
684 310 1029 396 quicquam
1064 313 1425 391 exspectes3
1471 313 1621 368 tuus
1665 299 1838 367 enim
1871 301 2270 368 necessarius
2308 301 2533 368 adfini·

471 420 605 476 tate
639 427 810 472 nova
841 399 1224 469 delectatur:
1265 397 1484 482 itaque
1525 398 1656 462 iam
1688 416 1819 462 non
1856 404 1955 461 est
1988 395 2318 462 studiosus
2352 395 2532 462 ludo-

475 525 621 569 rum
653 496 1030 580 infinitoque
1063 491 1279 560 fratris
1312 491 1409 557 tui
1441 490 1673 577 plausu
1707 489 2109 575 dirumpitur.
2180 490 2344 556 alter
2384 491 2539 557 item

478 595 706 662 adfinis
745 591 930 658 novis
987 585 1457 656 commentatiis
1501 581 1799 652 Caesaris
1844 583 2161 650 delenitus
2216 595 2335 652 est.
2426 589 2540 654 sed

475 692 638 758 haec
671 684 1052 755 tolerabilia:
1087 681 1248 750 illud
1279 701 1412 748 non
1440 679 1798 755 ferendum,
1828 679 2004 764 quod
2030 690 2147 757 est,
2182 680 2299 766 qui
2326 694 2539 748 vestro

381 770 388 831 Ῐ
479 806 646 852 anno
689 781 894 848 filium
947 799 1136 846 suum
1182 773 1508 842 consulem
1560 772 1853 840 futurum
1902 783 2088 860 putet
2130 773 2217 838 ob
2263 797 2540 860 eamque

419 897 446 938 s
481 899 743 946 causam
776 897 846 942 se
881 872 1034 938 huic
1065 869 1297 936 latroni
1331 867 1652 934 deservire
1686 888 1843 953 prae
1888 886 1958 933 se
1992 866 2177 934 ferat.
2264 891 2426 934 nam
2460 867 2539 932 L.

484 969 680 1039 Cotta
712 965 1044 1036 familiaris
1078 985 1260 1030 meus
1295 961 1477 1028 fatali
1512 960 1793 1046 quadam
1822 959 2286 1047 desperatione,
2324 974 2401 1028 ut
2436 963 2542 1040 ait,

482 1067 694 1131 minus
727 1063 798 1130 in
841 1071 1134 1128 senatum
1169 1057 1342 1124 venit
1354 1081 1375 1134 3
1418 1055 1502 1120 L.
1543 1051 1814 1131 Caesar,
1860 1054 2139 1142 optimus
2173 1066 2239 1123 et
2270 1055 2546 1124 fortissi-

480 1183 627 1228 mus
663 1157 840 1236 civis,
875 1153 1240 1222 valetudine
1273 1151 1625 1238 inpeditum
1664 1147 1803 1218 Ser.
1826 1148 2151 1237 Sulpicius
2188 1161 2255 1218 et
2289 1174 2545 1217 summa

483 1253 860 1323 auctoritate
904 1259 969 1317 et
1011 1246 1249 1334 optime
1293 1245 1576 1312 sentiens
1620 1266 1751 1310 non
1796 1243 1997 1310 adest.
2094 1243 2381 1330 reliquos
2436 1269 2543 1313 ex-

479 1347 682 1438 ceptis
719 1342 1070 1430 designatis
1103 1341 1367 1427 ignosce
1403 1339 1563 1405 mihi
1600 1339 1656 1404 si
1688 1361 1819 1404 non
1863 1361 2131 1404 numero
2166 1340 2543 1406 consularis.

481 1442 682 1510 habes
717 1449 1009 1505 auctores
1045 1435 1293 1502 consilii
1326 1433 1597 1520 publici:
1633 1433 1749 1518 qui
1781 1451 2087 1499 numerus
2122 1433 2319 1500 etiam
2354 1435 2542 1500 bonis

481 1536 676 1603 rebus
709 1532 980 1618 exiguus
1013 1540 1202 1606 esset,
1239 1528 1398 1612 quid
1425 1549 1647 1594 censes
1680 1525 1985 1614 perditis?
2017 1549 2148 1612 qua
2172 1551 2245 1594 re
2268 1550 2426 1615 spes
2456 1541 2550 1594 est

483 1630 689 1698 omnis
723 1627 792 1694 in
825 1625 1030 1704 vobis,
1066 1623 1180 1710 qui
1214 1623 1271 1689 si
1303 1621 1545 1690 idcirco
1580 1621 1847 1699 abestis,
1882 1633 1959 1686 ut
1990 1621 2127 1688 sitis
2160 1621 2230 1687 in
2264 1633 2432 1701 tute,
2468 1646 2547 1689 ne

485 1727 554 1792 in
588 1723 772 1792 vobis
807 1720 1098 1806 quidem:
1145 1717 1245 1784 sin
1291 1716 1533 1802 aliquid
1577 1715 1841 1802 dignum
1878 1727 2093 1782 vestra
2125 1717 2337 1803 gloria
2372 1718 2551 1804 cogi-

485 1818 656 1896 tatis,
691 1815 884 1884 velim
918 1813 1112 1881 salvis
1146 1811 1332 1878 nobis
1343 1835 1364 1890 3
1400 1812 1500 1876 sin
1532 1808 1601 1875 id
1635 1809 1867 1886 minus,
1902 1831 2005 1876 res
2039 1820 2255 1876 tamen
2287 1812 2551 1898 publica

486 1934 604 1999 per
645 1933 762 1977 vos
813 1907 999 1975 brevi
1043 1917 1332 1993 tempore
1374 1905 1476 1970 ius
1529 1925 1721 1996 suum
1762 1900 2163 1990 reciperabit.
2252 1925 2379 1992 ego
2422 1907 2547 1972 tuis

486 2027 698 2092 neque
733 2003 960 2069 desum
995 2021 1206 2086 neque
1241 1999 1464 2065 deero:
1510 1997 1622 2082 qui
1666 1997 1802 2063 sive
1846 1997 1929 2062 ad
1972 2019 2077 2064 me
2110 1997 2398 2066 referent
2428 2003 2548 2066 sive

488 2123 612 2165 non
645 2097 932 2184 referent,
968 2116 1114 2161 mea
1147 2093 1264 2158 tibi
1300 2105 1516 2159 tamen
1550 2091 1995 2160 benevolentia
2037 2091 2330 2178 fidesque
2364 2115 2545 2182 prae-

487 2190 778 2258 stabitur.
867 2189 1028 2256 vale.

1462 2337 1571 2394 ΙΙΙ.

805 2440 924 2498 Scr.
941 2421 1156 2496 Romae
1173 2439 1405 2495 ineunte
1422 2456 1615 2498 mense
1634 2438 1868 2496 Octobri
1885 2456 1939 2496 a.
1960 2457 2001 2495 u
2012 2483 2025 2496 .
2036 2457 2091 2498 c.
2104 2439 2224 2496 710.

1117 2541 1395 2598 CICERO
1432 2540 1703 2599 CASSIO
1739 2541 1905 2598 SAL.

407 2673 454 2725 '1
559 2697 570 2706 .
618 2661 840 2748 Auget
865 2669 1014 2725 tuus
1043 2656 1288 2723 amicus
1313 2657 1596 2724 furorem
1622 2655 1691 2723 in
1718 2657 1883 2723 dies:
1918 2657 2201 2744 primum
2224 2658 2297 2723 in
2321 2669 2547 2735 statua,

487 2779 684 2841 quam
720 2755 937 2842 posuit
979 2752 1048 2818 in
1079 2752 1331 2830 rostris,
1376 2752 1698 2838 inscripsit
1736 2774 2004 2818 rmum
2037 2774 2265 2818 orrum
2300 2775 2546 2829 numm,

489 2861 563 2914 ut
595 2871 725 2914 non
751 2848 944 2913 modo
973 2845 1203 2923 sicarii,
1239 2846 1355 2913 sed
1387 2847 1518 2912 iam
1546 2846 1738 2912 etiam
1772 2845 2125 2932 parricidae
2158 2847 2547 2925 indicemini,

485 2942 643 3027 quid
668 2939 833 3020 dico,
867 2941 1274 3008 indicemini?
1305 2941 1663 3008 iudicemur
1696 2940 1910 3027 potius
1921 2965 1941 3019 ;
1976 2941 2175 3007 vestri
2201 2941 2375 3007 enim
2408 2943 2546 3028 pul-

487 3035 784 3102 cherrimi
817 3035 970 3101 facti
995 3035 1104 3102 ille
1137 3035 1419 3101 furiosus
1448 3059 1552 3102 me
1584 3035 1941 3123 principem
1968 3035 2121 3102 dicit
2148 3035 2371 3102 fuisse.
2428 3037 2543 3101 uti-

487 3153 638 3196 nam
689 3131 950 3216 quidem
1001 3129 1296 3197 fuissem!
1362 3131 1669 3197 molestus
1719 3129 1907 3197 nobis
1958 3151 2091 3196 non
2147 3142 2335 3197 esset.
2436 3129 2543 3196 sed

486 3225 610 3292 hoc
645 3235 928 3292 vestrum
965 3233 1090 3303 est3
1127 3224 1642 3309 quodquoniam
1674 3224 2032 3312 praeteriit,
2065 3223 2317 3291 utinam
2352 3224 2543 3291 habe-

487 3343 624 3387 rem
659 3320 816 3405 quid
858 3319 1042 3385 vobis
1079 3319 1298 3385 darem
1335 3317 1613 3386 consilii!
1660 3319 1776 3385 sed
1809 3340 1892 3385 ne
1936 3319 2093 3385 mihi
2126 3319 2393 3404 quidem
2428 3317 2543 3406 ipsi

365 3451 370 3454 -
487 3415 735 3500 reperio
771 3413 929 3498 quid
962 3413 1338 3480 faciundum
1373 3413 1473 3478 sit.
1547 3413 1704 3498 quid
1740 3413 1911 3480 enim
1946 3424 2070 3492 est,
2117 3414 2293 3500 quod
2330 3425 2545 3480 contra

427 3525 453 3564 2
489 3507 622 3573 vim
657 3507 794 3574 sine
838 3506 904 3572 vi
937 3507 1077 3573 fieri
1120 3507 1361 3594 possit?
1406 3507 1744 3575 consilium
1788 3529 1977 3574 omne
2024 3519 2241 3575 autem
2287 3507 2412 3576 hoc
2456 3518 2544 3575 est
2570 3503 2595 3530 ⁰

487 3602 772 3680 illorum,
825 3612 900 3668 ut
942 3613 1211 3669 mortem
1247 3599 1546 3669 Caesaris
1590 3613 2060 3690 persequantur
2067 3627 2088 3681 ;
2138 3603 2357 3688 itaque
2405 3613 2542 3668 ante

489 3694 660 3764 diem
701 3718 786 3763 vr.
823 3695 992 3763 Non.
1031 3695 1181 3764 Oct.
1227 3699 1583 3785 productus
1627 3699 1697 3764 in
1741 3699 2103 3766 contionem
2146 3723 2187 3765 a
2224 3697 2541 3768 Cannutio

487 3789 853 3878 turpissime
893 3792 1000 3860 ille
1045 3793 1305 3880 quidem
1351 3793 1669 3871 discessit,
1724 3793 1837 3862 sed
1880 3804 2095 3860 tamen
2140 3815 2219 3860 ea
2264 3793 2426 3859 dixit
2470 3791 2540 3856 de

489 3887 1040 3954 conservatoribus
1074 3889 1340 3976 patriae,
1378 3911 1544 3976 quae
1580 3889 1707 3955 dici
1741 3889 2051 3957 deberent
2084 3884 2165 3954 de
2210 3885 2537 3975 proditori-

487 3975 608 4042 bus
617 4002 638 4056 3
685 3980 766 4048 de
809 4005 914 4048 me
958 3983 1216 4069 quidem
1249 4007 1383 4050 non
1416 3983 1812 4064 dubitanter,
1848 3983 2005 4069 quin
2040 3983 2258 4050 omnia
2292 3983 2372 4050 de
2404 4001 2537 4046 meo
