2675 4559
466 279 597 346 294
1082 291 1159 344 Μ.
1196 289 1474 346 TULLII
1509 287 1915 346 CICERONIS

464 437 637 482 nunc
680 425 793 480 aut
834 412 1283 500 magistratum
1326 423 1564 498 gerunt
1599 424 1710 476 aut
1743 433 1884 489 eoo,
1931 411 2042 496 qui
2085 425 2231 479 sunt
2270 413 2333 480 in
2371 438 2482 479 ma·

462 509 758 594 gistratu,
791 509 861 574 in
896 531 1015 572 sua
1048 507 1290 573 habent
1326 517 1664 592 potestate.
1717 505 1935 589 itaque
1970 505 2194 572 eadem
2227 507 2484 592 superbia

463 603 533 668 in
566 603 881 688 pravitate
915 612 1213 668 utuntur:
1249 623 1526 686 quorum
1564 599 2018 686 inprobitatem
2051 601 2377 686 aliquando
2405 625 2485 668 re-

464 695 649 762 tundi
682 707 747 762 et
779 718 912 762 non
954 696 1089 782 pati
1131 695 1490 782 inpunitate
1535 693 1760 782 augeri
1801 716 1932 760 non
1975 695 2184 760 solum
2227 696 2370 761 utile
2407 709 2483 760 est

464 790 559 856 rei
602 791 901 875 publicae
936 803 1223 867 nostrae,
1268 789 1384 856 sed
1431 789 1622 854 etiam
1658 788 2109 855 necessarium.
2197 790 2273 856 de
2305 802 2484 856 nostra

465 884 775 972 dignitate
824 886 1019 952 velim
1064 885 1180 950 tibi
1226 896 1298 950 ut
1333 906 1588 970 semper
1621 905 1814 951 curae
1851 883 1934 948 sit
1977 895 2070 962 et,
2123 905 2485 968 quocumque

464 989 752 1064 tempore
800 979 1203 1046 occasionem
1236 979 1570 1056 habueris,
1607 989 1674 1044 et
1704 979 1774 1044 in
1809 989 2034 1044 senatu
2071 990 2138 1046 et
2171 979 2380 1046 ceteris
2407 1001 2485 1042 re-

462 1072 587 1140 bus
618 1073 797 1139 laudi
830 1085 1085 1140 nostrae
1114 1073 1488 1162 suffragere.
1543 1074 1850 1158 quoniam
1877 1074 2248 1140 consulibus
2273 1074 2487 1140 decreta

464 1176 564 1232 est
594 1168 759 1233 Asia
794 1179 860 1233 et
892 1168 1279 1254 permissum
1314 1179 1412 1233 est
1446 1168 1526 1233 iis
1560 1179 1652 1244 ut,
1691 1167 1845 1234 dum
1880 1167 2005 1255 ipsi
2049 1167 2359 1244 venirent,
2399 1166 2487 1230 da-

462 1271 605 1326 rent
636 1261 985 1348 negotium,
1023 1262 1133 1344 qui
1150 1260 1383 1326 Asiam
1409 1262 1759 1340 obtineant,
1795 1284 1952 1349 rogo
1987 1273 2076 1342 te,
2113 1274 2289 1348 petas
2313 1262 2386 1328 ab
2409 1261 2485 1335 iis,

462 1364 534 1417 ut
586 1353 753 1418 hanc
806 1353 1183 1439 dignitatem
1236 1355 1643 1440 potissimum
1695 1356 1879 1422 nobis
1923 1357 2212 1422 tribuant
2258 1369 2318 1424 et
2361 1354 2485 1419 mihi

462 1447 615 1513 dent
650 1448 1000 1534 negotium,
1038 1459 1109 1514 ut
1136 1449 1367 1515 Asiam
1397 1449 1742 1528 obtineam,
1780 1451 1937 1517 dum
1969 1452 2259 1538 ipsorum
2293 1451 2486 1516 alteru-

461 1555 557 1608 ter
592 1543 787 1609 venit.
838 1567 1013 1621 nam,
1046 1545 1223 1628 quod
1256 1545 1388 1612 huc
1419 1558 1762 1632 properent
1795 1548 1864 1612 in
1899 1548 2280 1633 magistratu
2306 1545 2484 1613 venire

460 1647 573 1702 aut
625 1638 977 1706 exercitum
1028 1639 1281 1708 mittere
1294 1688 1313 1718 ,
1367 1663 1632 1707 causam
1673 1663 1806 1708 non
1857 1641 2134 1708 habent:
2187 1640 2486 1708 Dolabella

461 1731 633 1800 enim
669 1733 739 1798 in
768 1731 961 1819 Syria
994 1745 1113 1811 est,
1150 1746 1235 1812 et,
1272 1747 1347 1800 ut
1381 1747 1454 1801 tu
1491 1735 1710 1802 divina
1746 1747 1858 1801 tua
1893 1747 2112 1802 mente
2147 1732 2484 1823 prospexisti

460 1838 525 1894 et
558 1827 973 1911 praedicasti,
1009 1828 1167 1894 dum
1198 1829 1305 1894 isti
1351 1829 1644 1907 veniunt,
1677 1827 1941 1896 Cassius
1991 1854 2146 1898 eum
2180 1830 2483 1917 opprimet3

460 1921 757 1986 exclusus
794 1923 963 1988 enim
998 1922 1085 1987 ab
1112 1922 1476 1990 Antiochea
1503 1922 1848 1990 Dolabella
1883 1935 1948 1991 et
1981 1925 2054 1992 in
2089 1921 2479 2012 oppugnando

458 2015 626 2080 male
664 2028 988 2101 acceptus,
1023 2017 1201 2082 nulla
1236 2018 1364 2084 alia
1389 2017 1666 2084 confisus
1694 2019 1876 2096 urbe,
1906 2019 2318 2095 Laodiceam,
2347 2037 2480 2102 quae

458 2119 557 2173 est
588 2109 657 2172 in
694 2107 887 2193 Syria
922 2111 1005 2174 ad
1040 2134 1237 2188 mare,
1274 2134 1344 2178 se
1381 2113 1666 2178 eontulit.
1719 2113 1810 2178 ibi
1837 2136 2022 2199 spero
2059 2114 2340 2182 celeriter
2363 2131 2479 2176 eum

458 2222 699 2285 poenas
746 2203 1045 2268 daturum
1056 2229 1075 2282 3
1128 2229 1279 2272 nam
1325 2229 1537 2292 neque
1582 2229 1710 2292 quo
1752 2207 2034 2294 refugiat
2081 2208 2274 2277 habet
2310 2225 2478 2288 neque

458 2294 696 2360 diutius
757 2297 849 2360 ibi
909 2298 1145 2383 poterit
1196 2311 1449 2366 tantum
1503 2302 1851 2368 exercitum
1907 2299 2122 2370 Cassii
2175 2301 2476 2370 sustinere:
2513 2347 2519 2356 .

458 2409 646 2474 spero
682 2389 878 2455 etiam
914 2390 1277 2459 confectum
1314 2417 1454 2462 esse
1497 2397 1630 2462 iam
1663 2407 1728 2462 et
1762 2418 2146 2482 oppressum
2183 2393 2478 2484 [Dolabel-

454 2480 635 2568 lam].
666 2551 673 2556 ,
708 2505 839 2568 qua
872 2508 942 2552 re
976 2507 1108 2552 non
1142 2499 1301 2573 puto
1335 2488 1622 2556 Pansam
1659 2504 1721 2557 et
1755 2491 2043 2558 Hirtium
2079 2493 2150 2558 in
2185 2489 2478 2558 consulatu

454 2588 903 2662 properaturos
938 2579 1010 2646 in
1041 2580 1405 2666 provincias
1442 2584 1636 2663 exire,
1673 2584 1788 2651 sed
1805 2585 2056 2652 Romae
2085 2598 2330 2654 acturos
2355 2603 2480 2648 con-

454 2669 764 2739 sulatum:
810 2673 1056 2757 itaque,
1104 2674 1160 2740 si
1194 2677 1278 2742 ab
1312 2677 1392 2742 iis
1427 2680 1715 2764 petieris,
1765 2691 1838 2747 ut
1869 2679 2119 2748 interea
2152 2679 2327 2746 nobis
2355 2697 2478 2762 pro·

454 2766 850 2833 curationem
884 2770 1080 2836 Asiae
1116 2771 1298 2849 dent,
1334 2795 1524 2859 spero
1559 2786 1622 2840 te
1657 2795 1848 2860 posse
1881 2776 2240 2862 impetrare.
2323 2791 2478 2857 prae-

453 2868 629 2924 terea
663 2861 819 2924 mihi
854 2865 1281 2946 promiserunt
1296 2865 1518 2934 Pansa
1543 2879 1606 2934 et
1621 2869 1874 2936 Hirtius
1911 2892 2130 2936 coram
2164 2878 2228 2938 et
2259 2861 2473 2936 absenti

450 2950 611 3017 mihi
662 2953 1050 3042 scripserunt
1094 2957 1454 3045 Verrioque
1505 2973 1722 3028 nostro
1768 2963 1987 3030 Pansa
2039 2962 2380 3030 adfirmavit
2418 2979 2472 3023 se

452 3043 750 3110 daturum
796 3069 1083 3134 operam,
1137 3076 1219 3119 ne
1264 3055 1333 3118 in
1379 3077 1494 3120 suo
1531 3057 1864 3124 consulatu
1911 3058 2068 3126 mihi
2111 3057 2470 3126 succedatur·

452 3160 573 3224 ego
607 3161 799 3224 porro
826 3163 955 3208 non
981 3147 1231 3214 medius
1256 3148 1448 3214 fidius
1475 3149 1821 3235 cupiditate
1849 3153 2214 3237 provinciae
2238 3143 2469 3236 produci

448 3233 704 3320 longius
750 3238 1029 3322 spatium
1062 3241 1219 3307 mihi
1263 3244 1411 3310 volo
1419 3269 1439 3321 3
1485 3267 1634 3308 nam
1667 3244 1824 3310 mihi
1867 3244 1992 3312 fuit
2023 3246 2148 3312 ista
2178 3239 2468 3332 provincia

444 3328 637 3412 plena
667 3329 905 3398 laboris
918 3380 937 3410 ‚
989 3336 1283 3419 periculi,
1338 3337 1730 3418 detrimenti,
1784 3360 1950 3424 quae
1987 3362 2110 3426 ego
2144 3361 2224 3405 ne
2263 3337 2468 3402 frustra

446 3421 753 3488 subierim
804 3449 967 3492 neve
1020 3429 1229 3513 prius,
1292 3453 1486 3516 quam
1539 3432 1840 3517 reliquias
1901 3457 2084 3501 meae
2137 3428 2466 3518 diligentiae

446 3535 817 3602 consequar,
856 3521 1163 3590 decedere
1192 3546 1408 3610 cogar,
1445 3526 1634 3592 valde
1668 3527 1912 3594 laboro.
1966 3552 2136 3606 nam,
2173 3528 2226 3593 si
2257 3521 2464 3612 potuis·

444 3631 601 3688 Sem,
618 3633 815 3695 quam
840 3637 1183 3702 exegeram
1209 3619 1570 3704 pecuniam,
1589 3620 1955 3688 universam
1983 3622 2250 3697 mittere,
2273 3626 2464 3704 postu-

442 3704 642 3770 larem
692 3719 767 3774 ut
818 3709 973 3774 mihi
1027 3713 1499 3780 succedereturz
1564 3737 1736 3782 nunc
1747 3762 1766 3792 ,
1821 3717 1997 3801 quod
2051 3714 2268 3784 Cassio
2317 3706 2460 3781 dedi,

442 3799 617 3881 quod
664 3801 967 3870 Trebonii
1012 3818 1215 3874 morte
1260 3809 1619 3888 amisimus,
1671 3811 1847 3895 quod
1891 3813 2082 3879 etiam
2126 3805 2456 3876 crudelitate

440 3889 821 3962 Dolabellae
874 3911 985 3964 aut
1036 3901 1303 3986 perfidia
1358 3926 1610 3984 eorum,
1665 3906 1776 3991 qui
1825 3905 2020 3972 fidem
2071 3904 2222 3971 mihi
2267 3899 2452 3979 reique

438 3986 737 4070 publicae
770 4015 900 4058 non
934 3997 1412 4080 praestiterunt,
1466 4000 1535 4064 id
1580 4000 1884 4084 consequi
1919 4013 1984 4068 et
2024 4001 2268 4066 reficere
2301 3991 2446 4060 volos

439 4079 612 4162 quod
648 4081 828 4148 aliter
850 4109 981 4152 non
1016 4101 1227 4172 potest
1251 4091 1410 4171 fieri,
1447 4094 1572 4160 nisi
1596 4099 1652 4160 si
1675 4095 1954 4182 spatium
1979 4094 2275 4162 habuero:
2305 4084 2364 4151 id
2385 4091 2446 4145 ut
