<?xml version="1.0" encoding="UTF-8"?>
<!DOCTYPE html PUBLIC "-//W3C//DTD XHTML 1.0 Transitional//EN"
    "http://www.w3.org/TR/xhtml1/DTD/xhtml1-transitional.dtd">
<html xmlns="http://www.w3.org/1999/xhtml" xml:lang="en" lang="en">
 <head>
  <title>
</title>
<meta http-equiv="Content-Type" content="text/html;charset=utf-8" />
  <meta name='ocr-system' content='tesseract 3.04.00' />
  <meta name='ocr-capabilities' content='ocr_page ocr_carea ocr_par ocr_line ocrx_word'/>
</head>
<body>
  <div class='ocr_page' id='page_1' title='image "./mtulliiciceroni12unkngoog_0117.png"; bbox 0 0 2675 4559; ppageno 0'>
   <div class='ocr_carea' id='block_1_1' title="bbox 743 285 2187 349">
    <p class='ocr_par' dir='ltr' id='par_1_1' title="bbox 743 285 2187 349">
     <span class='ocr_line' id='line_1_1' title="bbox 743 285 2187 349; baseline 0.003 -5"><span class='ocrx_word' id='word_1_1' title='bbox 743 288 1298 349; x_wconf 80' lang='lat' dir='ltr'><strong>EPISTOLARUM</strong></span> <span class='ocrx_word' id='word_1_2' title='bbox 1329 292 1408 347; x_wconf 90' lang='lat'><strong>11.</strong></span> <span class='ocrx_word' id='word_1_3' title='bbox 1446 294 1497 349; x_wconf 89' lang='grc'><strong>8.</strong></span> <span class='ocrx_word' id='word_1_4' title='bbox 1518 294 1569 348; x_wconf 89' lang='grc'><strong>9.</strong></span> <span class='ocrx_word' id='word_1_5' title='bbox 2102 285 2187 349; x_wconf 88' lang='lat'><strong>33</strong></span> 
     </span>
    </p>
   </div>
   <div class='ocr_carea' id='block_1_2' title="bbox 156 412 2243 1627">
    <p class='ocr_par' dir='ltr' id='par_1_2' title="bbox 156 412 2243 1627">
     <span class='ocr_line' id='line_1_2' title="bbox 175 412 2189 507; baseline 0.004 -29"><span class='ocrx_word' id='word_1_6' title='bbox 175 414 240 479; x_wconf 86' lang='lat' dir='ltr'><strong>de</strong></span> <span class='ocrx_word' id='word_1_7' title='bbox 267 436 328 480; x_wconf 88' lang='lat' dir='ltr'><strong>re</strong></span> <span class='ocrx_word' id='word_1_8' title='bbox 358 412 616 501; x_wconf 86' lang='lat' dir='ltr'><strong>publica</strong></span> <span class='ocrx_word' id='word_1_9' title='bbox 643 412 1038 480; x_wconf 80' lang='lat' dir='ltr'>sermonibus</span> <span class='ocrx_word' id='word_1_10' title='bbox 1065 426 1357 499; x_wconf 75' lang='lat' dir='ltr'><strong>versatus</strong></span> <span class='ocrx_word' id='word_1_11' title='bbox 1384 438 1549 492; x_wconf 88' lang='lat' dir='ltr'><strong>sum,</strong></span> <span class='ocrx_word' id='word_1_12' title='bbox 1586 439 1751 502; x_wconf 89' lang='lat' dir='ltr'><strong>quae</strong></span> <span class='ocrx_word' id='word_1_13' title='bbox 1774 440 1895 487; x_wconf 88' lang='lat' dir='ltr'><strong>nec</strong></span> <span class='ocrx_word' id='word_1_14' title='bbox 1921 432 2189 507; x_wconf 79' lang='lat' dir='ltr'><strong>possunt</strong></span> 
     </span>
     <span class='ocr_line' id='line_1_3' title="bbox 173 506 2188 601; baseline 0.003 -28"><span class='ocrx_word' id='word_1_15' title='bbox 173 508 332 573; x_wconf 81' lang='lat' dir='ltr'><strong>scribi</strong></span> <span class='ocrx_word' id='word_1_16' title='bbox 368 529 488 573; x_wconf 90' lang='lat' dir='ltr'><strong>nec</strong></span> <span class='ocrx_word' id='word_1_17' title='bbox 532 506 867 572; x_wconf 87' lang='lat' dir='ltr'><strong>scribenda</strong></span> <span class='ocrx_word' id='word_1_18' title='bbox 913 517 1088 573; x_wconf 91' lang='lat' dir='ltr'><strong>sunt.</strong></span> <span class='ocrx_word' id='word_1_19' title='bbox 1143 519 1393 574; x_wconf 85' lang='lat' dir='ltr'><strong>tantum</strong></span> <span class='ocrx_word' id='word_1_20' title='bbox 1438 510 1701 589; x_wconf 89' lang='lat' dir='ltr'><strong>habeto,</strong></span> <span class='ocrx_word' id='word_1_21' title='bbox 1755 512 1962 579; x_wconf 84' lang='lat' dir='ltr'><strong>civem</strong></span> <span class='ocrx_word' id='word_1_22' title='bbox 2006 536 2188 601; x_wconf 86' lang='lat' dir='ltr'><strong>egre-</strong></span> 
     </span>
     <span class='ocr_line' id='line_1_4' title="bbox 169 600 2188 693; baseline 0.004 -28"><span class='ocrx_word' id='word_1_23' title='bbox 169 602 316 688; x_wconf 86' lang='lat' dir='ltr'><strong>gium</strong></span> <span class='ocrx_word' id='word_1_24' title='bbox 345 624 484 667; x_wconf 88' lang='lat' dir='ltr'><strong>esse</strong></span> <span class='ocrx_word' id='word_1_25' title='bbox 509 600 892 687; x_wconf 88' lang='lat' dir='ltr'><strong>Pompeium</strong></span> <span class='ocrx_word' id='word_1_26' title='bbox 927 611 991 667; x_wconf 88' lang='lat' dir='ltr'><strong>et</strong></span> <span class='ocrx_word' id='word_1_27' title='bbox 1026 602 1109 666; x_wconf 87' lang='lat' dir='ltr'><strong>ad</strong></span> <span class='ocrx_word' id='word_1_28' title='bbox 1145 601 1379 680; x_wconf 87' lang='lat' dir='ltr'><strong>omnia,</strong></span> <span class='ocrx_word' id='word_1_29' title='bbox 1417 624 1583 688; x_wconf 88' lang='lat' dir='ltr'><strong>quae</strong></span> <span class='ocrx_word' id='word_1_30' title='bbox 1616 606 2013 693; x_wconf 82' lang='lat' dir='ltr'><strong>providenda</strong></span> <span class='ocrx_word' id='word_1_31' title='bbox 2038 620 2188 674; x_wconf 88' lang='lat' dir='ltr'><strong>sunt</strong></span> 
     </span>
     <span class='ocr_line' id='line_1_5' title="bbox 167 694 2185 805; baseline 0.004 -46"><span class='ocrx_word' id='word_1_32' title='bbox 167 696 219 759; x_wconf 84' lang='lat' dir='ltr'><strong>in</strong></span> <span class='ocrx_word' id='word_1_33' title='bbox 246 718 306 761; x_wconf 85' lang='lat' dir='ltr'><strong>rc</strong></span> <span class='ocrx_word' id='word_1_34' title='bbox 335 696 614 781; x_wconf 87' lang='lat' dir='ltr'><strong>publica,</strong></span> <span class='ocrx_word' id='word_1_35' title='bbox 649 705 713 761; x_wconf 91' lang='lat' dir='ltr'><strong>et</strong></span> <span class='ocrx_word' id='word_1_36' title='bbox 747 694 958 761; x_wconf 86' lang='lat' dir='ltr'><strong>animo</strong></span> <span class='ocrx_word' id='word_1_37' title='bbox 988 706 1052 761; x_wconf 90' lang='lat' dir='ltr'><strong>et</strong></span> <span class='ocrx_word' id='word_1_38' title='bbox 1087 696 1362 761; x_wconf 87' lang='lat' dir='ltr'><strong>consilio</strong></span> <span class='ocrx_word' id='word_1_39' title='bbox 1383 709 1697 805; x_wconf 79' lang='lat' dir='ltr'><strong>paratum.</strong></span> <span class='ocrx_word' id='word_1_40' title='bbox 1751 722 1881 783; x_wconf 89' lang='lat' dir='ltr'><strong>qua</strong></span> <span class='ocrx_word' id='word_1_41' title='bbox 1906 723 1976 766; x_wconf 92' lang='lat' dir='ltr'><strong>re</strong></span> <span class='ocrx_word' id='word_1_42' title='bbox 2012 701 2097 766; x_wconf 90' lang='lat' dir='ltr'><strong>da</strong></span> <span class='ocrx_word' id='word_1_43' title='bbox 2118 713 2185 768; x_wconf 89' lang='lat' dir='ltr'><strong>te</strong></span> 
     </span>
     <span class='ocr_line' id='line_1_6' title="bbox 167 787 2185 875; baseline 0.004 -23"><span class='ocrx_word' id='word_1_44' title='bbox 167 787 397 866; x_wconf 86' lang='lat' dir='ltr'><strong>homini3</strong></span> <span class='ocrx_word' id='word_1_45' title='bbox 441 790 909 875; x_wconf 66' lang='lat' dir='ltr'><strong>conplectatur,</strong></span> <span class='ocrx_word' id='word_1_46' title='bbox 946 788 1112 855; x_wconf 80' lang='lat' dir='ltr'><strong>mihi.</strong></span> <span class='ocrx_word' id='word_1_47' title='bbox 1140 790 1348 856; x_wconf 90' lang='lat' dir='ltr'><strong>crede.</strong></span> <span class='ocrx_word' id='word_1_48' title='bbox 1436 790 1567 855; x_wconf 89' lang='lat' dir='ltr'><strong>iam</strong></span> <span class='ocrx_word' id='word_1_49' title='bbox 1598 792 1771 859; x_wconf 87' lang='lat' dir='ltr'><strong>idem</strong></span> <span class='ocrx_word' id='word_1_50' title='bbox 1804 793 1898 857; x_wconf 87' lang='grc'>1111</span> <span class='ocrx_word' id='word_1_51' title='bbox 1932 805 1997 861; x_wconf 89' lang='lat' dir='ltr'><strong>et</strong></span> <span class='ocrx_word' id='word_1_52' title='bbox 2032 794 2185 867; x_wconf 78' lang='lat' dir='ltr'><strong>boni</strong></span> 
     </span>
     <span class='ocr_line' id='line_1_7' title="bbox 167 883 2243 975; baseline 0.002 -29"><span class='ocrx_word' id='word_1_53' title='bbox 167 894 214 947; x_wconf 88' lang='lat' dir='ltr'><strong>et</strong></span> <span class='ocrx_word' id='word_1_54' title='bbox 241 883 375 947; x_wconf 87' lang='lat' dir='ltr'><strong>mali</strong></span> <span class='ocrx_word' id='word_1_55' title='bbox 409 884 584 949; x_wconf 87' lang='lat' dir='ltr'><strong>cives</strong></span> <span class='ocrx_word' id='word_1_56' title='bbox 620 883 937 961; x_wconf 84' lang='lat' dir='ltr'><strong>videntur,</strong></span> <span class='ocrx_word' id='word_1_57' title='bbox 973 884 1086 967; x_wconf 88' lang='lat' dir='ltr'><strong>qui</strong></span> <span class='ocrx_word' id='word_1_58' title='bbox 1119 884 1307 949; x_wconf 88' lang='lat' dir='ltr'><strong>nobis</strong></span> <span class='ocrx_word' id='word_1_59' title='bbox 1344 883 1548 951; x_wconf 87' lang='lat' dir='ltr'><strong>videri</strong></span> <span class='ocrx_word' id='word_1_60' title='bbox 1582 885 1807 951; x_wconf 83' lang='lat' dir='ltr'><strong>solent.</strong></span> <span class='ocrx_word' id='word_1_61' title='bbox 1878 910 2001 975; x_wconf 85' lang='lat' dir='ltr'><strong>ego</strong></span> <span class='ocrx_word' id='word_1_62' title='bbox 2035 910 2183 953; x_wconf 88' lang='lat' dir='ltr'><strong>cum</strong></span> <span class='ocrx_word' id='word_1_63' title='bbox 2218 912 2243 951; x_wconf 81' lang='lat' dir='ltr'><strong>s</strong></span> 
     </span>
     <span class='ocr_line' id='line_1_8' title="bbox 165 976 2185 1064; baseline 0.004 -25"><span class='ocrx_word' id='word_1_64' title='bbox 165 976 396 1041; x_wconf 81' lang='lat' dir='ltr'><strong>Athenis</strong></span> <span class='ocrx_word' id='word_1_65' title='bbox 449 978 678 1045; x_wconf 85' lang='lat' dir='ltr'><strong>decem</strong></span> <span class='ocrx_word' id='word_1_66' title='bbox 729 977 904 1064; x_wconf 88' lang='lat' dir='ltr'><strong>ipsos</strong></span> <span class='ocrx_word' id='word_1_67' title='bbox 959 978 1094 1043; x_wconf 88' lang='lat' dir='ltr'><strong>dies</strong></span> <span class='ocrx_word' id='word_1_68' title='bbox 1155 978 1424 1045; x_wconf 77' lang='lat' dir='ltr'>fuissem</span> <span class='ocrx_word' id='word_1_69' title='bbox 1475 979 1877 1064; x_wconf 86' lang='lat' dir='ltr'><strong>multumque</strong></span> <span class='ocrx_word' id='word_1_70' title='bbox 1930 1004 2185 1049; x_wconf 88' lang='lat' dir='ltr'><strong>mecum</strong></span> 
     </span>
     <span class='ocr_line' id='line_1_9' title="bbox 167 1068 2184 1160; baseline 0.002 -26"><span class='ocrx_word' id='word_1_71' title='bbox 167 1068 356 1135; x_wconf 76' lang='lat' dir='ltr'><strong>Gallus</strong></span> <span class='ocrx_word' id='word_1_72' title='bbox 396 1083 618 1138; x_wconf 88' lang='lat' dir='ltr'><strong>noster</strong></span> <span class='ocrx_word' id='word_1_73' title='bbox 653 1068 995 1149; x_wconf 83' lang='lat' dir='ltr'><strong>Caninius,</strong></span> <span class='ocrx_word' id='word_1_74' title='bbox 1041 1071 1491 1157; x_wconf 87' lang='lat' dir='ltr'><strong>proficiscebar</strong></span> <span class='ocrx_word' id='word_1_75' title='bbox 1530 1073 1681 1139; x_wconf 90' lang='lat' dir='ltr'><strong>inde</strong></span> <span class='ocrx_word' id='word_1_76' title='bbox 1724 1074 1928 1160; x_wconf 80' lang='lat' dir='ltr'>pridie</span> <span class='ocrx_word' id='word_1_77' title='bbox 1960 1074 2184 1141; x_wconf 83' lang='lat' dir='ltr'><strong>Nonas</strong></span> 
     </span>
     <span class='ocr_line' id='line_1_10' title="bbox 165 1160 2184 1273; baseline 0.002 -44"><span class='ocrx_word' id='word_1_78' title='bbox 165 1160 485 1273; x_wconf 73' lang='lat' dir='ltr'><strong>Quinctilis,</strong></span> <span class='ocrx_word' id='word_1_79' title='bbox 542 1185 696 1231; x_wconf 89' lang='lat' dir='ltr'><strong>cum</strong></span> <span class='ocrx_word' id='word_1_80' title='bbox 745 1165 868 1230; x_wconf 90' lang='lat' dir='ltr'><strong>hoc</strong></span> <span class='ocrx_word' id='word_1_81' title='bbox 922 1166 1006 1229; x_wconf 91' lang='lat' dir='ltr'><strong>ad</strong></span> <span class='ocrx_word' id='word_1_82' title='bbox 1068 1177 1131 1231; x_wconf 91' lang='lat' dir='ltr'><strong>te</strong></span> <span class='ocrx_word' id='word_1_83' title='bbox 1183 1166 1539 1231; x_wconf 88' lang='lat' dir='ltr'><strong>litterarum</strong></span> <span class='ocrx_word' id='word_1_84' title='bbox 1593 1166 1761 1233; x_wconf 90' lang='lat' dir='ltr'><strong>dedi.</strong></span> <span class='ocrx_word' id='word_1_85' title='bbox 1866 1167 1984 1233; x_wconf 88' lang='lat' dir='ltr'><strong>tibi</strong></span> <span class='ocrx_word' id='word_1_86' title='bbox 2036 1190 2184 1233; x_wconf 90' lang='lat' dir='ltr'><strong>cum</strong></span> 
     </span>
     <span class='ocr_line' id='line_1_11' title="bbox 163 1256 2182 1348; baseline 0.004 -29"><span class='ocrx_word' id='word_1_87' title='bbox 163 1256 338 1322; x_wconf 85' lang='lat' dir='ltr'><strong>omnia</strong></span> <span class='ocrx_word' id='word_1_88' title='bbox 366 1280 513 1324; x_wconf 88' lang='lat' dir='ltr'><strong>mea</strong></span> <span class='ocrx_word' id='word_1_89' title='bbox 539 1258 1166 1325; x_wconf 76' lang='lat' dir='ltr'><strong>commendatissima</strong></span> <span class='ocrx_word' id='word_1_90' title='bbox 1194 1282 1335 1325; x_wconf 89' lang='lat' dir='ltr'><strong>esse</strong></span> <span class='ocrx_word' id='word_1_91' title='bbox 1362 1260 1573 1347; x_wconf 88' lang='lat' dir='ltr'><strong>cupi0‚</strong></span> <span class='ocrx_word' id='word_1_92' title='bbox 1609 1271 1748 1327; x_wconf 90' lang='lat' dir='ltr'><strong>tum</strong></span> <span class='ocrx_word' id='word_1_93' title='bbox 1780 1260 1941 1326; x_wconf 89' lang='lat' dir='ltr'><strong>nihil</strong></span> <span class='ocrx_word' id='word_1_94' title='bbox 1975 1262 2182 1348; x_wconf 87' lang='lat' dir='ltr'><strong>magis</strong></span> 
     </span>
     <span class='ocr_line' id='line_1_12' title="bbox 160 1352 2198 1441; baseline 0.003 -27"><span class='ocrx_word' id='word_1_95' title='bbox 160 1369 317 1432; x_wconf 83' lang='lat' dir='ltr'><strong>quam</strong></span> <span class='ocrx_word' id='word_1_96' title='bbox 346 1374 428 1418; x_wconf 84' lang='lat' dir='ltr'><strong>ne</strong></span> <span class='ocrx_word' id='word_1_97' title='bbox 463 1364 724 1439; x_wconf 86' lang='lat' dir='ltr'><strong>tempus</strong></span> <span class='ocrx_word' id='word_1_98' title='bbox 751 1352 937 1419; x_wconf 88' lang='lat' dir='ltr'><strong>nobis</strong></span> <span class='ocrx_word' id='word_1_99' title='bbox 972 1353 1339 1438; x_wconf 87' lang='lat' dir='ltr'><strong>provinciae</strong></span> <span class='ocrx_word' id='word_1_100' title='bbox 1374 1366 1785 1441; x_wconf 82' lang='lat' dir='ltr'><strong>prorogetur.</strong></span> <span class='ocrx_word' id='word_1_101' title='bbox 1819 1355 1888 1419; x_wconf 89' lang='lat' dir='ltr'><strong>in</strong></span> <span class='ocrx_word' id='word_1_102' title='bbox 1918 1378 1998 1421; x_wconf 89' lang='lat' dir='ltr'><strong>eo</strong></span> <span class='ocrx_word' id='word_1_103' title='bbox 2025 1354 2198 1421; x_wconf 80' lang='lat' dir='ltr'><strong>mihi·</strong></span> 
     </span>
     <span class='ocr_line' id='line_1_13' title="bbox 159 1447 2177 1535; baseline 0.003 -27"><span class='ocrx_word' id='word_1_104' title='bbox 159 1456 276 1509; x_wconf 79' lang='lat' dir='ltr'><strong>sunt</strong></span> <span class='ocrx_word' id='word_1_105' title='bbox 321 1448 550 1513; x_wconf 89' lang='lat' dir='ltr'><strong>omnia.</strong></span> <span class='ocrx_word' id='word_1_106' title='bbox 653 1448 826 1532; x_wconf 90' lang='lat' dir='ltr'><strong>quod</strong></span> <span class='ocrx_word' id='word_1_107' title='bbox 879 1447 1136 1531; x_wconf 89' lang='lat' dir='ltr'><strong>quando</strong></span> <span class='ocrx_word' id='word_1_108' title='bbox 1192 1458 1258 1513; x_wconf 91' lang='lat' dir='ltr'><strong>et</strong></span> <span class='ocrx_word' id='word_1_109' title='bbox 1309 1469 1439 1532; x_wconf 90' lang='lat' dir='ltr'><strong>quo</strong></span> <span class='ocrx_word' id='word_1_110' title='bbox 1490 1448 1681 1514; x_wconf 89' lang='lat' dir='ltr'><strong>modo</strong></span> <span class='ocrx_word' id='word_1_111' title='bbox 1737 1460 1800 1515; x_wconf 90' lang='lat' dir='ltr'><strong>et</strong></span> <span class='ocrx_word' id='word_1_112' title='bbox 1851 1472 1967 1535; x_wconf 91' lang='lat' dir='ltr'><strong>per</strong></span> <span class='ocrx_word' id='word_1_113' title='bbox 2018 1470 2177 1535; x_wconf 88' lang='lat' dir='ltr'><strong>quos</strong></span> 
     </span>
     <span class='ocr_line' id='line_1_14' title="bbox 156 1540 1365 1627; baseline 0 -22"><span class='ocrx_word' id='word_1_114' title='bbox 156 1540 436 1623; x_wconf 82' lang='lat' dir='ltr'><strong>agendum</strong></span> <span class='ocrx_word' id='word_1_115' title='bbox 471 1543 578 1620; x_wconf 86' lang='lat' dir='ltr'><strong>sit,</strong></span> <span class='ocrx_word' id='word_1_116' title='bbox 617 1552 690 1607; x_wconf 92' lang='lat' dir='ltr'><strong>tu</strong></span> <span class='ocrx_word' id='word_1_117' title='bbox 725 1542 961 1627; x_wconf 87' lang='lat' dir='ltr'><strong>optime</strong></span> <span class='ocrx_word' id='word_1_118' title='bbox 998 1542 1365 1609; x_wconf 68' lang='lat' dir='ltr'><strong>constituae.</strong></span> 
     </span>
    </p>
   </div>
   <div class='ocr_carea' id='block_1_3' title="bbox 177 1777 2142 2039">
    <p class='ocr_par' dir='ltr' id='par_1_3' title="bbox 177 1777 2142 2039">
     <span class='ocr_line' id='line_1_15' title="bbox 1097 1777 1202 1831; baseline -0.01 0"><span class='ocrx_word' id='word_1_119' title='bbox 1097 1777 1202 1831; x_wconf 88' lang='lat' dir='ltr'><strong>IX.</strong></span> 
     </span>
     <span class='ocr_line' id='line_1_16' title="bbox 524 1876 1767 1936; baseline -0.004 0"><span class='ocrx_word' id='word_1_120' title='bbox 524 1879 650 1936; x_wconf 89' lang='lat' dir='ltr'><strong>Scr.</strong></span> <span class='ocrx_word' id='word_1_121' title='bbox 677 1879 738 1933; x_wconf 88' lang='lat' dir='ltr'><strong>in</strong></span> <span class='ocrx_word' id='word_1_122' title='bbox 758 1878 957 1936; x_wconf 85' lang='lat' dir='ltr'><strong>Cilicia</strong></span> <span class='ocrx_word' id='word_1_123' title='bbox 973 1896 1163 1935; x_wconf 88' lang='lat' dir='ltr'><strong>mense</strong></span> <span class='ocrx_word' id='word_1_124' title='bbox 1184 1876 1415 1934; x_wconf 85' lang='lat' dir='ltr'><strong>Octobri</strong></span> <span class='ocrx_word' id='word_1_125' title='bbox 1434 1896 1484 1935; x_wconf 84' lang='lat' dir='ltr'><strong>a.</strong></span> <span class='ocrx_word' id='word_1_126' title='bbox 1502 1896 1558 1933; x_wconf 87' lang='lat' dir='ltr'><strong>u.</strong></span> <span class='ocrx_word' id='word_1_127' title='bbox 1578 1894 1628 1933; x_wconf 91' lang='lat' dir='ltr'><strong>c.</strong></span> <span class='ocrx_word' id='word_1_128' title='bbox 1649 1880 1767 1934; x_wconf 78' lang='lat'><strong>⁷03.</strong></span> 
     </span>
     <span class='ocr_line' id='line_1_17' title="bbox 177 1976 2142 2039; baseline 0.003 -8"><span class='ocrx_word' id='word_1_129' title='bbox 177 1976 238 2031; x_wconf 83' lang='grc' dir='ltr'><strong>Μ.</strong></span> <span class='ocrx_word' id='word_1_130' title='bbox 254 1978 518 2039; x_wconf 83' lang='lat' dir='ltr'>CICERO</span> <span class='ocrx_word' id='word_1_131' title='bbox 544 1980 862 2038; x_wconf 82' lang='lat' dir='ltr'><strong>PROCOS.</strong></span> <span class='ocrx_word' id='word_1_132' title='bbox 895 1981 952 2037; x_wconf 88' lang='lat' dir='ltr'><strong>S.</strong></span> <span class='ocrx_word' id='word_1_133' title='bbox 969 1982 1045 2039; x_wconf 90' lang='lat' dir='ltr'><strong>D.</strong></span> <span class='ocrx_word' id='word_1_134' title='bbox 1065 1982 1141 2037; x_wconf 87' lang='lat' dir='ltr'><strong>M.</strong></span> <span class='ocrx_word' id='word_1_135' title='bbox 1163 1980 1448 2037; x_wconf 86' lang='lat' dir='ltr'><strong>CAELIO</strong></span> <span class='ocrx_word' id='word_1_136' title='bbox 1475 1980 1751 2038; x_wconf 87' lang='lat' dir='ltr'><strong>AEDILI</strong></span> <span class='ocrx_word' id='word_1_137' title='bbox 1776 1980 1945 2039; x_wconf 83' lang='lat' dir='ltr'><strong>CUR.</strong></span> <span class='ocrx_word' id='word_1_138' title='bbox 1974 1980 2142 2037; x_wconf 84' lang='lat' dir='ltr'><strong>DES.</strong></span> 
     </span>
    </p>
   </div>
   <div class='ocr_carea' id='block_1_4' title="bbox 56 2100 2293 3222">
    <p class='ocr_par' dir='ltr' id='par_1_4' title="bbox 56 2100 2293 3222">
     <span class='ocr_line' id='line_1_18' title="bbox 249 2100 2235 2192; baseline -0.001 -24"><span class='ocrx_word' id='word_1_139' title='bbox 249 2100 532 2169; x_wconf 87' lang='lat' dir='ltr'><strong>Primum</strong></span> <span class='ocrx_word' id='word_1_140' title='bbox 567 2104 718 2182; x_wconf 79' lang='lat' dir='ltr'><strong>tibi,</strong></span> <span class='ocrx_word' id='word_1_141' title='bbox 754 2114 827 2169; x_wconf 87' lang='lat' dir='ltr'><strong>ut</strong></span> <span class='ocrx_word' id='word_1_142' title='bbox 862 2105 1087 2183; x_wconf 84' lang='lat' dir='ltr'><strong>debeo,</strong></span> <span class='ocrx_word' id='word_1_143' title='bbox 1123 2102 1411 2191; x_wconf 83' lang='lat' dir='ltr'><strong>gratulor</strong></span> <span class='ocrx_word' id='word_1_144' title='bbox 1443 2105 1771 2187; x_wconf 82' lang='lat' dir='ltr'><strong>laetorque</strong></span> <span class='ocrx_word' id='word_1_145' title='bbox 1808 2126 1956 2170; x_wconf 90' lang='lat' dir='ltr'><strong>cum</strong></span> <span class='ocrx_word' id='word_1_146' title='bbox 1989 2128 2175 2192; x_wconf 80' lang='lat' dir='ltr'><strong>pra-e-</strong></span> <span class='ocrx_word' id='word_1_147' title='bbox 2211 2128 2235 2166; x_wconf 88' lang='lat'>1</span> 
     </span>
     <span class='ocr_line' id='line_1_19' title="bbox 151 2195 2174 2286; baseline 0.004 -29"><span class='ocrx_word' id='word_1_148' title='bbox 151 2195 299 2272; x_wconf 84' lang='lat' dir='ltr'><strong>senti,</strong></span> <span class='ocrx_word' id='word_1_149' title='bbox 329 2208 463 2263; x_wconf 90' lang='lat' dir='ltr'><strong>tum</strong></span> <span class='ocrx_word' id='word_1_150' title='bbox 492 2199 696 2265; x_wconf 87' lang='lat' dir='ltr'><strong>etiam</strong></span> <span class='ocrx_word' id='word_1_151' title='bbox 733 2209 989 2283; x_wconf 89' lang='lat' dir='ltr'><strong>sperata</strong></span> <span class='ocrx_word' id='word_1_152' title='bbox 1023 2209 1136 2263; x_wconf 88' lang='lat' dir='ltr'><strong>tua</strong></span> <span class='ocrx_word' id='word_1_153' title='bbox 1163 2198 1495 2285; x_wconf 81' lang='lat' dir='ltr'><strong>dignitate,</strong></span> <span class='ocrx_word' id='word_1_154' title='bbox 1532 2198 1753 2277; x_wconf 85' lang='lat' dir='ltr'><strong>serius,</strong></span> <span class='ocrx_word' id='word_1_155' title='bbox 1789 2222 1920 2265; x_wconf 88' lang='lat' dir='ltr'><strong>non</strong></span> <span class='ocrx_word' id='word_1_156' title='bbox 1955 2200 2174 2286; x_wconf 86' lang='lat' dir='ltr'><strong>negle-</strong></span> 
     </span>
     <span class='ocr_line' id='line_1_20' title="bbox 150 2287 2175 2377; baseline 0.004 -26"><span class='ocrx_word' id='word_1_157' title='bbox 150 2287 328 2369; x_wconf 87' lang='lat' dir='ltr'><strong>gentia</strong></span> <span class='ocrx_word' id='word_1_158' title='bbox 359 2314 531 2368; x_wconf 87' lang='lat' dir='ltr'><strong>mea,</strong></span> <span class='ocrx_word' id='word_1_159' title='bbox 579 2292 698 2357; x_wconf 87' lang='lat' dir='ltr'><strong>sed</strong></span> <span class='ocrx_word' id='word_1_160' title='bbox 731 2292 1133 2377; x_wconf 85' lang='lat' dir='ltr'><strong>ignoratione</strong></span> <span class='ocrx_word' id='word_1_161' title='bbox 1168 2314 1385 2357; x_wconf 89' lang='lat' dir='ltr'><strong>rerum</strong></span> <span class='ocrx_word' id='word_1_162' title='bbox 1420 2292 1731 2357; x_wconf 88' lang='lat' dir='ltr'><strong>omnium.</strong></span> <span class='ocrx_word' id='word_1_163' title='bbox 1787 2292 1856 2357; x_wconf 85' lang='lat' dir='ltr'><strong>in</strong></span> <span class='ocrx_word' id='word_1_164' title='bbox 1888 2293 1969 2357; x_wconf 87' lang='lat' dir='ltr'><strong>iis</strong></span> <span class='ocrx_word' id='word_1_165' title='bbox 2004 2294 2175 2359; x_wconf 90' lang='lat' dir='ltr'><strong>enim</strong></span> 
     </span>
     <span class='ocr_line' id='line_1_21' title="bbox 56 2382 2174 2473; baseline 0.005 -32"><span class='ocrx_word' id='word_1_166' title='bbox 56 2406 58 2413; x_wconf 96' lang='lat'><em>·</em></span> <span class='ocrx_word' id='word_1_167' title='bbox 153 2400 265 2445; x_wconf 84' lang='lat' dir='ltr'><strong>sum</strong></span> <span class='ocrx_word' id='word_1_168' title='bbox 286 2382 454 2462; x_wconf 85' lang='lat' dir='ltr'><strong>loeis,</strong></span> <span class='ocrx_word' id='word_1_169' title='bbox 490 2406 628 2470; x_wconf 88' lang='lat' dir='ltr'><strong>quo</strong></span> <span class='ocrx_word' id='word_1_170' title='bbox 656 2395 719 2451; x_wconf 89' lang='lat' dir='ltr'><strong>et</strong></span> <span class='ocrx_word' id='word_1_171' title='bbox 745 2396 1006 2471; x_wconf 86' lang='lat' dir='ltr'><strong>propter</strong></span> <span class='ocrx_word' id='word_1_172' title='bbox 1040 2386 1574 2471; x_wconf 87' lang='lat' dir='ltr'><strong>longinquitatem</strong></span> <span class='ocrx_word' id='word_1_173' title='bbox 1602 2396 1667 2451; x_wconf 92' lang='lat' dir='ltr'><strong>et</strong></span> <span class='ocrx_word' id='word_1_174' title='bbox 1694 2398 1956 2473; x_wconf 87' lang='lat' dir='ltr'><strong>propter</strong></span> <span class='ocrx_word' id='word_1_175' title='bbox 1978 2386 2174 2454; x_wconf 85' lang='lat' dir='ltr'><strong>latro-</strong></span> 
     </span>
     <span class='ocr_line' id='line_1_22' title="bbox 151 2472 2285 2564; baseline 0.002 -25"><span class='ocrx_word' id='word_1_176' title='bbox 151 2472 284 2539; x_wconf 80' lang='lat' dir='ltr'><strong>einia</strong></span> <span class='ocrx_word' id='word_1_177' title='bbox 311 2478 672 2543; x_wconf 76' lang='lat' dir='ltr'><strong>tardissime</strong></span> <span class='ocrx_word' id='word_1_178' title='bbox 707 2478 921 2543; x_wconf 88' lang='lat' dir='ltr'><strong>omnia</strong></span> <span class='ocrx_word' id='word_1_179' title='bbox 953 2478 1380 2563; x_wconf 84' lang='lat' dir='ltr'><strong>perferuntur.</strong></span> <span class='ocrx_word' id='word_1_180' title='bbox 1430 2489 1495 2545; x_wconf 91' lang='lat' dir='ltr'><strong>et</strong></span> <span class='ocrx_word' id='word_1_181' title='bbox 1520 2500 1668 2543; x_wconf 91' lang='lat' dir='ltr'><strong>cum</strong></span> <span class='ocrx_word' id='word_1_182' title='bbox 1692 2480 1999 2564; x_wconf 85' lang='lat' dir='ltr'><strong>gratulor,</strong></span> <span class='ocrx_word' id='word_1_183' title='bbox 2034 2490 2175 2543; x_wconf 89' lang='lat' dir='ltr'><strong>tum</strong></span> <span class='ocrx_word' id='word_1_184' title='bbox 2283 2556 2285 2559; x_wconf 9' lang='lat' dir='ltr'>y</span> 
     </span>
     <span class='ocr_line' id='line_1_23' title="bbox 149 2571 2175 2659; baseline 0.003 -28"><span class='ocrx_word' id='word_1_185' title='bbox 149 2585 270 2631; x_wconf 84' lang='lat' dir='ltr'><strong>vero</strong></span> <span class='ocrx_word' id='word_1_186' title='bbox 301 2571 529 2653; x_wconf 88' lang='lat' dir='ltr'><strong>quibus</strong></span> <span class='ocrx_word' id='word_1_187' title='bbox 581 2572 794 2637; x_wconf 88' lang='lat' dir='ltr'><strong>verbis</strong></span> <span class='ocrx_word' id='word_1_188' title='bbox 842 2572 960 2637; x_wconf 91' lang='lat' dir='ltr'><strong>tibi</strong></span> <span class='ocrx_word' id='word_1_189' title='bbox 1003 2573 1244 2658; x_wconf 83' lang='lat' dir='ltr'><strong>gratias</strong></span> <span class='ocrx_word' id='word_1_190' title='bbox 1281 2595 1474 2659; x_wconf 89' lang='lat' dir='ltr'><strong>agam</strong></span> <span class='ocrx_word' id='word_1_191' title='bbox 1506 2594 1638 2637; x_wconf 89' lang='lat' dir='ltr'><strong>non</strong></span> <span class='ocrx_word' id='word_1_192' title='bbox 1679 2573 1955 2657; x_wconf 88' lang='lat' dir='ltr'><strong>reperio,</strong></span> <span class='ocrx_word' id='word_1_193' title='bbox 2002 2572 2175 2655; x_wconf 90' lang='lat' dir='ltr'><strong>quod</strong></span> 
     </span>
     <span class='ocr_line' id='line_1_24' title="bbox 151 2658 2175 2750; baseline 0.003 -27"><span class='ocrx_word' id='word_1_194' title='bbox 151 2658 220 2723; x_wconf 80' lang='lat' dir='ltr'><strong>ita</strong></span> <span class='ocrx_word' id='word_1_195' title='bbox 247 2661 440 2731; x_wconf 82' lang='lat' dir='ltr'><strong>faetus</strong></span> <span class='ocrx_word' id='word_1_196' title='bbox 476 2666 590 2742; x_wconf 85' lang='lat' dir='ltr'><strong>sis,</strong></span> <span class='ocrx_word' id='word_1_197' title='bbox 627 2676 699 2730; x_wconf 88' lang='lat' dir='ltr'><strong>ut</strong></span> <span class='ocrx_word' id='word_1_198' title='bbox 734 2666 985 2732; x_wconf 87' lang='lat' dir='ltr'><strong>dederis</strong></span> <span class='ocrx_word' id='word_1_199' title='bbox 1019 2666 1227 2744; x_wconf 88' lang='lat' dir='ltr'><strong>nobis,</strong></span> <span class='ocrx_word' id='word_1_200' title='bbox 1265 2687 1460 2750; x_wconf 87' lang='lat' dir='ltr'><strong>quem</strong></span> <span class='ocrx_word' id='word_1_201' title='bbox 1496 2664 1581 2729; x_wconf 86' lang='lat' dir='ltr'><strong>ad</strong></span> <span class='ocrx_word' id='word_1_202' title='bbox 1614 2666 1878 2730; x_wconf 89' lang='lat' dir='ltr'><strong>modum</strong></span> <span class='ocrx_word' id='word_1_203' title='bbox 1906 2666 2175 2750; x_wconf 84' lang='lat' dir='ltr'><strong>scripse-</strong></span> 
     </span>
     <span class='ocr_line' id='line_1_25' title="bbox 151 2756 2293 2846; baseline 0.002 -29"><span class='ocrx_word' id='word_1_204' title='bbox 151 2773 230 2817; x_wconf 78' lang='lat' dir='ltr'><strong>ras</strong></span> <span class='ocrx_word' id='word_1_205' title='bbox 260 2756 336 2821; x_wconf 86' lang='lat' dir='ltr'><strong>ad</strong></span> <span class='ocrx_word' id='word_1_206' title='bbox 365 2782 497 2837; x_wconf 91' lang='lat' dir='ltr'><strong>me,</strong></span> <span class='ocrx_word' id='word_1_207' title='bbox 545 2781 740 2843; x_wconf 87' lang='lat' dir='ltr'><strong>quem</strong></span> <span class='ocrx_word' id='word_1_208' title='bbox 785 2782 1038 2845; x_wconf 88' lang='lat' dir='ltr'><strong>semper</strong></span> <span class='ocrx_word' id='word_1_209' title='bbox 1080 2760 1288 2826; x_wconf 90' lang='lat' dir='ltr'><strong>ridere</strong></span> <span class='ocrx_word' id='word_1_210' title='bbox 1333 2780 1686 2846; x_wconf 88' lang='lat' dir='ltr'><strong>possemus.</strong></span> <span class='ocrx_word' id='word_1_211' title='bbox 1774 2757 1991 2841; x_wconf 88' lang='lat' dir='ltr'><strong>itaque</strong></span> <span class='ocrx_word' id='word_1_212' title='bbox 2024 2780 2175 2821; x_wconf 84' lang='lat' dir='ltr'><strong>cum</strong></span> <span class='ocrx_word' id='word_1_213' title='bbox 2290 2795 2293 2796; x_wconf 28' lang='grc' dir='ltr'><em>ν</em></span> 
     </span>
     <span class='ocr_line' id='line_1_26' title="bbox 153 2846 2175 2941; baseline 0.001 -28"><span class='ocrx_word' id='word_1_214' title='bbox 153 2846 384 2928; x_wconf 86' lang='lat' dir='ltr'><strong>primum</strong></span> <span class='ocrx_word' id='word_1_215' title='bbox 428 2853 680 2930; x_wconf 80' lang='lat' dir='ltr'><strong>audivi,</strong></span> <span class='ocrx_word' id='word_1_216' title='bbox 733 2876 858 2940; x_wconf 87' lang='lat' dir='ltr'><strong>ego</strong></span> <span class='ocrx_word' id='word_1_217' title='bbox 902 2854 1009 2920; x_wconf 83' lang='lat' dir='ltr'><strong>ille</strong></span> <span class='ocrx_word' id='word_1_218' title='bbox 1060 2854 1198 2941; x_wconf 89' lang='lat' dir='ltr'><strong>ipse</strong></span> <span class='ocrx_word' id='word_1_219' title='bbox 1245 2853 1457 2919; x_wconf 85' lang='lat' dir='ltr'><strong>factus</strong></span> <span class='ocrx_word' id='word_1_220' title='bbox 1502 2875 1647 2917; x_wconf 89' lang='lat' dir='ltr'><strong>sum</strong></span> <span class='ocrx_word' id='word_1_221' title='bbox 1680 2886 1769 2897; x_wconf 93' lang='lat'><strong>--</strong></span> <span class='ocrx_word' id='word_1_222' title='bbox 1792 2852 1939 2917; x_wconf 87' lang='lat' dir='ltr'><strong>scis</strong></span> <span class='ocrx_word' id='word_1_223' title='bbox 1982 2873 2175 2936; x_wconf 88' lang='lat' dir='ltr'><strong>quem</strong></span> 
     </span>
     <span class='ocr_line' id='line_1_27' title="bbox 154 2938 2171 3033; baseline 0.003 -28"><span class='ocrx_word' id='word_1_224' title='bbox 154 2938 326 3007; x_wconf 84' lang='lat' dir='ltr'><strong>dicam</strong></span> <span class='ocrx_word' id='word_1_225' title='bbox 339 2980 423 2992; x_wconf 91' lang='lat'><strong>—-</strong></span> <span class='ocrx_word' id='word_1_226' title='bbox 437 2948 676 3033; x_wconf 86' lang='lat' dir='ltr'><strong>egique</strong></span> <span class='ocrx_word' id='word_1_227' title='bbox 701 2948 910 3013; x_wconf 88' lang='lat' dir='ltr'><strong>omnis</strong></span> <span class='ocrx_word' id='word_1_228' title='bbox 942 2948 1086 3013; x_wconf 89' lang='lat' dir='ltr'><strong>illos</strong></span> <span class='ocrx_word' id='word_1_229' title='bbox 1120 2947 1571 3026; x_wconf 78' lang='lat' dir='ltr'><strong>adulescentis,</strong></span> <span class='ocrx_word' id='word_1_230' title='bbox 1608 2968 1767 3032; x_wconf 88' lang='lat' dir='ltr'><strong>quos</strong></span> <span class='ocrx_word' id='word_1_231' title='bbox 1800 2945 1909 3012; x_wconf 85' lang='lat' dir='ltr'><strong>ifle</strong></span> <span class='ocrx_word' id='word_1_232' title='bbox 1934 2946 2171 3015; x_wconf 85' lang='lat' dir='ltr'><strong>actitat.</strong></span> 
     </span>
     <span class='ocr_line' id='line_1_28' title="bbox 155 3030 2234 3127; baseline 0.003 -28"><span class='ocrx_word' id='word_1_233' title='bbox 155 3030 372 3105; x_wconf 86' lang='lat' dir='ltr'><strong>difficile</strong></span> <span class='ocrx_word' id='word_1_234' title='bbox 423 3052 521 3107; x_wconf 88' lang='lat' dir='ltr'><strong>est</strong></span> <span class='ocrx_word' id='word_1_235' title='bbox 574 3040 768 3124; x_wconf 88' lang='lat' dir='ltr'><strong>loqui.</strong></span> <span class='ocrx_word' id='word_1_236' title='bbox 857 3052 922 3107; x_wconf 88' lang='lat' dir='ltr'><strong>te</strong></span> <span class='ocrx_word' id='word_1_237' title='bbox 976 3054 1192 3109; x_wconf 90' lang='lat' dir='ltr'><strong>autem</strong></span> <span class='ocrx_word' id='word_1_238' title='bbox 1244 3042 1682 3127; x_wconf 90' lang='lat' dir='ltr'><strong>contemplans</strong></span> <span class='ocrx_word' id='word_1_239' title='bbox 1736 3040 2065 3107; x_wconf 87' lang='lat' dir='ltr'><strong>absentem</strong></span> <span class='ocrx_word' id='word_1_240' title='bbox 2110 3053 2175 3107; x_wconf 88' lang='lat' dir='ltr'><strong>et</strong></span> <span class='ocrx_word' id='word_1_241' title='bbox 2208 3064 2234 3105; x_wconf 80' lang='lat'><strong>2</strong></span> 
     </span>
     <span class='ocr_line' id='line_1_29' title="bbox 154 3132 1160 3222; baseline 0.008 -29"><span class='ocrx_word' id='word_1_242' title='bbox 154 3132 302 3209; x_wconf 77' lang='lat' dir='ltr'><strong>quasi</strong></span> <span class='ocrx_word' id='word_1_243' title='bbox 332 3144 544 3201; x_wconf 88' lang='lat' dir='ltr'><strong>tecum</strong></span> <span class='ocrx_word' id='word_1_244' title='bbox 581 3157 796 3201; x_wconf 86' lang='lat' dir='ltr'><strong>coram</strong></span> <span class='ocrx_word' id='word_1_245' title='bbox 829 3137 1160 3222; x_wconf 89' lang='lat' dir='ltr'><strong>loquerer.</strong></span> 
     </span>
    </p>
   </div>
   <div class='ocr_carea' id='block_1_5' title="bbox 218 3254 2177 3415">
    <p class='ocr_par' dir='ltr' id='par_1_5' title="bbox 218 3254 2177 3415">
     <span class='ocr_line' id='line_1_30' title="bbox 218 3254 2177 3341; baseline 0.002 -28"><span class='ocrx_word' id='word_1_246' title='bbox 218 3272 331 3316; x_wconf 90' lang='lat' dir='ltr'><strong>non</strong></span> <span class='ocrx_word' id='word_1_247' title='bbox 362 3254 618 3341; x_wconf 90' lang='lat' dir='ltr'><strong>edepol,</strong></span> <span class='ocrx_word' id='word_1_248' title='bbox 665 3267 971 3341; x_wconf 88' lang='lat' dir='ltr'><strong>quantam</strong></span> <span class='ocrx_word' id='word_1_249' title='bbox 1005 3278 1143 3321; x_wconf 91' lang='lat' dir='ltr'><strong>rem</strong></span> <span class='ocrx_word' id='word_1_250' title='bbox 1179 3256 1388 3341; x_wconf 87' lang='lat' dir='ltr'><strong>egeris</strong></span> <span class='ocrx_word' id='word_1_251' title='bbox 1426 3276 1635 3339; x_wconf 89' lang='lat' dir='ltr'><strong>neque</strong></span> <span class='ocrx_word' id='word_1_252' title='bbox 1669 3265 1983 3337; x_wconf 88' lang='lat' dir='ltr'><strong>quantum</strong></span> <span class='ocrx_word' id='word_1_253' title='bbox 2019 3254 2177 3318; x_wconf 86' lang='lat' dir='ltr'><strong>faci-</strong></span> 
     </span>
     <span class='ocr_line' id='line_1_31' title="bbox 969 3348 1374 3415; baseline -0.003 -1"><span class='ocrx_word' id='word_1_254' title='bbox 969 3372 1090 3415; x_wconf 88' lang='lat' dir='ltr'><strong>nus</strong></span> <span class='ocrx_word' id='word_1_255' title='bbox 1125 3348 1374 3415; x_wconf 88' lang='lat' dir='ltr'><strong>feceris.</strong></span> 
     </span>
    </p>
   </div>
   <div class='ocr_carea' id='block_1_6' title="bbox 156 3426 2174 3621">
    <p class='ocr_par' dir='ltr' id='par_1_6' title="bbox 156 3426 2174 3620">
     <span class='ocr_line' id='line_1_32' title="bbox 156 3426 2174 3615; baseline -0.004 -84"><span class='ocrx_word' id='word_1_256' title='bbox 156 3426 482 3615; x_wconf 67' lang='lat' dir='ltr'><strong>quoddquia</strong></span> <span class='ocrx_word' id='word_1_257' title='bbox 525 3470 780 3549; x_wconf 85' lang='lat' dir='ltr'><strong>practer</strong></span> <span class='ocrx_word' id='word_1_258' title='bbox 815 3460 1184 3577; x_wconf 90' lang='lat' dir='ltr'><strong>opinionem</strong></span> <span class='ocrx_word' id='word_1_259' title='bbox 1227 3460 1386 3525; x_wconf 91' lang='lat' dir='ltr'><strong>mihi</strong></span> <span class='ocrx_word' id='word_1_260' title='bbox 1422 3457 1770 3537; x_wconf 86' lang='lat' dir='ltr'><strong>acciderat,</strong></span> <span class='ocrx_word' id='word_1_261' title='bbox 1816 3456 2174 3524; x_wconf 88' lang='lat' dir='ltr'><strong>referebam</strong></span> 
     </span>
     <span class='ocr_line' id='line_1_33' title="bbox 156 3553 557 3621; baseline 0.022 -10"><span class='ocrx_word' id='word_1_262' title='bbox 156 3562 238 3611; x_wconf 82' lang='lat' dir='ltr'><strong>me</strong></span> <span class='ocrx_word' id='word_1_263' title='bbox 267 3572 301 3614; x_wconf 85' lang='lat' dir='ltr'><strong>a</strong></span> <span class='ocrx_word' id='word_1_264' title='bbox 370 3553 557 3621; x_wconf 76' lang='lat' dir='ltr'><strong>illud:</strong></span> 
     </span>
    </p>
   </div>
   <div class='ocr_carea' id='block_1_7' title="bbox 221 3658 1256 3734">
    <p class='ocr_par' dir='ltr' id='par_1_7' title="bbox 221 3658 1256 3734">
     <span class='ocr_line' id='line_1_34' title="bbox 221 3658 1256 3734; baseline 0.008 -8"><span class='ocrx_word' id='word_1_265' title='bbox 221 3658 566 3733; x_wconf 82' lang='lat' dir='ltr'><strong>incredibile</strong></span> <span class='ocrx_word' id='word_1_266' title='bbox 598 3672 720 3733; x_wconf 86' lang='lat' dir='ltr'><strong>hoc</strong></span> <span class='ocrx_word' id='word_1_267' title='bbox 754 3668 932 3734; x_wconf 84' lang='lat' dir='ltr'><strong>factu</strong></span> <span class='ocrx_word' id='word_1_268' title='bbox 966 3670 1256 3734; x_wconf 85' lang='lat' dir='ltr'><strong>obicitur.</strong></span> 
     </span>
    </p>
   </div>
   <div class='ocr_carea' id='block_1_8' title="bbox 159 3776 2175 4044">
    <p class='ocr_par' dir='ltr' id='par_1_8' title="bbox 159 3776 2175 4033">
     <span class='ocr_line' id='line_1_35' title="bbox 159 3776 2172 3864; baseline -0.001 -24"><span class='ocrx_word' id='word_1_269' title='bbox 159 3786 377 3854; x_wconf 78' lang='lat' dir='ltr'><strong>repente</strong></span> <span class='ocrx_word' id='word_1_270' title='bbox 426 3801 577 3845; x_wconf 84' lang='lat' dir='ltr'><strong>vero</strong></span> <span class='ocrx_word' id='word_1_271' title='bbox 630 3780 888 3864; x_wconf 86' lang='lat' dir='ltr'><strong>‘incessi</strong></span> <span class='ocrx_word' id='word_1_272' title='bbox 932 3781 1229 3847; x_wconf 86' lang='lat' dir='ltr'><strong>omnibus</strong></span> <span class='ocrx_word' id='word_1_273' title='bbox 1281 3781 1535 3847; x_wconf 88' lang='lat' dir='ltr'><strong>laetitiis</strong></span> <span class='ocrx_word' id='word_1_274' title='bbox 1584 3778 1832 3844; x_wconf 87' lang='lat' dir='ltr'><strong>laetus.’</strong></span> <span class='ocrx_word' id='word_1_275' title='bbox 1922 3776 1989 3839; x_wconf 92' lang='lat' dir='ltr'><strong>in</strong></span> <span class='ocrx_word' id='word_1_276' title='bbox 2043 3796 2172 3858; x_wconf 89' lang='lat' dir='ltr'><strong>quo</strong></span> 
     </span>
     <span class='ocr_line' id='line_1_36' title="bbox 161 3867 2175 3972; baseline 0.001 -43"><span class='ocrx_word' id='word_1_277' title='bbox 161 3880 278 3928; x_wconf 77' lang='lat' dir='ltr'><strong>oum</strong></span> <span class='ocrx_word' id='word_1_278' title='bbox 298 3867 680 3961; x_wconf 77' lang='lat' dir='ltr'><strong>obiurgaret,</strong></span> <span class='ocrx_word' id='word_1_279' title='bbox 716 3874 892 3959; x_wconf 85' lang='lat' dir='ltr'><strong>quod</strong></span> <span class='ocrx_word' id='word_1_280' title='bbox 925 3874 1122 3939; x_wconf 89' lang='lat' dir='ltr'><strong>nimio</strong></span> <span class='ocrx_word' id='word_1_281' title='bbox 1159 3875 1395 3961; x_wconf 83' lang='lat' dir='ltr'><strong>gaudio</strong></span> <span class='ocrx_word' id='word_1_282' title='bbox 1432 3894 1637 3958; x_wconf 88' lang='lat' dir='ltr'><strong>paene</strong></span> <span class='ocrx_word' id='word_1_283' title='bbox 1659 3869 2045 3972; x_wconf 86' lang='lat' dir='ltr'><strong>desiperem,</strong></span> <span class='ocrx_word' id='word_1_284' title='bbox 2080 3867 2175 3932; x_wconf 87' lang='lat' dir='ltr'><strong>ita</strong></span> 
     </span>
     <span class='ocr_line' id='line_1_37' title="bbox 163 3958 708 4044; baseline 0.019 -20"><span class='ocrx_word' id='word_1_285' title='bbox 163 3973 244 4021; x_wconf 80' lang='lat' dir='ltr'><strong>me</strong></span> <span class='ocrx_word' id='word_1_286' title='bbox 273 3958 708 4044; x_wconf 85' lang='lat' dir='ltr'><strong>defendebam.</strong></span> 
     </span>
    </p>
   </div>
   <div class='ocr_carea' id='block_1_9' title="bbox 169 4076 1821 4228">
    <p class='ocr_par' dir='ltr' id='par_1_9' title="bbox 169 4076 1821 4228">
     <span class='ocr_line' id='line_1_38' title="bbox 229 4076 1417 4165; baseline 0.003 -27"><span class='ocrx_word' id='word_1_287' title='bbox 229 4088 336 4154; x_wconf 82' lang='lat' dir='ltr'><strong>ego</strong></span> <span class='ocrx_word' id='word_1_288' title='bbox 365 4077 752 4165; x_wconf 83' lang='lat' dir='ltr'><strong>voluptatem</strong></span> <span class='ocrx_word' id='word_1_289' title='bbox 789 4078 982 4145; x_wconf 86' lang='lat' dir='ltr'><strong>animi</strong></span> <span class='ocrx_word' id='word_1_290' title='bbox 1017 4076 1280 4144; x_wconf 87' lang='lat' dir='ltr'><strong>nimiam</strong></span> <span class='ocrx_word' id='word_1_291' title='bbox 1316 4122 1333 4139; x_wconf 94' lang='lat'><strong>.</strong></span> <span class='ocrx_word' id='word_1_292' title='bbox 1358 4122 1377 4140; x_wconf 92' lang='lat'><strong>.</strong></span> <span class='ocrx_word' id='word_1_293' title='bbox 1398 4120 1417 4141; x_wconf 85' lang='lat'><strong>.</strong></span> 
     </span>
     <span class='ocr_line' id='line_1_39' title="bbox 169 4168 1821 4228; baseline 0.004 -9"><span class='ocrx_word' id='word_1_294' title='bbox 169 4212 176 4219; x_wconf 90' lang='lat'><strong>.</strong></span> <span class='ocrx_word' id='word_1_295' title='bbox 248 4168 441 4221; x_wconf 68' lang='lat' dir='ltr'><strong>Ciceronis</strong></span> <span class='ocrx_word' id='word_1_296' title='bbox 467 4180 547 4225; x_wconf 77' lang='lat' dir='ltr'><strong>vol.</strong></span> <span class='ocrx_word' id='word_1_297' title='bbox 573 4179 648 4228; x_wconf 73' lang='lat' dir='ltr'><strong>IX.</strong></span> <span class='ocrx_word' id='word_1_298' title='bbox 831 4194 835 4199; x_wconf 82' lang='lat'><strong>·</strong></span> <span class='ocrx_word' id='word_1_299' title='bbox 1782 4170 1821 4225; x_wconf 82' lang='lat'><strong>3</strong></span> 
     </span>
    </p>
   </div>
  </div>
 </body>
</html>
